{"symbol": "CPAY", "annualReports": [{"fiscalDateEnding": "2024-12-31", "reportedCurrency": "USD", "grossProfit": "3105504000", "totalRevenue": "3974589000", "costOfRevenue": "869085000", "costofGoodsAndServicesSold": "869085000", "operatingIncome": "1787157000", "sellingGeneralAndAdministrative": "616874000", "researchAndDevelopment": "None", "operatingExpenses": "1318347000", "investmentIncomeNet": "None", "netInterestIncome": "-383043000", "interestIncome": "None", "interestExpense": "383043000", "nonInterestIncome": "None", "otherNonOperatingIncome": "None", "depreciation": "None", "depreciationAndAmortization": "351088000", "incomeBeforeTax": "1385113000", "incomeTaxExpense": "381381000", "interestAndDebtExpense": "None", "netIncomeFromContinuingOperations": "1003732000", "comprehensiveIncomeNetOfTax": "None", "ebit": "1768156000", "ebitda": "2119244000", "netIncome": "1003746000"}, {"fiscalDateEnding": "2023-12-31", "reportedCurrency": "USD", "grossProfit": "2937811000", "totalRevenue": "3757719000", "costOfRevenue": "819908000", "costofGoodsAndServicesSold": "819908000", "operatingIncome": "1656873000", "sellingGeneralAndAdministrative": "603424000", "researchAndDevelopment": "None", "operatingExpenses": "1264315000", "investmentIncomeNet": "None", "netInterestIncome": "-348607000", "interestIncome": "None", "interestExpense": "348607000", "nonInterestIncome": "None", "otherNonOperatingIncome": "None", "depreciation": "None", "depreciationAndAmortization": "336604000", "incomeBeforeTax": "1325005000", "incomeTaxExpense": "343115000", "interestAndDebtExpense": "None", "netIncomeFromContinuingOperations": "981890000", "comprehensiveIncomeNetOfTax": "None", "ebit": "1672391000", "ebitda": "2008995000", "netIncome": "981890000"}, {"fiscalDateEnding": "2022-12-31", "reportedCurrency": "USD", "grossProfit": "2662422000", "totalRevenue": "3427129000", "costOfRevenue": "764707000", "costofGoodsAndServicesSold": "764707000", "operatingIncome": "1446641000", "sellingGeneralAndAdministrative": "584135000", "researchAndDevelopment": "None", "operatingExpenses": "1215781000", "investmentIncomeNet": "None", "netInterestIncome": "-164662000", "interestIncome": "None", "interestExpense": "164662000", "nonInterestIncome": "None", "otherNonOperatingIncome": "None", "depreciation": "None", "depreciationAndAmortization": "319210000", "incomeBeforeTax": "1275660000", "incomeTaxExpense": "321333000", "interestAndDebtExpense": "None", "netIncomeFromContinuingOperations": "954327000", "comprehensiveIncomeNetOfTax": "None", "ebit": "1451322000", "ebitda": "1770532000", "netIncome": "954327000"}, {"fiscalDateEnding": "2021-12-31", "reportedCurrency": "USD", "grossProfit": "2273917000", "totalRevenue": "2833736000", "costOfRevenue": "559819000", "costofGoodsAndServicesSold": "559819000", "operatingIncome": "1242556000", "sellingGeneralAndAdministrative": "485830000", "researchAndDevelopment": "None", "operatingExpenses": "1031361000", "investmentIncomeNet": "None", "netInterestIncome": "-113705000", "interestIncome": "None", "interestExpense": "113705000", "nonInterestIncome": "None", "otherNonOperatingIncome": "None", "depreciation": "None", "depreciationAndAmortization": "281071000", "incomeBeforeTax": "1108808000", "incomeTaxExpense": "269311000", "interestAndDebtExpense": "None", "netIncomeFromContinuingOperations": "839497000", "comprehensiveIncomeNetOfTax": "None", "ebit": "1225639000", "ebitda": "1506710000", "netIncome": "839497000"}, {"fiscalDateEnding": "2020-12-31", "reportedCurrency": "USD", "grossProfit": "1792492000", "totalRevenue": "2388855000", "costOfRevenue": "596363000", "costofGoodsAndServicesSold": "596363000", "operatingIncome": "972265000", "sellingGeneralAndAdministrative": "374678000", "researchAndDevelopment": "40200000", "operatingExpenses": "820227000", "investmentIncomeNet": "None", "netInterestIncome": "-129803000", "interestIncome": "None", "interestExpense": "129803000", "nonInterestIncome": "None", "otherNonOperatingIncome": "None", "depreciation": "None", "depreciationAndAmortization": "249381000", "incomeBeforeTax": "882525000", "incomeTaxExpense": "178309000", "interestAndDebtExpense": "None", "netIncomeFromContinuingOperations": "704216000", "comprehensiveIncomeNetOfTax": "None", "ebit": "1017749000", "ebitda": "1267130000", "netIncome": "704216000"}, {"fiscalDateEnding": "2019-12-31", "reportedCurrency": "None", "grossProfit": "1922804000", "totalRevenue": "2648848000", "costOfRevenue": "726044000", "costofGoodsAndServicesSold": "726044000", "operatingIncome": "1234767000", "sellingGeneralAndAdministrative": "407210000", "researchAndDevelopment": "37200000", "operatingExpenses": "688037000", "investmentIncomeNet": "None", "netInterestIncome": "None", "interestIncome": "None", "interestExpense": "150048000", "nonInterestIncome": "None", "otherNonOperatingIncome": "None", "depreciation": "None", "depreciationAndAmortization": "269684000", "incomeBeforeTax": "1077819000", "incomeTaxExpense": "182746000", "interestAndDebtExpense": "None", "netIncomeFromContinuingOperations": "None", "comprehensiveIncomeNetOfTax": "None", "ebit": "1222067000", "ebitda": "1491751000", "netIncome": "895073000"}, {"fiscalDateEnding": "2018-12-31", "reportedCurrency": "None", "grossProfit": "1740908000", "totalRevenue": "2433492000", "costOfRevenue": "692584000", "costofGoodsAndServicesSold": "692584000", "operatingIncome": "1104423000", "sellingGeneralAndAdministrative": "389172000", "researchAndDevelopment": "24200000", "operatingExpenses": "636485000", "investmentIncomeNet": "None", "netInterestIncome": "None", "interestIncome": "None", "interestExpense": "138494000", "nonInterestIncome": "None", "otherNonOperatingIncome": "None", "depreciation": "None", "depreciationAndAmortization": "269266000", "incomeBeforeTax": "1095125000", "incomeTaxExpense": "283642000", "interestAndDebtExpense": "None", "netIncomeFromContinuingOperations": "None", "comprehensiveIncomeNetOfTax": "None", "ebit": "1233619000", "ebitda": "1502885000", "netIncome": "811483000"}, {"fiscalDateEnding": "2017-12-31", "reportedCurrency": "None", "grossProfit": "1493201000", "totalRevenue": "2249538000", "costOfRevenue": "756337000", "costofGoodsAndServicesSold": "756337000", "operatingIncome": "883821000", "sellingGeneralAndAdministrative": "387694000", "researchAndDevelopment": "21800000", "operatingExpenses": "609380000", "investmentIncomeNet": "None", "netInterestIncome": "None", "interestIncome": "None", "interestExpense": "107146000", "nonInterestIncome": "None", "otherNonOperatingIncome": "None", "depreciation": "None", "depreciationAndAmortization": "258447999", "incomeBeforeTax": "893590000", "incomeTaxExpense": "153390000", "interestAndDebtExpense": "None", "netIncomeFromContinuingOperations": "None", "comprehensiveIncomeNetOfTax": "None", "ebit": "883821001", "ebitda": "1142269000", "netIncome": "740200000"}, {"fiscalDateEnding": "2016-12-31", "reportedCurrency": "None", "grossProfit": "1209581000", "totalRevenue": "1831546000", "costOfRevenue": "621965000", "costofGoodsAndServicesSold": "621965000", "operatingIncome": "753463000", "sellingGeneralAndAdministrative": "283625000", "researchAndDevelopment": "17700000", "operatingExpenses": "456118000", "investmentIncomeNet": "None", "netInterestIncome": "None", "interestIncome": "None", "interestExpense": "71896000", "nonInterestIncome": "None", "otherNonOperatingIncome": "None", "depreciation": "None", "depreciationAndAmortization": "198091000", "incomeBeforeTax": "642919000", "incomeTaxExpense": "190534000", "interestAndDebtExpense": "None", "netIncomeFromContinuingOperations": "None", "comprehensiveIncomeNetOfTax": "None", "ebit": "714815000", "ebitda": "912906000", "netIncome": "452385000"}, {"fiscalDateEnding": "2015-12-31", "reportedCurrency": "None", "grossProfit": "1263535000", "totalRevenue": "1702865000", "costOfRevenue": "439330000", "costofGoodsAndServicesSold": "439330000", "operatingIncome": "667534000", "sellingGeneralAndAdministrative": "297715000", "researchAndDevelopment": "11600000", "operatingExpenses": "656192000", "investmentIncomeNet": "None", "netInterestIncome": "None", "interestIncome": "None", "interestExpense": "71339000", "nonInterestIncome": "None", "otherNonOperatingIncome": "None", "depreciation": "None", "depreciationAndAmortization": "178602000", "incomeBeforeTax": "536004000", "incomeTaxExpense": "173573000", "interestAndDebtExpense": "None", "netIncomeFromContinuingOperations": "None", "comprehensiveIncomeNetOfTax": "None", "ebit": "618943000", "ebitda": "797545000", "netIncome": "362431000"}, {"fiscalDateEnding": "2014-12-31", "reportedCurrency": "None", "grossProfit": "929799000", "totalRevenue": "1199390000", "costOfRevenue": "269591000", "costofGoodsAndServicesSold": "269591000", "operatingIncome": "535948999", "sellingGeneralAndAdministrative": "205963000", "researchAndDevelopment": "9200000", "operatingExpenses": "388000000", "investmentIncomeNet": "None", "netInterestIncome": "None", "interestIncome": "None", "interestExpense": "28856000", "nonInterestIncome": "None", "otherNonOperatingIncome": "None", "depreciation": "None", "depreciationAndAmortization": "98046001", "incomeBeforeTax": "512943000", "incomeTaxExpense": "144236000", "interestAndDebtExpense": "None", "netIncomeFromContinuingOperations": "None", "comprehensiveIncomeNetOfTax": "None", "ebit": "556113999", "ebitda": "654160000", "netIncome": "368707000"}, {"fiscalDateEnding": "2013-12-31", "reportedCurrency": "None", "grossProfit": "692998000", "totalRevenue": "895171000", "costOfRevenue": "202173000", "costofGoodsAndServicesSold": "202173000", "operatingIncome": "426632000", "sellingGeneralAndAdministrative": "136283000", "researchAndDevelopment": "7300000", "operatingExpenses": "272968000", "investmentIncomeNet": "None", "netInterestIncome": "None", "interestIncome": "None", "interestExpense": "16461000", "nonInterestIncome": "None", "otherNonOperatingIncome": "None", "depreciation": "None", "depreciationAndAmortization": "58898000", "incomeBeforeTax": "403569000", "incomeTaxExpense": "119068000", "interestAndDebtExpense": "None", "netIncomeFromContinuingOperations": "None", "comprehensiveIncomeNetOfTax": "None", "ebit": "433869000", "ebitda": "492767000", "netIncome": "284501000"}], "quarterlyReports": [{"fiscalDateEnding": "2024-12-31", "reportedCurrency": "USD", "grossProfit": "1034431000", "totalRevenue": "1034431000", "costOfRevenue": "228780000", "costofGoodsAndServicesSold": "228780000", "operatingIncome": "488348000", "sellingGeneralAndAdministrative": "158176000", "researchAndDevelopment": "None", "operatingExpenses": "546083000", "investmentIncomeNet": "None", "netInterestIncome": "-94837000", "interestIncome": "None", "interestExpense": "94837000", "nonInterestIncome": "None", "otherNonOperatingIncome": "None", "depreciation": "None", "depreciationAndAmortization": "92440000", "incomeBeforeTax": "387338000", "incomeTaxExpense": "141334000", "interestAndDebtExpense": "None", "netIncomeFromContinuingOperations": "246004000", "comprehensiveIncomeNetOfTax": "None", "ebit": "482175000", "ebitda": "574615000", "netIncome": "245955000"}, {"fiscalDateEnding": "2024-09-30", "reportedCurrency": "USD", "grossProfit": "805502000", "totalRevenue": "1029197000", "costOfRevenue": "223695000", "costofGoodsAndServicesSold": "223695000", "operatingIncome": "468132000", "sellingGeneralAndAdministrative": "153659000", "researchAndDevelopment": "None", "operatingExpenses": "337370000", "investmentIncomeNet": "None", "netInterestIncome": "-104441000", "interestIncome": "None", "interestExpense": "104441000", "nonInterestIncome": "None", "otherNonOperatingIncome": "None", "depreciation": "None", "depreciationAndAmortization": "89546000", "incomeBeforeTax": "358283000", "incomeTaxExpense": "82021000", "interestAndDebtExpense": "None", "netIncomeFromContinuingOperations": "276262000", "comprehensiveIncomeNetOfTax": "None", "ebit": "462724000", "ebitda": "552270000", "netIncome": "276397000"}, {"fiscalDateEnding": "2024-06-30", "reportedCurrency": "USD", "grossProfit": "710342000", "totalRevenue": "975710000", "costOfRevenue": "265368000", "costofGoodsAndServicesSold": "265368000", "operatingIncome": "442348000", "sellingGeneralAndAdministrative": "153777000", "researchAndDevelopment": "None", "operatingExpenses": "267994000", "investmentIncomeNet": "None", "netInterestIncome": "-94677000", "interestIncome": "None", "interestExpense": "94677000", "nonInterestIncome": "None", "otherNonOperatingIncome": "None", "depreciation": "None", "depreciationAndAmortization": "84312000", "incomeBeforeTax": "334202000", "incomeTaxExpense": "82539000", "interestAndDebtExpense": "None", "netIncomeFromContinuingOperations": "251663000", "comprehensiveIncomeNetOfTax": "None", "ebit": "428879000", "ebitda": "513191000", "netIncome": "251625000"}, {"fiscalDateEnding": "2024-03-31", "reportedCurrency": "USD", "grossProfit": "668451000", "totalRevenue": "935251000", "costOfRevenue": "266800000", "costofGoodsAndServicesSold": "266800000", "operatingIncome": "406247000", "sellingGeneralAndAdministrative": "151262000", "researchAndDevelopment": "None", "operatingExpenses": "262204000", "investmentIncomeNet": "None", "netInterestIncome": "-89088000", "interestIncome": "None", "interestExpense": "89088000", "nonInterestIncome": "None", "otherNonOperatingIncome": "None", "depreciation": "None", "depreciationAndAmortization": "84731000", "incomeBeforeTax": "305290000", "incomeTaxExpense": "75487000", "interestAndDebtExpense": "None", "netIncomeFromContinuingOperations": "229803000", "comprehensiveIncomeNetOfTax": "None", "ebit": "394378000", "ebitda": "479109000", "netIncome": "229769000"}, {"fiscalDateEnding": "2023-12-31", "reportedCurrency": "USD", "grossProfit": "735861000", "totalRevenue": "937320000", "costOfRevenue": "201459000", "costofGoodsAndServicesSold": "201459000", "operatingIncome": "424051000", "sellingGeneralAndAdministrative": "141545000", "researchAndDevelopment": "None", "operatingExpenses": "311810000", "investmentIncomeNet": "None", "netInterestIncome": "-92041000", "interestIncome": "None", "interestExpense": "92041000", "nonInterestIncome": "None", "otherNonOperatingIncome": "None", "depreciation": "None", "depreciationAndAmortization": "83855000", "incomeBeforeTax": "333497000", "incomeTaxExpense": "77640000", "interestAndDebtExpense": "None", "netIncomeFromContinuingOperations": "255857000", "comprehensiveIncomeNetOfTax": "None", "ebit": "425538000", "ebitda": "509393000", "netIncome": "255857000"}, {"fiscalDateEnding": "2023-09-30", "reportedCurrency": "USD", "grossProfit": "762675000", "totalRevenue": "970892000", "costOfRevenue": "208217000", "costofGoodsAndServicesSold": "208217000", "operatingIncome": "444977000", "sellingGeneralAndAdministrative": "147839000", "researchAndDevelopment": "None", "operatingExpenses": "317698000", "investmentIncomeNet": "None", "netInterestIncome": "-88285000", "interestIncome": "None", "interestExpense": "88285000", "nonInterestIncome": "None", "otherNonOperatingIncome": "None", "depreciation": "None", "depreciationAndAmortization": "84489000", "incomeBeforeTax": "370094000", "incomeTaxExpense": "98598000", "interestAndDebtExpense": "None", "netIncomeFromContinuingOperations": "271496000", "comprehensiveIncomeNetOfTax": "None", "ebit": "458379000", "ebitda": "542868000", "netIncome": "271496000"}, {"fiscalDateEnding": "2023-06-30", "reportedCurrency": "USD", "grossProfit": "742909000", "totalRevenue": "948174000", "costOfRevenue": "205265000", "costofGoodsAndServicesSold": "205265000", "operatingIncome": "412650000", "sellingGeneralAndAdministrative": "159356000", "researchAndDevelopment": "None", "operatingExpenses": "330259000", "investmentIncomeNet": "None", "netInterestIncome": "-88486000", "interestIncome": "None", "interestExpense": "88486000", "nonInterestIncome": "None", "otherNonOperatingIncome": "None", "depreciation": "None", "depreciationAndAmortization": "83359000", "incomeBeforeTax": "326570000", "incomeTaxExpense": "86868000", "interestAndDebtExpense": "None", "netIncomeFromContinuingOperations": "239702000", "comprehensiveIncomeNetOfTax": "None", "ebit": "415056000", "ebitda": "498415000", "netIncome": "239702000"}, {"fiscalDateEnding": "2023-03-31", "reportedCurrency": "USD", "grossProfit": "696366000", "totalRevenue": "901333000", "costOfRevenue": "204967000", "costofGoodsAndServicesSold": "204967000", "operatingIncome": "375195000", "sellingGeneralAndAdministrative": "154684000", "researchAndDevelopment": "None", "operatingExpenses": "321171000", "investmentIncomeNet": "None", "netInterestIncome": "-79795000", "interestIncome": "None", "interestExpense": "79795000", "nonInterestIncome": "None", "otherNonOperatingIncome": "None", "depreciation": "None", "depreciationAndAmortization": "83680000", "incomeBeforeTax": "294844000", "incomeTaxExpense": "80009000", "interestAndDebtExpense": "None", "netIncomeFromContinuingOperations": "214835000", "comprehensiveIncomeNetOfTax": "None", "ebit": "374639000", "ebitda": "458319000", "netIncome": "214835000"}, {"fiscalDateEnding": "2022-12-31", "reportedCurrency": "None", "grossProfit": "592956000", "totalRevenue": "883610000", "costOfRevenue": "290654000", "costofGoodsAndServicesSold": "290654000", "operatingIncome": "379714000", "sellingGeneralAndAdministrative": "143873000", "researchAndDevelopment": "None", "operatingExpenses": "213242000", "investmentIncomeNet": "None", "netInterestIncome": "None", "interestIncome": "None", "interestExpense": "74152000", "nonInterestIncome": "None", "otherNonOperatingIncome": "None", "depreciation": "None", "depreciationAndAmortization": "89044000", "incomeBeforeTax": "297439000", "incomeTaxExpense": "72120000", "interestAndDebtExpense": "None", "netIncomeFromContinuingOperations": "None", "comprehensiveIncomeNetOfTax": "None", "ebit": "371591000", "ebitda": "460635000", "netIncome": "225319000"}, {"fiscalDateEnding": "2022-09-30", "reportedCurrency": "None", "grossProfit": "650474000", "totalRevenue": "893000000", "costOfRevenue": "242526000", "costofGoodsAndServicesSold": "242526000", "operatingIncome": "394541000", "sellingGeneralAndAdministrative": "149294000", "researchAndDevelopment": "None", "operatingExpenses": "255933000", "investmentIncomeNet": "None", "netInterestIncome": "None", "interestIncome": "None", "interestExpense": "45410000", "nonInterestIncome": "None", "otherNonOperatingIncome": "None", "depreciation": "None", "depreciationAndAmortization": "76483000", "incomeBeforeTax": "339898000", "incomeTaxExpense": "91013000", "interestAndDebtExpense": "None", "netIncomeFromContinuingOperations": "None", "comprehensiveIncomeNetOfTax": "None", "ebit": "385308000", "ebitda": "461791000", "netIncome": "248885000"}, {"fiscalDateEnding": "2022-06-30", "reportedCurrency": "None", "grossProfit": "625273000", "totalRevenue": "861278000", "costOfRevenue": "236005000", "costofGoodsAndServicesSold": "236005000", "operatingIncome": "374166000", "sellingGeneralAndAdministrative": "147446000", "researchAndDevelopment": "None", "operatingExpenses": "251107000", "investmentIncomeNet": "None", "netInterestIncome": "None", "interestIncome": "None", "interestExpense": "23070000", "nonInterestIncome": "None", "otherNonOperatingIncome": "None", "depreciation": "None", "depreciationAndAmortization": "77643000", "incomeBeforeTax": "343653000", "incomeTaxExpense": "81482000", "interestAndDebtExpense": "None", "netIncomeFromContinuingOperations": "None", "comprehensiveIncomeNetOfTax": "None", "ebit": "366723000", "ebitda": "444366000", "netIncome": "262171000"}, {"fiscalDateEnding": "2022-03-31", "reportedCurrency": "None", "grossProfit": "564485000", "totalRevenue": "789241000", "costOfRevenue": "224756000", "costofGoodsAndServicesSold": "224756000", "operatingIncome": "324087000", "sellingGeneralAndAdministrative": "143522000", "researchAndDevelopment": "None", "operatingExpenses": "240398000", "investmentIncomeNet": "None", "netInterestIncome": "None", "interestIncome": "None", "interestExpense": "22030000", "nonInterestIncome": "None", "otherNonOperatingIncome": "None", "depreciation": "None", "depreciationAndAmortization": "76040000", "incomeBeforeTax": "294670000", "incomeTaxExpense": "76718000", "interestAndDebtExpense": "None", "netIncomeFromContinuingOperations": "None", "comprehensiveIncomeNetOfTax": "None", "ebit": "316700000", "ebitda": "392740000", "netIncome": "217952000"}, {"fiscalDateEnding": "2021-12-31", "reportedCurrency": "None", "grossProfit": "574956000", "totalRevenue": "802255000", "costOfRevenue": "227299000", "costofGoodsAndServicesSold": "227299000", "operatingIncome": "351747000", "sellingGeneralAndAdministrative": "140675000", "researchAndDevelopment": "46700000", "operatingExpenses": "223209000", "investmentIncomeNet": "None", "netInterestIncome": "None", "interestIncome": "None", "interestExpense": "21436000", "nonInterestIncome": "None", "otherNonOperatingIncome": "None", "depreciation": "None", "depreciationAndAmortization": "74266000", "incomeBeforeTax": "302487000", "incomeTaxExpense": "77483000", "interestAndDebtExpense": "None", "netIncomeFromContinuingOperations": "None", "comprehensiveIncomeNetOfTax": "None", "ebit": "330153000", "ebitda": "404419000", "netIncome": "225004000"}, {"fiscalDateEnding": "2021-09-30", "reportedCurrency": "None", "grossProfit": "543400000", "totalRevenue": "755477000", "costOfRevenue": "212077000", "costofGoodsAndServicesSold": "212077000", "operatingIncome": "344757000", "sellingGeneralAndAdministrative": "121785000", "researchAndDevelopment": "None", "operatingExpenses": "198643000", "investmentIncomeNet": "None", "netInterestIncome": "None", "interestIncome": "None", "interestExpense": "29033000", "nonInterestIncome": "None", "otherNonOperatingIncome": "None", "depreciation": "None", "depreciationAndAmortization": "73411000", "incomeBeforeTax": "308122000", "incomeTaxExpense": "74115000", "interestAndDebtExpense": "None", "netIncomeFromContinuingOperations": "None", "comprehensiveIncomeNetOfTax": "None", "ebit": "337155000", "ebitda": "410566000", "netIncome": "234007000"}, {"fiscalDateEnding": "2021-06-30", "reportedCurrency": "None", "grossProfit": "482661000", "totalRevenue": "667381000", "costOfRevenue": "184720000", "costofGoodsAndServicesSold": "184720000", "operatingIncome": "310912000", "sellingGeneralAndAdministrative": "115008000", "researchAndDevelopment": "None", "operatingExpenses": "171749000", "investmentIncomeNet": "None", "netInterestIncome": "None", "interestIncome": "None", "interestExpense": "34685000", "nonInterestIncome": "None", "otherNonOperatingIncome": "None", "depreciation": "None", "depreciationAndAmortization": "68470000", "incomeBeforeTax": "262519000", "incomeTaxExpense": "66272000", "interestAndDebtExpense": "None", "netIncomeFromContinuingOperations": "None", "comprehensiveIncomeNetOfTax": "None", "ebit": "297204000", "ebitda": "365674000", "netIncome": "196247000"}, {"fiscalDateEnding": "2021-03-31", "reportedCurrency": "None", "grossProfit": "492195000", "totalRevenue": "608623000", "costOfRevenue": "116428000", "costofGoodsAndServicesSold": "116428000", "operatingIncome": "265964999", "sellingGeneralAndAdministrative": "108362000", "researchAndDevelopment": "None", "operatingExpenses": "227973000", "investmentIncomeNet": "None", "netInterestIncome": "None", "interestIncome": "None", "interestExpense": "28551000", "nonInterestIncome": "None", "otherNonOperatingIncome": "None", "depreciation": "None", "depreciationAndAmortization": "64924001", "incomeBeforeTax": "235680000", "incomeTaxExpense": "51441000", "interestAndDebtExpense": "None", "netIncomeFromContinuingOperations": "None", "comprehensiveIncomeNetOfTax": "None", "ebit": "264230999", "ebitda": "329155000", "netIncome": "184239000"}, {"fiscalDateEnding": "2020-12-31", "reportedCurrency": "None", "grossProfit": "495819000", "totalRevenue": "617333000", "costOfRevenue": "121514000", "costofGoodsAndServicesSold": "121514000", "operatingIncome": "294239000", "sellingGeneralAndAdministrative": "90961000", "researchAndDevelopment": "40200000", "operatingExpenses": "202302000", "investmentIncomeNet": "None", "netInterestIncome": "None", "interestIncome": "None", "interestExpense": "30329000", "nonInterestIncome": "None", "otherNonOperatingIncome": "None", "depreciation": "None", "depreciationAndAmortization": "22231000", "incomeBeforeTax": "263188000", "incomeTaxExpense": "53337000", "interestAndDebtExpense": "None", "netIncomeFromContinuingOperations": "None", "comprehensiveIncomeNetOfTax": "None", "ebit": "294239000", "ebitda": "316470000", "netIncome": "209851000"}, {"fiscalDateEnding": "2020-09-30", "reportedCurrency": "None", "grossProfit": "465427000", "totalRevenue": "585283000", "costOfRevenue": "119856000", "costofGoodsAndServicesSold": "119856000", "operatingIncome": "264531999", "sellingGeneralAndAdministrative": "90868000", "researchAndDevelopment": "None", "operatingExpenses": "198634000", "investmentIncomeNet": "None", "netInterestIncome": "None", "interestIncome": "None", "interestExpense": "31383000", "nonInterestIncome": "None", "otherNonOperatingIncome": "None", "depreciation": "None", "depreciationAndAmortization": "62543001", "incomeBeforeTax": "235410000", "incomeTaxExpense": "46593000", "interestAndDebtExpense": "None", "netIncomeFromContinuingOperations": "None", "comprehensiveIncomeNetOfTax": "None", "ebit": "267728999", "ebitda": "330272000", "netIncome": "188817000"}, {"fiscalDateEnding": "2020-06-30", "reportedCurrency": "None", "grossProfit": "403855999", "totalRevenue": "525145999", "costOfRevenue": "121290000", "costofGoodsAndServicesSold": "121290000", "operatingIncome": "212811000", "sellingGeneralAndAdministrative": "86739000", "researchAndDevelopment": "None", "operatingExpenses": "193525000", "investmentIncomeNet": "None", "netInterestIncome": "None", "interestIncome": "None", "interestExpense": "32412000", "nonInterestIncome": "None", "otherNonOperatingIncome": "None", "depreciation": "None", "depreciationAndAmortization": "61019000", "incomeBeforeTax": "211628000", "incomeTaxExpense": "53140000", "interestAndDebtExpense": "None", "netIncomeFromContinuingOperations": "None", "comprehensiveIncomeNetOfTax": "None", "ebit": "244040000", "ebitda": "305059000", "netIncome": "158488000"}, {"fiscalDateEnding": "2020-03-31", "reportedCurrency": "None", "grossProfit": "517448000", "totalRevenue": "661093000", "costOfRevenue": "143645000", "costofGoodsAndServicesSold": "143645000", "operatingIncome": "291041000", "sellingGeneralAndAdministrative": "106110000", "researchAndDevelopment": "None", "operatingExpenses": "309470000", "investmentIncomeNet": "None", "netInterestIncome": "None", "interestIncome": "None", "interestExpense": "35679000", "nonInterestIncome": "None", "otherNonOperatingIncome": "None", "depreciation": "None", "depreciationAndAmortization": "63388000", "incomeBeforeTax": "172299000", "incomeTaxExpense": "25239000", "interestAndDebtExpense": "None", "netIncomeFromContinuingOperations": "None", "comprehensiveIncomeNetOfTax": "None", "ebit": "207978000", "ebitda": "271366000", "netIncome": "147060000"}, {"fiscalDateEnding": "2019-12-31", "reportedCurrency": "None", "grossProfit": "552800000", "totalRevenue": "698881000", "costOfRevenue": "146081000", "costofGoodsAndServicesSold": "146081000", "operatingIncome": "322615000", "sellingGeneralAndAdministrative": "109592000", "researchAndDevelopment": "37200000", "operatingExpenses": "219279000", "investmentIncomeNet": "None", "netInterestIncome": "None", "interestIncome": "None", "interestExpense": "34960000", "nonInterestIncome": "None", "otherNonOperatingIncome": "None", "depreciation": "None", "depreciationAndAmortization": "30191000", "incomeBeforeTax": "298561000", "incomeTaxExpense": "63051000", "interestAndDebtExpense": "None", "netIncomeFromContinuingOperations": "None", "comprehensiveIncomeNetOfTax": "None", "ebit": "322615000", "ebitda": "352806000", "netIncome": "235510000"}, {"fiscalDateEnding": "2019-09-30", "reportedCurrency": "None", "grossProfit": "546032000", "totalRevenue": "681048000", "costOfRevenue": "135016000", "costofGoodsAndServicesSold": "135016000", "operatingIncome": "329141000", "sellingGeneralAndAdministrative": "98050000", "researchAndDevelopment": "None", "operatingExpenses": "216771000", "investmentIncomeNet": "None", "netInterestIncome": "None", "interestIncome": "None", "interestExpense": "36504000", "nonInterestIncome": "None", "otherNonOperatingIncome": "None", "depreciation": "None", "depreciationAndAmortization": "66253000", "incomeBeforeTax": "292757000", "incomeTaxExpense": "66952000", "interestAndDebtExpense": "None", "netIncomeFromContinuingOperations": "None", "comprehensiveIncomeNetOfTax": "None", "ebit": "329141000", "ebitda": "395394000", "netIncome": "225805000"}, {"fiscalDateEnding": "2019-06-30", "reportedCurrency": "None", "grossProfit": "526636000", "totalRevenue": "647094000", "costOfRevenue": "120458000", "costofGoodsAndServicesSold": "120458000", "operatingIncome": "297317000", "sellingGeneralAndAdministrative": "106784000", "researchAndDevelopment": "None", "operatingExpenses": "229846999", "investmentIncomeNet": "None", "netInterestIncome": "None", "interestIncome": "None", "interestExpense": "39529000", "nonInterestIncome": "None", "otherNonOperatingIncome": "None", "depreciation": "None", "depreciationAndAmortization": "69708000", "incomeBeforeTax": "257260000", "incomeTaxExpense": "4391000", "interestAndDebtExpense": "None", "netIncomeFromContinuingOperations": "None", "comprehensiveIncomeNetOfTax": "None", "ebit": "296589000", "ebitda": "366297000", "netIncome": "261651000"}, {"fiscalDateEnding": "2019-03-31", "reportedCurrency": "None", "grossProfit": "492711000", "totalRevenue": "621825000", "costOfRevenue": "129114000", "costofGoodsAndServicesSold": "129114000", "operatingIncome": "284176000", "sellingGeneralAndAdministrative": "92784000", "researchAndDevelopment": "None", "operatingExpenses": "224415000", "investmentIncomeNet": "None", "netInterestIncome": "None", "interestIncome": "None", "interestExpense": "39055000", "nonInterestIncome": "None", "otherNonOperatingIncome": "None", "depreciation": "None", "depreciationAndAmortization": "66332000", "incomeBeforeTax": "229241000", "incomeTaxExpense": "57134000", "interestAndDebtExpense": "None", "netIncomeFromContinuingOperations": "None", "comprehensiveIncomeNetOfTax": "None", "ebit": "268096000", "ebitda": "334428000", "netIncome": "172107000"}, {"fiscalDateEnding": "2018-12-31", "reportedCurrency": "None", "grossProfit": "511813000", "totalRevenue": "643422000", "costOfRevenue": "131609000", "costofGoodsAndServicesSold": "131609000", "operatingIncome": "293437000", "sellingGeneralAndAdministrative": "104314000", "researchAndDevelopment": "24200000", "operatingExpenses": "76543000", "investmentIncomeNet": "None", "netInterestIncome": "None", "interestIncome": "None", "interestExpense": "38207000", "nonInterestIncome": "None", "otherNonOperatingIncome": "None", "depreciation": "None", "depreciationAndAmortization": "37658000", "incomeBeforeTax": "397063000", "incomeTaxExpense": "95063000", "interestAndDebtExpense": "None", "netIncomeFromContinuingOperations": "None", "comprehensiveIncomeNetOfTax": "None", "ebit": "463701000", "ebitda": "501359000", "netIncome": "302000000"}, {"fiscalDateEnding": "2018-09-30", "reportedCurrency": "None", "grossProfit": "491186000", "totalRevenue": "619586000", "costOfRevenue": "128400000", "costofGoodsAndServicesSold": "128400000", "operatingIncome": "281090000", "sellingGeneralAndAdministrative": "98058000", "researchAndDevelopment": "None", "operatingExpenses": "217546000", "investmentIncomeNet": "None", "netInterestIncome": "None", "interestIncome": "None", "interestExpense": "36072000", "nonInterestIncome": "None", "otherNonOperatingIncome": "None", "depreciation": "None", "depreciationAndAmortization": "69845000", "incomeBeforeTax": "237568000", "incomeTaxExpense": "79874000", "interestAndDebtExpense": "None", "netIncomeFromContinuingOperations": "None", "comprehensiveIncomeNetOfTax": "None", "ebit": "269399000", "ebitda": "339244000", "netIncome": "157694000"}, {"fiscalDateEnding": "2018-06-30", "reportedCurrency": "None", "grossProfit": "473784000", "totalRevenue": "584985000", "costOfRevenue": "111201000", "costofGoodsAndServicesSold": "111201000", "operatingIncome": "264783000", "sellingGeneralAndAdministrative": "96431000", "researchAndDevelopment": "None", "operatingExpenses": "209459000", "investmentIncomeNet": "None", "netInterestIncome": "None", "interestIncome": "None", "interestExpense": "33150000", "nonInterestIncome": "None", "otherNonOperatingIncome": "None", "depreciation": "None", "depreciationAndAmortization": "67336000", "incomeBeforeTax": "231175000", "incomeTaxExpense": "54323000", "interestAndDebtExpense": "None", "netIncomeFromContinuingOperations": "None", "comprehensiveIncomeNetOfTax": "None", "ebit": "264329000", "ebitda": "331665000", "netIncome": "176852000"}, {"fiscalDateEnding": "2018-03-31", "reportedCurrency": "None", "grossProfit": "469015000", "totalRevenue": "585500000", "costOfRevenue": "116485000", "costofGoodsAndServicesSold": "116485000", "operatingIncome": "260087000", "sellingGeneralAndAdministrative": "90370000", "researchAndDevelopment": "None", "operatingExpenses": "208630999", "investmentIncomeNet": "None", "netInterestIncome": "None", "interestIncome": "None", "interestExpense": "31065000", "nonInterestIncome": "None", "otherNonOperatingIncome": "None", "depreciation": "None", "depreciationAndAmortization": "70197000", "incomeBeforeTax": "229319000", "incomeTaxExpense": "54382000", "interestAndDebtExpense": "None", "netIncomeFromContinuingOperations": "None", "comprehensiveIncomeNetOfTax": "None", "ebit": "260420000", "ebitda": "330617000", "netIncome": "174937000"}, {"fiscalDateEnding": "2017-12-31", "reportedCurrency": "None", "grossProfit": "466364000", "totalRevenue": "609991000", "costOfRevenue": "143627000", "costofGoodsAndServicesSold": "143627000", "operatingIncome": "240012000", "sellingGeneralAndAdministrative": "112599000", "researchAndDevelopment": "21800000", "operatingExpenses": "227208999", "investmentIncomeNet": "None", "netInterestIncome": "None", "interestIncome": "None", "interestExpense": "30824000", "nonInterestIncome": "None", "otherNonOperatingIncome": "None", "depreciation": "None", "depreciationAndAmortization": "42655000", "incomeBeforeTax": "208331000", "incomeTaxExpense": "74366000", "interestAndDebtExpense": "None", "netIncomeFromContinuingOperations": "None", "comprehensiveIncomeNetOfTax": "None", "ebit": "260955000", "ebitda": "303610000", "netIncome": "282697000"}, {"fiscalDateEnding": "2017-09-30", "reportedCurrency": "None", "grossProfit": "438907000", "totalRevenue": "577877000", "costOfRevenue": "138970000", "costofGoodsAndServicesSold": "138970000", "operatingIncome": "232637000", "sellingGeneralAndAdministrative": "92054000", "researchAndDevelopment": "None", "operatingExpenses": "82060999", "investmentIncomeNet": "None", "netInterestIncome": "None", "interestIncome": "None", "interestExpense": "29344000", "nonInterestIncome": "None", "otherNonOperatingIncome": "None", "depreciation": "None", "depreciationAndAmortization": "67506000", "incomeBeforeTax": "327502000", "incomeTaxExpense": "124679000", "interestAndDebtExpense": "None", "netIncomeFromContinuingOperations": "None", "comprehensiveIncomeNetOfTax": "None", "ebit": "356846000", "ebitda": "424352000", "netIncome": "202823000"}, {"fiscalDateEnding": "2017-06-30", "reportedCurrency": "None", "grossProfit": "407296000", "totalRevenue": "541237000", "costOfRevenue": "133941000", "costofGoodsAndServicesSold": "133941000", "operatingIncome": "216043000", "sellingGeneralAndAdministrative": "87587000", "researchAndDevelopment": "None", "operatingExpenses": "193055999", "investmentIncomeNet": "None", "netInterestIncome": "None", "interestIncome": "None", "interestExpense": "23851000", "nonInterestIncome": "None", "otherNonOperatingIncome": "None", "depreciation": "None", "depreciationAndAmortization": "63166000", "incomeBeforeTax": "190389000", "incomeTaxExpense": "59402000", "interestAndDebtExpense": "None", "netIncomeFromContinuingOperations": "None", "comprehensiveIncomeNetOfTax": "None", "ebit": "214239000", "ebitda": "277405000", "netIncome": "130987000"}, {"fiscalDateEnding": "2017-03-31", "reportedCurrency": "None", "grossProfit": "394225000", "totalRevenue": "520433000", "costOfRevenue": "126208000", "costofGoodsAndServicesSold": "126208000", "operatingIncome": "195068000", "sellingGeneralAndAdministrative": "95454000", "researchAndDevelopment": "None", "operatingExpenses": "203730000", "investmentIncomeNet": "None", "netInterestIncome": "None", "interestIncome": "None", "interestExpense": "23127000", "nonInterestIncome": "None", "otherNonOperatingIncome": "None", "depreciation": "None", "depreciationAndAmortization": "63321000", "incomeBeforeTax": "167368000", "incomeTaxExpense": "43675000", "interestAndDebtExpense": "None", "netIncomeFromContinuingOperations": "None", "comprehensiveIncomeNetOfTax": "None", "ebit": "190496000", "ebitda": "253817000", "netIncome": "123693000"}, {"fiscalDateEnding": "2016-12-31", "reportedCurrency": "None", "grossProfit": "390687000", "totalRevenue": "514953000", "costOfRevenue": "124266000", "costofGoodsAndServicesSold": "124266000", "operatingIncome": "215975000", "sellingGeneralAndAdministrative": "74541000", "researchAndDevelopment": "17700000", "operatingExpenses": "212994000", "investmentIncomeNet": "None", "netInterestIncome": "None", "interestIncome": "None", "interestExpense": "21991000", "nonInterestIncome": "None", "otherNonOperatingIncome": "None", "depreciation": "None", "depreciationAndAmortization": "42229999", "incomeBeforeTax": "153455000", "incomeTaxExpense": "58031000", "interestAndDebtExpense": "None", "netIncomeFromContinuingOperations": "None", "comprehensiveIncomeNetOfTax": "None", "ebit": "193146001", "ebitda": "235376000", "netIncome": "95424000"}, {"fiscalDateEnding": "2016-09-30", "reportedCurrency": "None", "grossProfit": "359979000", "totalRevenue": "484426000", "costOfRevenue": "124447000", "costofGoodsAndServicesSold": "124447000", "operatingIncome": "191055000", "sellingGeneralAndAdministrative": "77904000", "researchAndDevelopment": "None", "operatingExpenses": "171960999", "investmentIncomeNet": "None", "netInterestIncome": "None", "interestIncome": "None", "interestExpense": "17814000", "nonInterestIncome": "None", "otherNonOperatingIncome": "None", "depreciation": "None", "depreciationAndAmortization": "55736000", "incomeBeforeTax": "170204000", "incomeTaxExpense": "40586000", "interestAndDebtExpense": "None", "netIncomeFromContinuingOperations": "None", "comprehensiveIncomeNetOfTax": "None", "ebit": "188018000", "ebitda": "243754000", "netIncome": "129618000"}, {"fiscalDateEnding": "2016-06-30", "reportedCurrency": "None", "grossProfit": "314906000", "totalRevenue": "417905000", "costOfRevenue": "102999000", "costofGoodsAndServicesSold": "102999000", "operatingIncome": "171168000", "sellingGeneralAndAdministrative": "63586000", "researchAndDevelopment": "None", "operatingExpenses": "136658000", "investmentIncomeNet": "None", "netInterestIncome": "None", "interestIncome": "None", "interestExpense": "15900000", "nonInterestIncome": "None", "otherNonOperatingIncome": "None", "depreciation": "None", "depreciationAndAmortization": "47087000", "incomeBeforeTax": "162348000", "incomeTaxExpense": "46095000", "interestAndDebtExpense": "None", "netIncomeFromContinuingOperations": "None", "comprehensiveIncomeNetOfTax": "None", "ebit": "179597000", "ebitda": "226684000", "netIncome": "116253000"}, {"fiscalDateEnding": "2016-03-31", "reportedCurrency": "None", "grossProfit": "306215000", "totalRevenue": "414262000", "costOfRevenue": "108047000", "costofGoodsAndServicesSold": "108047000", "operatingIncome": "175955000", "sellingGeneralAndAdministrative": "67594000", "researchAndDevelopment": "None", "operatingExpenses": "133111999", "investmentIncomeNet": "None", "netInterestIncome": "None", "interestIncome": "None", "interestExpense": "16191000", "nonInterestIncome": "None", "otherNonOperatingIncome": "None", "depreciation": "None", "depreciationAndAmortization": "35338000", "incomeBeforeTax": "156912000", "incomeTaxExpense": "45822000", "interestAndDebtExpense": "None", "netIncomeFromContinuingOperations": "None", "comprehensiveIncomeNetOfTax": "None", "ebit": "174093000", "ebitda": "209431000", "netIncome": "111090000"}, {"fiscalDateEnding": "2015-12-31", "reportedCurrency": "None", "grossProfit": "318927000", "totalRevenue": "430601000", "costOfRevenue": "111674000", "costofGoodsAndServicesSold": "111674000", "operatingIncome": "146149000", "sellingGeneralAndAdministrative": "98463000", "researchAndDevelopment": "11600000", "operatingExpenses": "216698000", "investmentIncomeNet": "None", "netInterestIncome": "None", "interestIncome": "None", "interestExpense": "16521000", "nonInterestIncome": "None", "otherNonOperatingIncome": "None", "depreciation": "None", "depreciationAndAmortization": "35606000", "incomeBeforeTax": "85708000", "incomeTaxExpense": "32878000", "interestAndDebtExpense": "None", "netIncomeFromContinuingOperations": "None", "comprehensiveIncomeNetOfTax": "None", "ebit": "114641000", "ebitda": "150247000", "netIncome": "52830000"}, {"fiscalDateEnding": "2015-09-30", "reportedCurrency": "None", "grossProfit": "328808000", "totalRevenue": "451493000", "costOfRevenue": "122685000", "costofGoodsAndServicesSold": "122685000", "operatingIncome": "188460000", "sellingGeneralAndAdministrative": "66141999", "researchAndDevelopment": "None", "operatingExpenses": "146287999", "investmentIncomeNet": "None", "netInterestIncome": "None", "interestIncome": "None", "interestExpense": "17163000", "nonInterestIncome": "None", "otherNonOperatingIncome": "None", "depreciation": "None", "depreciationAndAmortization": "47714000", "incomeBeforeTax": "165357000", "incomeTaxExpense": "48587000", "interestAndDebtExpense": "None", "netIncomeFromContinuingOperations": "None", "comprehensiveIncomeNetOfTax": "None", "ebit": "183332000", "ebitda": "231046000", "netIncome": "116770000"}, {"fiscalDateEnding": "2015-06-30", "reportedCurrency": "None", "grossProfit": "308316000", "totalRevenue": "404605000", "costOfRevenue": "96289000", "costofGoodsAndServicesSold": "96289000", "operatingIncome": "169151000", "sellingGeneralAndAdministrative": "63388000", "researchAndDevelopment": "None", "operatingExpenses": "144935999", "investmentIncomeNet": "None", "netInterestIncome": "None", "interestIncome": "None", "interestExpense": "18089000", "nonInterestIncome": "None", "otherNonOperatingIncome": "None", "depreciation": "None", "depreciationAndAmortization": "48013000", "incomeBeforeTax": "145291000", "incomeTaxExpense": "46613000", "interestAndDebtExpense": "None", "netIncomeFromContinuingOperations": "None", "comprehensiveIncomeNetOfTax": "None", "ebit": "164194000", "ebitda": "212207000", "netIncome": "98678000"}, {"fiscalDateEnding": "2015-03-31", "reportedCurrency": "None", "grossProfit": "307484000", "totalRevenue": "416166000", "costOfRevenue": "108682000", "costofGoodsAndServicesSold": "108682000", "operatingIncome": "163774000", "sellingGeneralAndAdministrative": "69722000", "researchAndDevelopment": "None", "operatingExpenses": "148269999", "investmentIncomeNet": "None", "netInterestIncome": "None", "interestIncome": "None", "interestExpense": "19566000", "nonInterestIncome": "None", "otherNonOperatingIncome": "None", "depreciation": "None", "depreciationAndAmortization": "47269000", "incomeBeforeTax": "139648000", "incomeTaxExpense": "45495000", "interestAndDebtExpense": "None", "netIncomeFromContinuingOperations": "None", "comprehensiveIncomeNetOfTax": "None", "ebit": "160027000", "ebitda": "207296000", "netIncome": "94153000"}, {"fiscalDateEnding": "2014-12-31", "reportedCurrency": "None", "grossProfit": "287222000", "totalRevenue": "376697000", "costOfRevenue": "89475000", "costofGoodsAndServicesSold": "89475000", "operatingIncome": "143122000", "sellingGeneralAndAdministrative": "83659000", "researchAndDevelopment": "9200000", "operatingExpenses": "133690999", "investmentIncomeNet": "None", "netInterestIncome": "None", "interestIncome": "None", "interestExpense": "13228000", "nonInterestIncome": "None", "otherNonOperatingIncome": "None", "depreciation": "None", "depreciationAndAmortization": "27529000", "incomeBeforeTax": "140303000", "incomeTaxExpense": "30763000", "interestAndDebtExpense": "None", "netIncomeFromContinuingOperations": "None", "comprehensiveIncomeNetOfTax": "None", "ebit": "163802000", "ebitda": "191331000", "netIncome": "109540000"}, {"fiscalDateEnding": "2014-09-30", "reportedCurrency": "None", "grossProfit": "228818000", "totalRevenue": "295283000", "costOfRevenue": "66465000", "costofGoodsAndServicesSold": "66465000", "operatingIncome": "144207000", "sellingGeneralAndAdministrative": "40947000", "researchAndDevelopment": "None", "operatingExpenses": "87405000", "investmentIncomeNet": "None", "netInterestIncome": "None", "interestIncome": "None", "interestExpense": "4859000", "nonInterestIncome": "None", "otherNonOperatingIncome": "None", "depreciation": "None", "depreciationAndAmortization": "24362000", "incomeBeforeTax": "136554000", "incomeTaxExpense": "41045000", "interestAndDebtExpense": "None", "netIncomeFromContinuingOperations": "None", "comprehensiveIncomeNetOfTax": "None", "ebit": "142765000", "ebitda": "167127000", "netIncome": "95509000"}, {"fiscalDateEnding": "2014-06-30", "reportedCurrency": "None", "grossProfit": "214330000", "totalRevenue": "273502000", "costOfRevenue": "59172000", "costofGoodsAndServicesSold": "59172000", "operatingIncome": "134484000", "sellingGeneralAndAdministrative": "37896000", "researchAndDevelopment": "None", "operatingExpenses": "81067000", "investmentIncomeNet": "None", "netInterestIncome": "None", "interestIncome": "None", "interestExpense": "5308000", "nonInterestIncome": "None", "otherNonOperatingIncome": "None", "depreciation": "None", "depreciationAndAmortization": "23082000", "incomeBeforeTax": "127955000", "incomeTaxExpense": "39406000", "interestAndDebtExpense": "None", "netIncomeFromContinuingOperations": "None", "comprehensiveIncomeNetOfTax": "None", "ebit": "134484000", "ebitda": "157566000", "netIncome": "88549000"}, {"fiscalDateEnding": "2014-03-31", "reportedCurrency": "None", "grossProfit": "199429000", "totalRevenue": "253908000", "costOfRevenue": "54479000", "costofGoodsAndServicesSold": "54479000", "operatingIncome": "114136000", "sellingGeneralAndAdministrative": "43461000", "researchAndDevelopment": "None", "operatingExpenses": "85837000", "investmentIncomeNet": "None", "netInterestIncome": "None", "interestIncome": "None", "interestExpense": "5461000", "nonInterestIncome": "None", "otherNonOperatingIncome": "None", "depreciation": "None", "depreciationAndAmortization": "23073000", "incomeBeforeTax": "108131000", "incomeTaxExpense": "33022000", "interestAndDebtExpense": "None", "netIncomeFromContinuingOperations": "None", "comprehensiveIncomeNetOfTax": "None", "ebit": "114136000", "ebitda": "137209000", "netIncome": "75109000"}, {"fiscalDateEnding": "2013-12-31", "reportedCurrency": "None", "grossProfit": "199114000", "totalRevenue": "255501000", "costOfRevenue": "56387000", "costofGoodsAndServicesSold": "56387000", "operatingIncome": "118050000", "sellingGeneralAndAdministrative": "38509000", "researchAndDevelopment": "7300000", "operatingExpenses": "93536000", "investmentIncomeNet": "None", "netInterestIncome": "None", "interestIncome": "None", "interestExpense": "5501000", "nonInterestIncome": "None", "otherNonOperatingIncome": "None", "depreciation": "None", "depreciationAndAmortization": "15201000", "incomeBeforeTax": "100077000", "incomeTaxExpense": "31957000", "interestAndDebtExpense": "None", "netIncomeFromContinuingOperations": "None", "comprehensiveIncomeNetOfTax": "None", "ebit": "114535000", "ebitda": "129736000", "netIncome": "68120000"}, {"fiscalDateEnding": "2013-09-30", "reportedCurrency": "None", "grossProfit": "174733000", "totalRevenue": "225150000", "costOfRevenue": "50417000", "costofGoodsAndServicesSold": "50417000", "operatingIncome": "111255000", "sellingGeneralAndAdministrative": "31559000", "researchAndDevelopment": "None", "operatingExpenses": "63322000", "investmentIncomeNet": "None", "netInterestIncome": "None", "interestIncome": "None", "interestExpense": "3756000", "nonInterestIncome": "None", "otherNonOperatingIncome": "None", "depreciation": "None", "depreciationAndAmortization": "16404000", "incomeBeforeTax": "107655000", "incomeTaxExpense": "29035000", "interestAndDebtExpense": "None", "netIncomeFromContinuingOperations": "None", "comprehensiveIncomeNetOfTax": "None", "ebit": "111255000", "ebitda": "127659000", "netIncome": "78620000"}, {"fiscalDateEnding": "2013-06-30", "reportedCurrency": "None", "grossProfit": "169304000", "totalRevenue": "220869000", "costOfRevenue": "51565000", "costofGoodsAndServicesSold": "51565000", "operatingIncome": "109074000", "sellingGeneralAndAdministrative": "30954000", "researchAndDevelopment": "None", "operatingExpenses": "60224000", "investmentIncomeNet": "None", "netInterestIncome": "None", "interestIncome": "None", "interestExpense": "3756000", "nonInterestIncome": "None", "otherNonOperatingIncome": "None", "depreciation": "None", "depreciationAndAmortization": "14240000", "incomeBeforeTax": "105324000", "incomeTaxExpense": "32225000", "interestAndDebtExpense": "None", "netIncomeFromContinuingOperations": "None", "comprehensiveIncomeNetOfTax": "None", "ebit": "109074000", "ebitda": "123314000", "netIncome": "73099000"}, {"fiscalDateEnding": "2013-03-31", "reportedCurrency": "None", "grossProfit": "149847000", "totalRevenue": "193651000", "costOfRevenue": "43804000", "costofGoodsAndServicesSold": "43804000", "operatingIncome": "94253000", "sellingGeneralAndAdministrative": "29261000", "researchAndDevelopment": "None", "operatingExpenses": "55886000", "investmentIncomeNet": "None", "netInterestIncome": "None", "interestIncome": "None", "interestExpense": "3448000", "nonInterestIncome": "None", "otherNonOperatingIncome": "None", "depreciation": "None", "depreciationAndAmortization": "13053000", "incomeBeforeTax": "90513000", "incomeTaxExpense": "25851000", "interestAndDebtExpense": "None", "netIncomeFromContinuingOperations": "None", "comprehensiveIncomeNetOfTax": "None", "ebit": "94253000", "ebitda": "107306000", "netIncome": "64662000"}]}