{"symbol": "MAR", "annualReports": [{"fiscalDateEnding": "2024-12-31", "reportedCurrency": "USD", "grossProfit": "5101000000", "totalRevenue": "25100000000", "costOfRevenue": "19999000000", "costofGoodsAndServicesSold": "19999000000", "operatingIncome": "3767000000", "sellingGeneralAndAdministrative": "1074000000", "researchAndDevelopment": "None", "operatingExpenses": "1334000000", "investmentIncomeNet": "None", "netInterestIncome": "-655000000", "interestIncome": "40000000", "interestExpense": "695000000", "nonInterestIncome": "None", "otherNonOperatingIncome": "None", "depreciation": "None", "depreciationAndAmortization": "492000000", "incomeBeforeTax": "3151000000", "incomeTaxExpense": "776000000", "interestAndDebtExpense": "None", "netIncomeFromContinuingOperations": "2375000000", "comprehensiveIncomeNetOfTax": "None", "ebit": "3846000000", "ebitda": "4338000000", "netIncome": "2375000000"}, {"fiscalDateEnding": "2023-12-31", "reportedCurrency": "USD", "grossProfit": "5124000000", "totalRevenue": "23713000000", "costOfRevenue": "18589000000", "costofGoodsAndServicesSold": "18589000000", "operatingIncome": "3924000000", "sellingGeneralAndAdministrative": "1011000000", "researchAndDevelopment": "0.14", "operatingExpenses": "1260000000", "investmentIncomeNet": "None", "netInterestIncome": "-498000000", "interestIncome": "29000000", "interestExpense": "565000000", "nonInterestIncome": "None", "otherNonOperatingIncome": "None", "depreciation": "None", "depreciationAndAmortization": "277000000", "incomeBeforeTax": "3378000000", "incomeTaxExpense": "295000000", "interestAndDebtExpense": "None", "netIncomeFromContinuingOperations": "2908000000", "comprehensiveIncomeNetOfTax": "None", "ebit": "3943000000", "ebitda": "4220000000", "netIncome": "3083000000"}, {"fiscalDateEnding": "2022-12-31", "reportedCurrency": "USD", "grossProfit": "4558000000", "totalRevenue": "20773000000", "costOfRevenue": "16215000000", "costofGoodsAndServicesSold": "16215000000", "operatingIncome": "3529000000", "sellingGeneralAndAdministrative": "891000000", "researchAndDevelopment": "0.15", "operatingExpenses": "1084000000", "investmentIncomeNet": "None", "netInterestIncome": "-377000000", "interestIncome": "26000000", "interestExpense": "403000000", "nonInterestIncome": "None", "otherNonOperatingIncome": "55000000", "depreciation": "None", "depreciationAndAmortization": "17216000000", "incomeBeforeTax": "3114000000", "incomeTaxExpense": "756000000", "interestAndDebtExpense": "None", "netIncomeFromContinuingOperations": "2358000000", "comprehensiveIncomeNetOfTax": "None", "ebit": "-13494000000", "ebitda": "3722000000", "netIncome": "2358000000"}, {"fiscalDateEnding": "2021-12-31", "reportedCurrency": "USD", "grossProfit": "2801000000", "totalRevenue": "13857000000", "costOfRevenue": "11056000000", "costofGoodsAndServicesSold": "11056000000", "operatingIncome": "1750000000", "sellingGeneralAndAdministrative": "823000000", "researchAndDevelopment": "0.09", "operatingExpenses": "1043000000", "investmentIncomeNet": "None", "netInterestIncome": "-392000000", "interestIncome": "28000000", "interestExpense": "420000000", "nonInterestIncome": "None", "otherNonOperatingIncome": "-150000000", "depreciation": "None", "depreciationAndAmortization": "12037000000", "incomeBeforeTax": "1180000000", "incomeTaxExpense": "81000000", "interestAndDebtExpense": "None", "netIncomeFromContinuingOperations": "1099000000", "comprehensiveIncomeNetOfTax": "None", "ebit": "-10142000000", "ebitda": "1895000000", "netIncome": "1099000000"}, {"fiscalDateEnding": "2020-12-31", "reportedCurrency": "USD", "grossProfit": "1459000000", "totalRevenue": "10571000000", "costOfRevenue": "9112000000", "costofGoodsAndServicesSold": "9112000000", "operatingIncome": "246000000", "sellingGeneralAndAdministrative": "762000000", "researchAndDevelopment": "0.04", "operatingExpenses": "1108000000", "investmentIncomeNet": "None", "netInterestIncome": "-418000000", "interestIncome": "27000000", "interestExpense": "445000000", "nonInterestIncome": "None", "otherNonOperatingIncome": "-105000000", "depreciation": "None", "depreciationAndAmortization": "10111000000", "incomeBeforeTax": "-466000000", "incomeTaxExpense": "-199000000", "interestAndDebtExpense": "None", "netIncomeFromContinuingOperations": "-267000000", "comprehensiveIncomeNetOfTax": "None", "ebit": "-9654000000", "ebitda": "457000000", "netIncome": "-267000000"}, {"fiscalDateEnding": "2019-12-31", "reportedCurrency": "USD", "grossProfit": "3217000000", "totalRevenue": "20972000000", "costOfRevenue": "17755000000", "costofGoodsAndServicesSold": "17755000000", "operatingIncome": "1800000000", "sellingGeneralAndAdministrative": "938000000", "researchAndDevelopment": "0.08", "operatingExpenses": "1279000000", "investmentIncomeNet": "None", "netInterestIncome": "-368000000", "interestIncome": "26000000", "interestExpense": "394000000", "nonInterestIncome": "None", "otherNonOperatingIncome": "193000000", "depreciation": "None", "depreciationAndAmortization": "18913000000", "incomeBeforeTax": "1599000000", "incomeTaxExpense": "326000000", "interestAndDebtExpense": "None", "netIncomeFromContinuingOperations": "1273000000", "comprehensiveIncomeNetOfTax": "None", "ebit": "-16517000000", "ebitda": "2396000000", "netIncome": "1273000000"}, {"fiscalDateEnding": "2018-12-31", "reportedCurrency": "USD", "grossProfit": "3540000000", "totalRevenue": "20690000000", "costOfRevenue": "17150000000", "costofGoodsAndServicesSold": "17150000000", "operatingIncome": "2232000000", "sellingGeneralAndAdministrative": "927000000", "researchAndDevelopment": "0.11", "operatingExpenses": "1153000000", "investmentIncomeNet": "None", "netInterestIncome": "-318000000", "interestIncome": "22000000", "interestExpense": "340000000", "nonInterestIncome": "None", "otherNonOperatingIncome": "319000000", "depreciation": "None", "depreciationAndAmortization": "18237000000", "incomeBeforeTax": "2211000000", "incomeTaxExpense": "403000000", "interestAndDebtExpense": "None", "netIncomeFromContinuingOperations": "1907000000", "comprehensiveIncomeNetOfTax": "None", "ebit": "-15268000000", "ebitda": "2969000000", "netIncome": "1808000000"}, {"fiscalDateEnding": "2017-12-31", "reportedCurrency": "USD", "grossProfit": "3813000000", "totalRevenue": "20452000000", "costOfRevenue": "16639000000", "costofGoodsAndServicesSold": "16639000000", "operatingIncome": "2504000000", "sellingGeneralAndAdministrative": "921000000", "researchAndDevelopment": "0.15", "operatingExpenses": "1150000000", "investmentIncomeNet": "None", "netInterestIncome": "-250000000", "interestIncome": "38000000", "interestExpense": "288000000", "nonInterestIncome": "None", "otherNonOperatingIncome": "765000000", "depreciation": "None", "depreciationAndAmortization": "17789000000", "incomeBeforeTax": "2982000000", "incomeTaxExpense": "1523000000", "interestAndDebtExpense": "None", "netIncomeFromContinuingOperations": "1372000000", "comprehensiveIncomeNetOfTax": "None", "ebit": "-14240000000", "ebitda": "3549000000", "netIncome": "1459000000"}, {"fiscalDateEnding": "2016-12-31", "reportedCurrency": "USD", "grossProfit": "2626000000", "totalRevenue": "17072000000", "costOfRevenue": "14446000000", "costofGoodsAndServicesSold": "14446000000", "operatingIncome": "1368000000", "sellingGeneralAndAdministrative": "704000000", "researchAndDevelopment": "0.07", "operatingExpenses": "872000000", "investmentIncomeNet": "None", "netInterestIncome": "-199000000", "interestIncome": "35000000", "interestExpense": "234000000", "nonInterestIncome": "None", "otherNonOperatingIncome": "50000000", "depreciation": "None", "depreciationAndAmortization": "15237000000", "incomeBeforeTax": "1184000000", "incomeTaxExpense": "404000000", "interestAndDebtExpense": "None", "netIncomeFromContinuingOperations": "780000000", "comprehensiveIncomeNetOfTax": "None", "ebit": "-13605000000", "ebitda": "1632000000", "netIncome": "780000000"}, {"fiscalDateEnding": "2015-12-31", "reportedCurrency": "USD", "grossProfit": "2123000000", "totalRevenue": "14486000000", "costOfRevenue": "12363000000", "costofGoodsAndServicesSold": "12363000000", "operatingIncome": "1350000000", "sellingGeneralAndAdministrative": "634000000", "researchAndDevelopment": "0", "operatingExpenses": "773000000", "investmentIncomeNet": "None", "netInterestIncome": "None", "interestIncome": "95000000", "interestExpense": "167000000", "nonInterestIncome": "None", "otherNonOperatingIncome": "72000000", "depreciation": "None", "depreciationAndAmortization": "139000000", "incomeBeforeTax": "1255000000", "incomeTaxExpense": "396000000", "interestAndDebtExpense": "None", "netIncomeFromContinuingOperations": "859000000", "comprehensiveIncomeNetOfTax": "None", "ebit": "1422000000", "ebitda": "1561000000", "netIncome": "859000000"}, {"fiscalDateEnding": "2014-12-31", "reportedCurrency": "USD", "grossProfit": "1966000000", "totalRevenue": "13796000000", "costOfRevenue": "11830000000", "costofGoodsAndServicesSold": "11830000000", "operatingIncome": "1159000000", "sellingGeneralAndAdministrative": "659000000", "researchAndDevelopment": "0", "operatingExpenses": "807000000", "investmentIncomeNet": "None", "netInterestIncome": "None", "interestIncome": "None", "interestExpense": "115000000", "nonInterestIncome": "None", "otherNonOperatingIncome": "44000000", "depreciation": "None", "depreciationAndAmortization": "148000000", "incomeBeforeTax": "1088000000", "incomeTaxExpense": "335000000", "interestAndDebtExpense": "None", "netIncomeFromContinuingOperations": "753000000", "comprehensiveIncomeNetOfTax": "None", "ebit": "1203000000", "ebitda": "1351000000", "netIncome": "753000000"}, {"fiscalDateEnding": "2013-12-31", "reportedCurrency": "USD", "grossProfit": "1714000000", "totalRevenue": "12784000000", "costOfRevenue": "11070000000", "costofGoodsAndServicesSold": "11070000000", "operatingIncome": "988000000", "sellingGeneralAndAdministrative": "726000000", "researchAndDevelopment": "0", "operatingExpenses": "726000000", "investmentIncomeNet": "None", "netInterestIncome": "None", "interestIncome": "None", "interestExpense": "120000000", "nonInterestIncome": "None", "otherNonOperatingIncome": "29000000", "depreciation": "None", "depreciationAndAmortization": "127000000", "incomeBeforeTax": "897000000", "incomeTaxExpense": "271000000", "interestAndDebtExpense": "None", "netIncomeFromContinuingOperations": "626000000", "comprehensiveIncomeNetOfTax": "None", "ebit": "985000000", "ebitda": "1112000000", "netIncome": "626000000"}, {"fiscalDateEnding": "2012-12-31", "reportedCurrency": "USD", "grossProfit": "1585000000", "totalRevenue": "11814000000", "costOfRevenue": "10229000000", "costofGoodsAndServicesSold": "10229000000", "operatingIncome": "940000000", "sellingGeneralAndAdministrative": "645000000", "researchAndDevelopment": "0", "operatingExpenses": "645000000", "investmentIncomeNet": "None", "netInterestIncome": "None", "interestIncome": "None", "interestExpense": "137000000", "nonInterestIncome": "None", "otherNonOperatingIncome": "46000000", "depreciation": "None", "depreciationAndAmortization": "145000000", "incomeBeforeTax": "849000000", "incomeTaxExpense": "278000000", "interestAndDebtExpense": "None", "netIncomeFromContinuingOperations": "571000000", "comprehensiveIncomeNetOfTax": "None", "ebit": "940000000", "ebitda": "1085000000", "netIncome": "571000000"}, {"fiscalDateEnding": "2011-12-31", "reportedCurrency": "USD", "grossProfit": "1278000000", "totalRevenue": "12317000000", "costOfRevenue": "11039000000", "costofGoodsAndServicesSold": "11039000000", "operatingIncome": "526000000", "sellingGeneralAndAdministrative": "752000000", "researchAndDevelopment": "0", "operatingExpenses": "752000000", "investmentIncomeNet": "None", "netInterestIncome": "None", "interestIncome": "None", "interestExpense": "164000000", "nonInterestIncome": "None", "otherNonOperatingIncome": "-6000000", "depreciation": "None", "depreciationAndAmortization": "168000000", "incomeBeforeTax": "356000000", "incomeTaxExpense": "158000000", "interestAndDebtExpense": "None", "netIncomeFromContinuingOperations": "198000000", "comprehensiveIncomeNetOfTax": "None", "ebit": "850000000", "ebitda": "1018000000", "netIncome": "198000000"}, {"fiscalDateEnding": "2010-12-31", "reportedCurrency": "USD", "grossProfit": "1475000000", "totalRevenue": "11691000000", "costOfRevenue": "10216000000", "costofGoodsAndServicesSold": "10216000000", "operatingIncome": "695000000", "sellingGeneralAndAdministrative": "780000000", "researchAndDevelopment": "0", "operatingExpenses": "780000000", "investmentIncomeNet": "None", "netInterestIncome": "None", "interestIncome": "None", "interestExpense": "180000000", "nonInterestIncome": "None", "otherNonOperatingIncome": "36000000", "depreciation": "None", "depreciationAndAmortization": "178000000", "incomeBeforeTax": "551000000", "incomeTaxExpense": "93000000", "interestAndDebtExpense": "None", "netIncomeFromContinuingOperations": "458000000", "comprehensiveIncomeNetOfTax": "None", "ebit": "695000000", "ebitda": "873000000", "netIncome": "458000000"}, {"fiscalDateEnding": "2009-12-31", "reportedCurrency": "USD", "grossProfit": "1235000000", "totalRevenue": "10908000000", "costOfRevenue": "9673000000", "costofGoodsAndServicesSold": "9673000000", "operatingIncome": "-152000000", "sellingGeneralAndAdministrative": "622000000", "researchAndDevelopment": "0", "operatingExpenses": "722000000", "investmentIncomeNet": "None", "netInterestIncome": "None", "interestIncome": "None", "interestExpense": "118000000", "nonInterestIncome": "None", "otherNonOperatingIncome": "-10000000", "depreciation": "None", "depreciationAndAmortization": "185000000", "incomeBeforeTax": "-418000000", "incomeTaxExpense": "-65000000", "interestAndDebtExpense": "None", "netIncomeFromContinuingOperations": "-353000000", "comprehensiveIncomeNetOfTax": "None", "ebit": "472000000", "ebitda": "657000000", "netIncome": "-346000000"}, {"fiscalDateEnding": "2008-12-31", "reportedCurrency": "USD", "grossProfit": "1623000000", "totalRevenue": "12879000000", "costOfRevenue": "11256000000", "costofGoodsAndServicesSold": "11256000000", "operatingIncome": "785000000", "sellingGeneralAndAdministrative": "783000000", "researchAndDevelopment": "None", "operatingExpenses": "783000000", "investmentIncomeNet": "None", "netInterestIncome": "None", "interestIncome": "None", "interestExpense": "163000000", "nonInterestIncome": "None", "otherNonOperatingIncome": "None", "depreciation": "None", "depreciationAndAmortization": "190000000", "incomeBeforeTax": "694000000", "incomeTaxExpense": "350000000", "interestAndDebtExpense": "None", "netIncomeFromContinuingOperations": "None", "comprehensiveIncomeNetOfTax": "None", "ebit": "820000000", "ebitda": "1010000000", "netIncome": "362000000"}, {"fiscalDateEnding": "2007-12-31", "reportedCurrency": "USD", "grossProfit": "1956000000", "totalRevenue": "12990000000", "costOfRevenue": "11034000000", "costofGoodsAndServicesSold": "11034000000", "operatingIncome": "1188000000", "sellingGeneralAndAdministrative": "768000000", "researchAndDevelopment": "None", "operatingExpenses": "768000000", "investmentIncomeNet": "None", "netInterestIncome": "None", "interestIncome": "None", "interestExpense": "0", "nonInterestIncome": "None", "otherNonOperatingIncome": "None", "depreciation": "None", "depreciationAndAmortization": "197000000", "incomeBeforeTax": "1137000000", "incomeTaxExpense": "441000000", "interestAndDebtExpense": "None", "netIncomeFromContinuingOperations": "None", "comprehensiveIncomeNetOfTax": "None", "ebit": "1188000000", "ebitda": "1385000000", "netIncome": "696000000"}, {"fiscalDateEnding": "2006-12-31", "reportedCurrency": "USD", "grossProfit": "1688000000", "totalRevenue": "12160000000", "costOfRevenue": "10472000000", "costofGoodsAndServicesSold": "10472000000", "operatingIncome": "1011000000", "sellingGeneralAndAdministrative": "683000000", "researchAndDevelopment": "None", "operatingExpenses": "677000000", "investmentIncomeNet": "None", "netInterestIncome": "None", "interestIncome": "None", "interestExpense": "0", "nonInterestIncome": "None", "otherNonOperatingIncome": "None", "depreciation": "None", "depreciationAndAmortization": "188000000", "incomeBeforeTax": "997000000", "incomeTaxExpense": "286000000", "interestAndDebtExpense": "None", "netIncomeFromContinuingOperations": "None", "comprehensiveIncomeNetOfTax": "None", "ebit": "1087000000", "ebitda": "1275000000", "netIncome": "608000000"}, {"fiscalDateEnding": "2005-12-31", "reportedCurrency": "USD", "grossProfit": "1308000000", "totalRevenue": "11550000000", "costOfRevenue": "10242000000", "costofGoodsAndServicesSold": "10242000000", "operatingIncome": "555000000", "sellingGeneralAndAdministrative": "748000000", "researchAndDevelopment": "None", "operatingExpenses": "753000000", "investmentIncomeNet": "None", "netInterestIncome": "None", "interestIncome": "None", "interestExpense": "0", "nonInterestIncome": "None", "otherNonOperatingIncome": "None", "depreciation": "None", "depreciationAndAmortization": "184000000", "incomeBeforeTax": "717000000", "incomeTaxExpense": "94000000", "interestAndDebtExpense": "None", "netIncomeFromContinuingOperations": "None", "comprehensiveIncomeNetOfTax": "None", "ebit": "699000000", "ebitda": "883000000", "netIncome": "669000000"}], "quarterlyReports": [{"fiscalDateEnding": "2024-12-31", "reportedCurrency": "USD", "grossProfit": "1139000000", "totalRevenue": "6429000000", "costOfRevenue": "5290000000", "costofGoodsAndServicesSold": "5290000000", "operatingIncome": "752000000", "sellingGeneralAndAdministrative": "289000000", "researchAndDevelopment": "None", "operatingExpenses": "387000000", "investmentIncomeNet": "None", "netInterestIncome": "-170000000", "interestIncome": "10000000", "interestExpense": "180000000", "nonInterestIncome": "None", "otherNonOperatingIncome": "None", "depreciation": "None", "depreciationAndAmortization": "279000000", "incomeBeforeTax": "598000000", "incomeTaxExpense": "143000000", "interestAndDebtExpense": "None", "netIncomeFromContinuingOperations": "455000000", "comprehensiveIncomeNetOfTax": "None", "ebit": "778000000", "ebitda": "1057000000", "netIncome": "455000000"}, {"fiscalDateEnding": "2024-09-30", "reportedCurrency": "USD", "grossProfit": "1229000000", "totalRevenue": "6255000000", "costOfRevenue": "5026000000", "costofGoodsAndServicesSold": "5026000000", "operatingIncome": "944000000", "sellingGeneralAndAdministrative": "276000000", "researchAndDevelopment": "None", "operatingExpenses": "276000000", "investmentIncomeNet": "None", "netInterestIncome": "-168000000", "interestIncome": "11000000", "interestExpense": "179000000", "nonInterestIncome": "None", "otherNonOperatingIncome": "None", "depreciation": "None", "depreciationAndAmortization": "45000000", "incomeBeforeTax": "786000000", "incomeTaxExpense": "202000000", "interestAndDebtExpense": "None", "netIncomeFromContinuingOperations": "584000000", "comprehensiveIncomeNetOfTax": "None", "ebit": "953000000", "ebitda": "998000000", "netIncome": "584000000"}, {"fiscalDateEnding": "2024-06-30", "reportedCurrency": "USD", "grossProfit": "1451000000", "totalRevenue": "6439000000", "costOfRevenue": "4988000000", "costofGoodsAndServicesSold": "4988000000", "operatingIncome": "1203000000", "sellingGeneralAndAdministrative": "248000000", "researchAndDevelopment": "None", "operatingExpenses": "295000000", "investmentIncomeNet": "None", "netInterestIncome": "-164000000", "interestIncome": "9000000", "interestExpense": "173000000", "nonInterestIncome": "None", "otherNonOperatingIncome": "None", "depreciation": "None", "depreciationAndAmortization": "47000000", "incomeBeforeTax": "1040000000", "incomeTaxExpense": "268000000", "interestAndDebtExpense": "None", "netIncomeFromContinuingOperations": "772000000", "comprehensiveIncomeNetOfTax": "None", "ebit": "1203000000", "ebitda": "1250000000", "netIncome": "772000000"}, {"fiscalDateEnding": "2024-03-31", "reportedCurrency": "USD", "grossProfit": "1145000000", "totalRevenue": "5977000000", "costOfRevenue": "4832000000", "costofGoodsAndServicesSold": "4832000000", "operatingIncome": "884000000", "sellingGeneralAndAdministrative": "261000000", "researchAndDevelopment": "None", "operatingExpenses": "261000000", "investmentIncomeNet": "None", "netInterestIncome": "-153000000", "interestIncome": "10000000", "interestExpense": "163000000", "nonInterestIncome": "None", "otherNonOperatingIncome": "None", "depreciation": "None", "depreciationAndAmortization": "45000000", "incomeBeforeTax": "727000000", "incomeTaxExpense": "163000000", "interestAndDebtExpense": "None", "netIncomeFromContinuingOperations": "564000000", "comprehensiveIncomeNetOfTax": "None", "ebit": "884000000", "ebitda": "929000000", "netIncome": "564000000"}, {"fiscalDateEnding": "2023-12-31", "reportedCurrency": "USD", "grossProfit": "1107000000", "totalRevenue": "6095000000", "costOfRevenue": "4988000000", "costofGoodsAndServicesSold": "4988000000", "operatingIncome": "718000000", "sellingGeneralAndAdministrative": "330000000", "researchAndDevelopment": "None", "operatingExpenses": "381000000", "investmentIncomeNet": "None", "netInterestIncome": "-144000000", "interestIncome": "9000000", "interestExpense": "153000000", "nonInterestIncome": "None", "otherNonOperatingIncome": "None", "depreciation": "None", "depreciationAndAmortization": "51000000", "incomeBeforeTax": "581000000", "incomeTaxExpense": "-267000000", "interestAndDebtExpense": "None", "netIncomeFromContinuingOperations": "848000000", "comprehensiveIncomeNetOfTax": "None", "ebit": "726000000", "ebitda": "777000000", "netIncome": "848000000"}, {"fiscalDateEnding": "2023-09-30", "reportedCurrency": "USD", "grossProfit": "-1657000000", "totalRevenue": "5928000000", "costOfRevenue": "4391000000", "costofGoodsAndServicesSold": "4391000000", "operatingIncome": "1099000000", "sellingGeneralAndAdministrative": "239000000", "researchAndDevelopment": "None", "operatingExpenses": "239000000", "investmentIncomeNet": "None", "netInterestIncome": "-139000000", "interestIncome": "7000000", "interestExpense": "146000000", "nonInterestIncome": "None", "otherNonOperatingIncome": "None", "depreciation": "None", "depreciationAndAmortization": "46000000", "incomeBeforeTax": "989000000", "incomeTaxExpense": "-237000000", "interestAndDebtExpense": "None", "netIncomeFromContinuingOperations": "752000000", "comprehensiveIncomeNetOfTax": "None", "ebit": "1112000000", "ebitda": "1158000000", "netIncome": "752000000"}, {"fiscalDateEnding": "2023-06-30", "reportedCurrency": "USD", "grossProfit": "1422000000", "totalRevenue": "6075000000", "costOfRevenue": "4653000000", "costofGoodsAndServicesSold": "4653000000", "operatingIncome": "1096000000", "sellingGeneralAndAdministrative": "240000000", "researchAndDevelopment": "None", "operatingExpenses": "288000000", "investmentIncomeNet": "None", "netInterestIncome": "-140000000", "interestIncome": "None", "interestExpense": "140000000", "nonInterestIncome": "None", "otherNonOperatingIncome": "9000000", "depreciation": "None", "depreciationAndAmortization": "48000000", "incomeBeforeTax": "964000000", "incomeTaxExpense": "238000000", "interestAndDebtExpense": "None", "netIncomeFromContinuingOperations": "726000000", "comprehensiveIncomeNetOfTax": "None", "ebit": "1134000000", "ebitda": "1182000000", "netIncome": "726000000"}, {"fiscalDateEnding": "2023-03-31", "reportedCurrency": "USD", "grossProfit": "1198000000", "totalRevenue": "5615000000", "costOfRevenue": "4417000000", "costofGoodsAndServicesSold": "4417000000", "operatingIncome": "951000000", "sellingGeneralAndAdministrative": "202000000", "researchAndDevelopment": "None", "operatingExpenses": "246000000", "investmentIncomeNet": "None", "netInterestIncome": "-111000000", "interestIncome": "15000000", "interestExpense": "126000000", "nonInterestIncome": "None", "otherNonOperatingIncome": "19000000", "depreciation": "None", "depreciationAndAmortization": "44000000", "incomeBeforeTax": "844000000", "incomeTaxExpense": "87000000", "interestAndDebtExpense": "None", "netIncomeFromContinuingOperations": "757000000", "comprehensiveIncomeNetOfTax": "None", "ebit": "952000000", "ebitda": "996000000", "netIncome": "757000000"}, {"fiscalDateEnding": "2022-12-31", "reportedCurrency": "USD", "grossProfit": "1279000000", "totalRevenue": "5923000000", "costOfRevenue": "4644000000", "costofGoodsAndServicesSold": "4644000000", "operatingIncome": "1007000000", "sellingGeneralAndAdministrative": "236000000", "researchAndDevelopment": "None", "operatingExpenses": "282000000", "investmentIncomeNet": "None", "netInterestIncome": "-107000000", "interestIncome": "8000000", "interestExpense": "115000000", "nonInterestIncome": "None", "otherNonOperatingIncome": "10000000", "depreciation": "None", "depreciationAndAmortization": "46000000", "incomeBeforeTax": "891000000", "incomeTaxExpense": "218000000", "interestAndDebtExpense": "None", "netIncomeFromContinuingOperations": "673000000", "comprehensiveIncomeNetOfTax": "None", "ebit": "1007000000", "ebitda": "1053000000", "netIncome": "673000000"}, {"fiscalDateEnding": "2022-09-30", "reportedCurrency": "USD", "grossProfit": "1226000000", "totalRevenue": "5313000000", "costOfRevenue": "4087000000", "costofGoodsAndServicesSold": "4087000000", "operatingIncome": "958000000", "sellingGeneralAndAdministrative": "216000000", "researchAndDevelopment": "None", "operatingExpenses": "266000000", "investmentIncomeNet": "None", "netInterestIncome": "-93000000", "interestIncome": "7000000", "interestExpense": "100000000", "nonInterestIncome": "None", "otherNonOperatingIncome": "11000000", "depreciation": "None", "depreciationAndAmortization": "50000000", "incomeBeforeTax": "869000000", "incomeTaxExpense": "239000000", "interestAndDebtExpense": "None", "netIncomeFromContinuingOperations": "630000000", "comprehensiveIncomeNetOfTax": "None", "ebit": "960000000", "ebitda": "1010000000", "netIncome": "630000000"}, {"fiscalDateEnding": "2022-06-30", "reportedCurrency": "USD", "grossProfit": "1230000000", "totalRevenue": "5338000000", "costOfRevenue": "4108000000", "costofGoodsAndServicesSold": "4108000000", "operatingIncome": "950000000", "sellingGeneralAndAdministrative": "231000000", "researchAndDevelopment": "None", "operatingExpenses": "280000000", "investmentIncomeNet": "None", "netInterestIncome": "-89000000", "interestIncome": "6000000", "interestExpense": "95000000", "nonInterestIncome": "None", "otherNonOperatingIncome": "23000000", "depreciation": "None", "depreciationAndAmortization": "49000000", "incomeBeforeTax": "878000000", "incomeTaxExpense": "200000000", "interestAndDebtExpense": "None", "netIncomeFromContinuingOperations": "678000000", "comprehensiveIncomeNetOfTax": "None", "ebit": "950000000", "ebitda": "999000000", "netIncome": "678000000"}, {"fiscalDateEnding": "2022-03-31", "reportedCurrency": "USD", "grossProfit": "823000000", "totalRevenue": "4199000000", "costOfRevenue": "3376000000", "costofGoodsAndServicesSold": "3376000000", "operatingIncome": "558000000", "sellingGeneralAndAdministrative": "208000000", "researchAndDevelopment": "None", "operatingExpenses": "256000000", "investmentIncomeNet": "None", "netInterestIncome": "-88000000", "interestIncome": "5000000", "interestExpense": "93000000", "nonInterestIncome": "None", "otherNonOperatingIncome": "11000000", "depreciation": "None", "depreciationAndAmortization": "48000000", "incomeBeforeTax": "476000000", "incomeTaxExpense": "99000000", "interestAndDebtExpense": "None", "netIncomeFromContinuingOperations": "377000000", "comprehensiveIncomeNetOfTax": "None", "ebit": "567000000", "ebitda": "615000000", "netIncome": "377000000"}, {"fiscalDateEnding": "2021-12-31", "reportedCurrency": "USD", "grossProfit": "902000000", "totalRevenue": "4446000000", "costOfRevenue": "3544000000", "costofGoodsAndServicesSold": "3544000000", "operatingIncome": "635000000", "sellingGeneralAndAdministrative": "213000000", "researchAndDevelopment": "None", "operatingExpenses": "267000000", "investmentIncomeNet": "None", "netInterestIncome": "-91000000", "interestIncome": "6000000", "interestExpense": "97000000", "nonInterestIncome": "None", "otherNonOperatingIncome": "10000000", "depreciation": "None", "depreciationAndAmortization": "54000000", "incomeBeforeTax": "548000000", "incomeTaxExpense": "80000000", "interestAndDebtExpense": "None", "netIncomeFromContinuingOperations": "468000000", "comprehensiveIncomeNetOfTax": "None", "ebit": "635000000", "ebitda": "689000000", "netIncome": "468000000"}, {"fiscalDateEnding": "2021-09-30", "reportedCurrency": "USD", "grossProfit": "825000000", "totalRevenue": "3946000000", "costOfRevenue": "3121000000", "costofGoodsAndServicesSold": "3121000000", "operatingIncome": "545000000", "sellingGeneralAndAdministrative": "212000000", "researchAndDevelopment": "None", "operatingExpenses": "276000000", "investmentIncomeNet": "None", "netInterestIncome": "-99000000", "interestIncome": "8000000", "interestExpense": "107000000", "nonInterestIncome": "None", "otherNonOperatingIncome": "-160000000", "depreciation": "None", "depreciationAndAmortization": "64000000", "incomeBeforeTax": "278000000", "incomeTaxExpense": "58000000", "interestAndDebtExpense": "None", "netIncomeFromContinuingOperations": "220000000", "comprehensiveIncomeNetOfTax": "None", "ebit": "549000000", "ebitda": "613000000", "netIncome": "220000000"}, {"fiscalDateEnding": "2021-06-30", "reportedCurrency": "USD", "grossProfit": "726000000", "totalRevenue": "3149000000", "costOfRevenue": "2423000000", "costofGoodsAndServicesSold": "2423000000", "operatingIncome": "486000000", "sellingGeneralAndAdministrative": "187000000", "researchAndDevelopment": "None", "operatingExpenses": "237000000", "investmentIncomeNet": "None", "netInterestIncome": "-102000000", "interestIncome": "7000000", "interestExpense": "109000000", "nonInterestIncome": "None", "otherNonOperatingIncome": "4000000", "depreciation": "None", "depreciationAndAmortization": "50000000", "incomeBeforeTax": "381000000", "incomeTaxExpense": "-41000000", "interestAndDebtExpense": "None", "netIncomeFromContinuingOperations": "422000000", "comprehensiveIncomeNetOfTax": "None", "ebit": "489000000", "ebitda": "539000000", "netIncome": "422000000"}, {"fiscalDateEnding": "2021-03-31", "reportedCurrency": "USD", "grossProfit": "348000000", "totalRevenue": "2316000000", "costOfRevenue": "1968000000", "costofGoodsAndServicesSold": "1968000000", "operatingIncome": "84000000", "sellingGeneralAndAdministrative": "211000000", "researchAndDevelopment": "None", "operatingExpenses": "263000000", "investmentIncomeNet": "None", "netInterestIncome": "-100000000", "interestIncome": "7000000", "interestExpense": "107000000", "nonInterestIncome": "None", "otherNonOperatingIncome": "-4000000", "depreciation": "None", "depreciationAndAmortization": "52000000", "incomeBeforeTax": "-27000000", "incomeTaxExpense": "-16000000", "interestAndDebtExpense": "None", "netIncomeFromContinuingOperations": "-11000000", "comprehensiveIncomeNetOfTax": "None", "ebit": "85000000", "ebitda": "137000000", "netIncome": "-11000000"}, {"fiscalDateEnding": "2020-12-31", "reportedCurrency": "USD", "grossProfit": "388000000", "totalRevenue": "2172000000", "costOfRevenue": "1784000000", "costofGoodsAndServicesSold": "1784000000", "operatingIncome": "-128000000", "sellingGeneralAndAdministrative": "183000000", "researchAndDevelopment": "None", "operatingExpenses": "254000000", "investmentIncomeNet": "None", "netInterestIncome": "-105000000", "interestIncome": "7000000", "interestExpense": "112000000", "nonInterestIncome": "None", "otherNonOperatingIncome": "-74000000", "depreciation": "None", "depreciationAndAmortization": "71000000", "incomeBeforeTax": "-314000000", "incomeTaxExpense": "-150000000", "interestAndDebtExpense": "None", "netIncomeFromContinuingOperations": "-164000000", "comprehensiveIncomeNetOfTax": "None", "ebit": "60000000", "ebitda": "131000000", "netIncome": "-164000000"}, {"fiscalDateEnding": "2020-09-30", "reportedCurrency": "USD", "grossProfit": "437000000", "totalRevenue": "2254000000", "costOfRevenue": "1817000000", "costofGoodsAndServicesSold": "1817000000", "operatingIncome": "252000000", "sellingGeneralAndAdministrative": "131000000", "researchAndDevelopment": "None", "operatingExpenses": "184000000", "investmentIncomeNet": "None", "netInterestIncome": "-107000000", "interestIncome": "6000000", "interestExpense": "113000000", "nonInterestIncome": "None", "otherNonOperatingIncome": "-12000000", "depreciation": "None", "depreciationAndAmortization": "101000000", "incomeBeforeTax": "127000000", "incomeTaxExpense": "27000000", "interestAndDebtExpense": "None", "netIncomeFromContinuingOperations": "100000000", "comprehensiveIncomeNetOfTax": "None", "ebit": "240000000", "ebitda": "341000000", "netIncome": "100000000"}, {"fiscalDateEnding": "2020-06-30", "reportedCurrency": "USD", "grossProfit": "102000000", "totalRevenue": "1464000000", "costOfRevenue": "1362000000", "costofGoodsAndServicesSold": "1362000000", "operatingIncome": "-154000000", "sellingGeneralAndAdministrative": "178000000", "researchAndDevelopment": "None", "operatingExpenses": "250000000", "investmentIncomeNet": "None", "netInterestIncome": "-119000000", "interestIncome": "8000000", "interestExpense": "127000000", "nonInterestIncome": "None", "otherNonOperatingIncome": "-17000000", "depreciation": "None", "depreciationAndAmortization": "93000000", "incomeBeforeTax": "-298000000", "incomeTaxExpense": "-64000000", "interestAndDebtExpense": "None", "netIncomeFromContinuingOperations": "-234000000", "comprehensiveIncomeNetOfTax": "None", "ebit": "-169000000", "ebitda": "-76000000", "netIncome": "-234000000"}, {"fiscalDateEnding": "2020-03-31", "reportedCurrency": "USD", "grossProfit": "532000000", "totalRevenue": "4681000000", "costOfRevenue": "4149000000", "costofGoodsAndServicesSold": "4149000000", "operatingIncome": "114000000", "sellingGeneralAndAdministrative": "270000000", "researchAndDevelopment": "None", "operatingExpenses": "420000000", "investmentIncomeNet": "None", "netInterestIncome": "-87000000", "interestIncome": "6000000", "interestExpense": "93000000", "nonInterestIncome": "None", "otherNonOperatingIncome": "-2000000", "depreciation": "None", "depreciationAndAmortization": "175000000", "incomeBeforeTax": "19000000", "incomeTaxExpense": "-12000000", "interestAndDebtExpense": "None", "netIncomeFromContinuingOperations": "31000000", "comprehensiveIncomeNetOfTax": "None", "ebit": "87000000", "ebitda": "262000000", "netIncome": "31000000"}, {"fiscalDateEnding": "2019-12-31", "reportedCurrency": "USD", "grossProfit": "667000000", "totalRevenue": "5371000000", "costOfRevenue": "4704000000", "costofGoodsAndServicesSold": "4704000000", "operatingIncome": "274000000", "sellingGeneralAndAdministrative": "267000000", "researchAndDevelopment": "None", "operatingExpenses": "446000000", "investmentIncomeNet": "None", "netInterestIncome": "-89000000", "interestIncome": "6000000", "interestExpense": "95000000", "nonInterestIncome": "None", "otherNonOperatingIncome": "147000000", "depreciation": "None", "depreciationAndAmortization": "196000000", "incomeBeforeTax": "326000000", "incomeTaxExpense": "47000000", "interestAndDebtExpense": "None", "netIncomeFromContinuingOperations": "279000000", "comprehensiveIncomeNetOfTax": "None", "ebit": "421000000", "ebitda": "617000000", "netIncome": "279000000"}, {"fiscalDateEnding": "2019-09-30", "reportedCurrency": "USD", "grossProfit": "888000000", "totalRevenue": "5284000000", "costOfRevenue": "4396000000", "costofGoodsAndServicesSold": "4396000000", "operatingIncome": "607000000", "sellingGeneralAndAdministrative": "220000000", "researchAndDevelopment": "None", "operatingExpenses": "272000000", "investmentIncomeNet": "None", "netInterestIncome": "-92000000", "interestIncome": "8000000", "interestExpense": "100000000", "nonInterestIncome": "None", "otherNonOperatingIncome": "20000000", "depreciation": "None", "depreciationAndAmortization": "68000000", "incomeBeforeTax": "527000000", "incomeTaxExpense": "140000000", "interestAndDebtExpense": "None", "netIncomeFromContinuingOperations": "387000000", "comprehensiveIncomeNetOfTax": "None", "ebit": "600000000", "ebitda": "668000000", "netIncome": "387000000"}, {"fiscalDateEnding": "2019-06-30", "reportedCurrency": "USD", "grossProfit": "867000000", "totalRevenue": "5305000000", "costOfRevenue": "4438000000", "costofGoodsAndServicesSold": "4438000000", "operatingIncome": "409000000", "sellingGeneralAndAdministrative": "229000000", "researchAndDevelopment": "None", "operatingExpenses": "285000000", "investmentIncomeNet": "None", "netInterestIncome": "-96000000", "interestIncome": "6000000", "interestExpense": "102000000", "nonInterestIncome": "None", "otherNonOperatingIncome": "7000000", "depreciation": "None", "depreciationAndAmortization": "71000000", "incomeBeforeTax": "314000000", "incomeTaxExpense": "82000000", "interestAndDebtExpense": "None", "netIncomeFromContinuingOperations": "232000000", "comprehensiveIncomeNetOfTax": "None", "ebit": "416000000", "ebitda": "487000000", "netIncome": "232000000"}, {"fiscalDateEnding": "2019-03-31", "reportedCurrency": "USD", "grossProfit": "795000000", "totalRevenue": "5012000000", "costOfRevenue": "4217000000", "costofGoodsAndServicesSold": "4217000000", "operatingIncome": "510000000", "sellingGeneralAndAdministrative": "222000000", "researchAndDevelopment": "None", "operatingExpenses": "276000000", "investmentIncomeNet": "None", "netInterestIncome": "-91000000", "interestIncome": "78000000", "interestExpense": "97000000", "nonInterestIncome": "None", "otherNonOperatingIncome": "19000000", "depreciation": "None", "depreciationAndAmortization": "68000000", "incomeBeforeTax": "432000000", "incomeTaxExpense": "57000000", "interestAndDebtExpense": "None", "netIncomeFromContinuingOperations": "375000000", "comprehensiveIncomeNetOfTax": "None", "ebit": "505000000", "ebitda": "573000000", "netIncome": "375000000"}, {"fiscalDateEnding": "2018-12-31", "reportedCurrency": "USD", "grossProfit": "817000000", "totalRevenue": "5289000000", "costOfRevenue": "4472000000", "costofGoodsAndServicesSold": "4472000000", "operatingIncome": "422000000", "sellingGeneralAndAdministrative": "242000000", "researchAndDevelopment": "0", "operatingExpenses": "304000000", "investmentIncomeNet": "None", "netInterestIncome": "None", "interestIncome": "None", "interestExpense": "94000000", "nonInterestIncome": "None", "otherNonOperatingIncome": "17000000", "depreciation": "None", "depreciationAndAmortization": "62000000", "incomeBeforeTax": "345000000", "incomeTaxExpense": "28000000", "interestAndDebtExpense": "None", "netIncomeFromContinuingOperations": "416000000", "comprehensiveIncomeNetOfTax": "None", "ebit": "647000000", "ebitda": "709000000", "netIncome": "317000000"}, {"fiscalDateEnding": "2018-09-30", "reportedCurrency": "USD", "grossProfit": "855000000", "totalRevenue": "5049000000", "costOfRevenue": "4194000000", "costofGoodsAndServicesSold": "4194000000", "operatingIncome": "570000000", "sellingGeneralAndAdministrative": "221000000", "researchAndDevelopment": "0", "operatingExpenses": "273000000", "investmentIncomeNet": "None", "netInterestIncome": "None", "interestIncome": "None", "interestExpense": "86000000", "nonInterestIncome": "None", "otherNonOperatingIncome": "84000000", "depreciation": "None", "depreciationAndAmortization": "52000000", "incomeBeforeTax": "568000000", "incomeTaxExpense": "85000000", "interestAndDebtExpense": "None", "netIncomeFromContinuingOperations": "483000000", "comprehensiveIncomeNetOfTax": "None", "ebit": "652000000", "ebitda": "704000000", "netIncome": "503000000"}, {"fiscalDateEnding": "2018-06-30", "reportedCurrency": "USD", "grossProfit": "1033000000", "totalRevenue": "5346000000", "costOfRevenue": "4313000000", "costofGoodsAndServicesSold": "4313000000", "operatingIncome": "740000000", "sellingGeneralAndAdministrative": "217000000", "researchAndDevelopment": "0", "operatingExpenses": "275000000", "investmentIncomeNet": "None", "netInterestIncome": "None", "interestIncome": "None", "interestExpense": "85000000", "nonInterestIncome": "None", "otherNonOperatingIncome": "141000000", "depreciation": "None", "depreciationAndAmortization": "58000000", "incomeBeforeTax": "796000000", "incomeTaxExpense": "186000000", "interestAndDebtExpense": "None", "netIncomeFromContinuingOperations": "610000000", "comprehensiveIncomeNetOfTax": "None", "ebit": "836000000", "ebitda": "894000000", "netIncome": "667000000"}, {"fiscalDateEnding": "2018-03-31", "reportedCurrency": "USD", "grossProfit": "835000000", "totalRevenue": "5006000000", "costOfRevenue": "4171000000", "costofGoodsAndServicesSold": "4171000000", "operatingIncome": "500000000", "sellingGeneralAndAdministrative": "247000000", "researchAndDevelopment": "0", "operatingExpenses": "301000000", "investmentIncomeNet": "None", "netInterestIncome": "None", "interestIncome": "None", "interestExpense": "75000000", "nonInterestIncome": "None", "otherNonOperatingIncome": "77000000", "depreciation": "None", "depreciationAndAmortization": "54000000", "incomeBeforeTax": "502000000", "incomeTaxExpense": "104000000", "interestAndDebtExpense": "None", "netIncomeFromContinuingOperations": "398000000", "comprehensiveIncomeNetOfTax": "None", "ebit": "564000000", "ebitda": "618000000", "netIncome": "420000000"}, {"fiscalDateEnding": "2017-12-31", "reportedCurrency": "USD", "grossProfit": "806000000", "totalRevenue": "5251000000", "costOfRevenue": "4445000000", "costofGoodsAndServicesSold": "4445000000", "operatingIncome": "424000000", "sellingGeneralAndAdministrative": "270000000", "researchAndDevelopment": "0", "operatingExpenses": "323000000", "investmentIncomeNet": "None", "netInterestIncome": "None", "interestIncome": "None", "interestExpense": "72000000", "nonInterestIncome": "None", "otherNonOperatingIncome": "681000000", "depreciation": "None", "depreciationAndAmortization": "53000000", "incomeBeforeTax": "1034000000", "incomeTaxExpense": "920000000", "interestAndDebtExpense": "None", "netIncomeFromContinuingOperations": "201000000", "comprehensiveIncomeNetOfTax": "None", "ebit": "648000000", "ebitda": "701000000", "netIncome": "114000000"}, {"fiscalDateEnding": "2017-09-30", "reportedCurrency": "USD", "grossProfit": "927000000", "totalRevenue": "5663000000", "costOfRevenue": "4736000000", "costofGoodsAndServicesSold": "4736000000", "operatingIncome": "632000000", "sellingGeneralAndAdministrative": "199000000", "researchAndDevelopment": "0", "operatingExpenses": "267000000", "investmentIncomeNet": "None", "netInterestIncome": "None", "interestIncome": "None", "interestExpense": "73000000", "nonInterestIncome": "None", "otherNonOperatingIncome": "21000000", "depreciation": "None", "depreciationAndAmortization": "68000000", "incomeBeforeTax": "580000000", "incomeTaxExpense": "188000000", "interestAndDebtExpense": "None", "netIncomeFromContinuingOperations": "392000000", "comprehensiveIncomeNetOfTax": "None", "ebit": "838000000", "ebitda": "906000000", "netIncome": "485000000"}, {"fiscalDateEnding": "2017-06-30", "reportedCurrency": "USD", "grossProfit": "952000000", "totalRevenue": "5795000000", "costOfRevenue": "4843000000", "costofGoodsAndServicesSold": "4843000000", "operatingIncome": "620000000", "sellingGeneralAndAdministrative": "226000000", "researchAndDevelopment": "0", "operatingExpenses": "311000000", "investmentIncomeNet": "None", "netInterestIncome": "None", "interestIncome": "None", "interestExpense": "73000000", "nonInterestIncome": "None", "otherNonOperatingIncome": "45000000", "depreciation": "None", "depreciationAndAmortization": "85000000", "incomeBeforeTax": "592000000", "incomeTaxExpense": "178000000", "interestAndDebtExpense": "None", "netIncomeFromContinuingOperations": "414000000", "comprehensiveIncomeNetOfTax": "None", "ebit": "740000000", "ebitda": "825000000", "netIncome": "489000000"}, {"fiscalDateEnding": "2017-03-31", "reportedCurrency": "USD", "grossProfit": "863000000", "totalRevenue": "5561000000", "costOfRevenue": "4698000000", "costofGoodsAndServicesSold": "4698000000", "operatingIncome": "537000000", "sellingGeneralAndAdministrative": "210000000", "researchAndDevelopment": "0", "operatingExpenses": "275000000", "investmentIncomeNet": "None", "netInterestIncome": "None", "interestIncome": "None", "interestExpense": "70000000", "nonInterestIncome": "None", "otherNonOperatingIncome": "18000000", "depreciation": "None", "depreciationAndAmortization": "65000000", "incomeBeforeTax": "485000000", "incomeTaxExpense": "120000000", "interestAndDebtExpense": "None", "netIncomeFromContinuingOperations": "365000000", "comprehensiveIncomeNetOfTax": "None", "ebit": "588000000", "ebitda": "653000000", "netIncome": "371000000"}, {"fiscalDateEnding": "2016-12-31", "reportedCurrency": "USD", "grossProfit": "882000000", "totalRevenue": "5456000000", "costOfRevenue": "4574000000", "costofGoodsAndServicesSold": "4574000000", "operatingIncome": "441000000", "sellingGeneralAndAdministrative": "234000000", "researchAndDevelopment": "0", "operatingExpenses": "305000000", "investmentIncomeNet": "None", "netInterestIncome": "None", "interestIncome": "None", "interestExpense": "75000000", "nonInterestIncome": "None", "otherNonOperatingIncome": "17000000", "depreciation": "None", "depreciationAndAmortization": "71000000", "incomeBeforeTax": "383000000", "incomeTaxExpense": "139000000", "interestAndDebtExpense": "None", "netIncomeFromContinuingOperations": "244000000", "comprehensiveIncomeNetOfTax": "None", "ebit": "577000000", "ebitda": "648000000", "netIncome": "244000000"}, {"fiscalDateEnding": "2016-09-30", "reportedCurrency": "USD", "grossProfit": "596000000", "totalRevenue": "3942000000", "costOfRevenue": "3346000000", "costofGoodsAndServicesSold": "3346000000", "operatingIncome": "171000000", "sellingGeneralAndAdministrative": "161000000", "researchAndDevelopment": "0", "operatingExpenses": "197000000", "investmentIncomeNet": "None", "netInterestIncome": "None", "interestIncome": "None", "interestExpense": "55000000", "nonInterestIncome": "None", "otherNonOperatingIncome": "15000000", "depreciation": "None", "depreciationAndAmortization": "36000000", "incomeBeforeTax": "131000000", "incomeTaxExpense": "61000000", "interestAndDebtExpense": "None", "netIncomeFromContinuingOperations": "70000000", "comprehensiveIncomeNetOfTax": "None", "ebit": "399000000", "ebitda": "435000000", "netIncome": "70000000"}, {"fiscalDateEnding": "2016-06-30", "reportedCurrency": "USD", "grossProfit": "587000000", "totalRevenue": "3902000000", "costOfRevenue": "3315000000", "costofGoodsAndServicesSold": "3315000000", "operatingIncome": "389000000", "sellingGeneralAndAdministrative": "168000000", "researchAndDevelopment": "0", "operatingExpenses": "198000000", "investmentIncomeNet": "None", "netInterestIncome": "None", "interestIncome": "None", "interestExpense": "57000000", "nonInterestIncome": "None", "otherNonOperatingIncome": "12000000", "depreciation": "None", "depreciationAndAmortization": "30000000", "incomeBeforeTax": "344000000", "incomeTaxExpense": "97000000", "interestAndDebtExpense": "None", "netIncomeFromContinuingOperations": "247000000", "comprehensiveIncomeNetOfTax": "None", "ebit": "401000000", "ebitda": "431000000", "netIncome": "247000000"}, {"fiscalDateEnding": "2016-03-31", "reportedCurrency": "USD", "grossProfit": "561000000", "totalRevenue": "3772000000", "costOfRevenue": "3211000000", "costofGoodsAndServicesSold": "3211000000", "operatingIncome": "367000000", "sellingGeneralAndAdministrative": "163000000", "researchAndDevelopment": "0", "operatingExpenses": "194000000", "investmentIncomeNet": "None", "netInterestIncome": "None", "interestIncome": "None", "interestExpense": "47000000", "nonInterestIncome": "None", "otherNonOperatingIncome": "6000000", "depreciation": "None", "depreciationAndAmortization": "31000000", "incomeBeforeTax": "326000000", "incomeTaxExpense": "107000000", "interestAndDebtExpense": "None", "netIncomeFromContinuingOperations": "219000000", "comprehensiveIncomeNetOfTax": "None", "ebit": "373000000", "ebitda": "404000000", "netIncome": "219000000"}, {"fiscalDateEnding": "2015-12-31", "reportedCurrency": "USD", "grossProfit": "530000000", "totalRevenue": "3706000000", "costOfRevenue": "3176000000", "costofGoodsAndServicesSold": "3176000000", "operatingIncome": "310000000", "sellingGeneralAndAdministrative": "188000000", "researchAndDevelopment": "0", "operatingExpenses": "220000000", "investmentIncomeNet": "None", "netInterestIncome": "None", "interestIncome": "None", "interestExpense": "46000000", "nonInterestIncome": "None", "otherNonOperatingIncome": "20000000", "depreciation": "None", "depreciationAndAmortization": "32000000", "incomeBeforeTax": "284000000", "incomeTaxExpense": "82000000", "interestAndDebtExpense": "None", "netIncomeFromContinuingOperations": "202000000", "comprehensiveIncomeNetOfTax": "None", "ebit": "330000000", "ebitda": "362000000", "netIncome": "202000000"}, {"fiscalDateEnding": "2015-09-30", "reportedCurrency": "USD", "grossProfit": "519000000", "totalRevenue": "3578000000", "costOfRevenue": "3059000000", "costofGoodsAndServicesSold": "3059000000", "operatingIncome": "339000000", "sellingGeneralAndAdministrative": "149000000", "researchAndDevelopment": "0", "operatingExpenses": "180000000", "investmentIncomeNet": "None", "netInterestIncome": "None", "interestIncome": "None", "interestExpense": "43000000", "nonInterestIncome": "None", "otherNonOperatingIncome": "13000000", "depreciation": "None", "depreciationAndAmortization": "31000000", "incomeBeforeTax": "309000000", "incomeTaxExpense": "99000000", "interestAndDebtExpense": "None", "netIncomeFromContinuingOperations": "210000000", "comprehensiveIncomeNetOfTax": "None", "ebit": "352000000", "ebitda": "383000000", "netIncome": "210000000"}, {"fiscalDateEnding": "2015-06-30", "reportedCurrency": "USD", "grossProfit": "553000000", "totalRevenue": "3689000000", "costOfRevenue": "3136000000", "costofGoodsAndServicesSold": "3136000000", "operatingIncome": "369000000", "sellingGeneralAndAdministrative": "152000000", "researchAndDevelopment": "0", "operatingExpenses": "184000000", "investmentIncomeNet": "None", "netInterestIncome": "None", "interestIncome": "None", "interestExpense": "42000000", "nonInterestIncome": "None", "otherNonOperatingIncome": "28000000", "depreciation": "None", "depreciationAndAmortization": "32000000", "incomeBeforeTax": "355000000", "incomeTaxExpense": "115000000", "interestAndDebtExpense": "None", "netIncomeFromContinuingOperations": "240000000", "comprehensiveIncomeNetOfTax": "None", "ebit": "397000000", "ebitda": "429000000", "netIncome": "240000000"}, {"fiscalDateEnding": "2015-03-31", "reportedCurrency": "USD", "grossProfit": "521000000", "totalRevenue": "3513000000", "costOfRevenue": "2992000000", "costofGoodsAndServicesSold": "2992000000", "operatingIncome": "332000000", "sellingGeneralAndAdministrative": "145000000", "researchAndDevelopment": "0", "operatingExpenses": "189000000", "investmentIncomeNet": "None", "netInterestIncome": "None", "interestIncome": "None", "interestExpense": "36000000", "nonInterestIncome": "None", "otherNonOperatingIncome": "11000000", "depreciation": "None", "depreciationAndAmortization": "44000000", "incomeBeforeTax": "307000000", "incomeTaxExpense": "100000000", "interestAndDebtExpense": "None", "netIncomeFromContinuingOperations": "207000000", "comprehensiveIncomeNetOfTax": "None", "ebit": "343000000", "ebitda": "387000000", "netIncome": "207000000"}, {"fiscalDateEnding": "2014-12-31", "reportedCurrency": "USD", "grossProfit": "503000000", "totalRevenue": "3559000000", "costOfRevenue": "3056000000", "costofGoodsAndServicesSold": "3056000000", "operatingIncome": "291000000", "sellingGeneralAndAdministrative": "180000000", "researchAndDevelopment": "0", "operatingExpenses": "212000000", "investmentIncomeNet": "None", "netInterestIncome": "None", "interestIncome": "None", "interestExpense": "26000000", "nonInterestIncome": "None", "otherNonOperatingIncome": "17000000", "depreciation": "None", "depreciationAndAmortization": "32000000", "incomeBeforeTax": "282000000", "incomeTaxExpense": "85000000", "interestAndDebtExpense": "None", "netIncomeFromContinuingOperations": "197000000", "comprehensiveIncomeNetOfTax": "None", "ebit": "308000000", "ebitda": "340000000", "netIncome": "197000000"}, {"fiscalDateEnding": "2014-09-30", "reportedCurrency": "USD", "grossProfit": "503000000", "totalRevenue": "3460000000", "costOfRevenue": "2957000000", "costofGoodsAndServicesSold": "2957000000", "operatingIncome": "298000000", "sellingGeneralAndAdministrative": "172000000", "researchAndDevelopment": "0", "operatingExpenses": "205000000", "investmentIncomeNet": "None", "netInterestIncome": "None", "interestIncome": "None", "interestExpense": "29000000", "nonInterestIncome": "None", "otherNonOperatingIncome": "21000000", "depreciation": "None", "depreciationAndAmortization": "33000000", "incomeBeforeTax": "290000000", "incomeTaxExpense": "98000000", "interestAndDebtExpense": "None", "netIncomeFromContinuingOperations": "192000000", "comprehensiveIncomeNetOfTax": "None", "ebit": "319000000", "ebitda": "352000000", "netIncome": "192000000"}, {"fiscalDateEnding": "2014-06-30", "reportedCurrency": "USD", "grossProfit": "522000000", "totalRevenue": "3484000000", "costOfRevenue": "2962000000", "costofGoodsAndServicesSold": "2962000000", "operatingIncome": "316000000", "sellingGeneralAndAdministrative": "159000000", "researchAndDevelopment": "0", "operatingExpenses": "206000000", "investmentIncomeNet": "None", "netInterestIncome": "None", "interestIncome": "None", "interestExpense": "30000000", "nonInterestIncome": "None", "otherNonOperatingIncome": "-1000000", "depreciation": "None", "depreciationAndAmortization": "47000000", "incomeBeforeTax": "285000000", "incomeTaxExpense": "93000000", "interestAndDebtExpense": "None", "netIncomeFromContinuingOperations": "192000000", "comprehensiveIncomeNetOfTax": "None", "ebit": "315000000", "ebitda": "362000000", "netIncome": "192000000"}, {"fiscalDateEnding": "2014-03-31", "reportedCurrency": "USD", "grossProfit": "438000000", "totalRevenue": "3293000000", "costOfRevenue": "2855000000", "costofGoodsAndServicesSold": "2855000000", "operatingIncome": "254000000", "sellingGeneralAndAdministrative": "148000000", "researchAndDevelopment": "0", "operatingExpenses": "184000000", "investmentIncomeNet": "None", "netInterestIncome": "None", "interestIncome": "None", "interestExpense": "30000000", "nonInterestIncome": "None", "otherNonOperatingIncome": "7000000", "depreciation": "None", "depreciationAndAmortization": "36000000", "incomeBeforeTax": "231000000", "incomeTaxExpense": "59000000", "interestAndDebtExpense": "None", "netIncomeFromContinuingOperations": "172000000", "comprehensiveIncomeNetOfTax": "None", "ebit": "261000000", "ebitda": "297000000", "netIncome": "172000000"}, {"fiscalDateEnding": "2013-12-31", "reportedCurrency": "USD", "grossProfit": "438000000", "totalRevenue": "3219000000", "costOfRevenue": "2781000000", "costofGoodsAndServicesSold": "2781000000", "operatingIncome": "238000000", "sellingGeneralAndAdministrative": "200000000", "researchAndDevelopment": "0", "operatingExpenses": "200000000", "investmentIncomeNet": "None", "netInterestIncome": "None", "interestIncome": "None", "interestExpense": "32000000", "nonInterestIncome": "None", "otherNonOperatingIncome": "4000000", "depreciation": "None", "depreciationAndAmortization": "14000000", "incomeBeforeTax": "210000000", "incomeTaxExpense": "59000000", "interestAndDebtExpense": "None", "netIncomeFromContinuingOperations": "151000000", "comprehensiveIncomeNetOfTax": "None", "ebit": "242000000", "ebitda": "256000000", "netIncome": "151000000"}, {"fiscalDateEnding": "2013-09-30", "reportedCurrency": "USD", "grossProfit": "412000000", "totalRevenue": "3160000000", "costOfRevenue": "2748000000", "costofGoodsAndServicesSold": "2748000000", "operatingIncome": "245000000", "sellingGeneralAndAdministrative": "167000000", "researchAndDevelopment": "0", "operatingExpenses": "167000000", "investmentIncomeNet": "None", "netInterestIncome": "None", "interestIncome": "None", "interestExpense": "28000000", "nonInterestIncome": "None", "otherNonOperatingIncome": "6000000", "depreciation": "None", "depreciationAndAmortization": "39000000", "incomeBeforeTax": "223000000", "incomeTaxExpense": "63000000", "interestAndDebtExpense": "None", "netIncomeFromContinuingOperations": "160000000", "comprehensiveIncomeNetOfTax": "None", "ebit": "246000000", "ebitda": "285000000", "netIncome": "160000000"}, {"fiscalDateEnding": "2013-06-30", "reportedCurrency": "USD", "grossProfit": "458000000", "totalRevenue": "3263000000", "costOfRevenue": "2805000000", "costofGoodsAndServicesSold": "2805000000", "operatingIncome": "279000000", "sellingGeneralAndAdministrative": "179000000", "researchAndDevelopment": "0", "operatingExpenses": "179000000", "investmentIncomeNet": "None", "netInterestIncome": "None", "interestIncome": "None", "interestExpense": "29000000", "nonInterestIncome": "None", "otherNonOperatingIncome": "13000000", "depreciation": "None", "depreciationAndAmortization": "37000000", "incomeBeforeTax": "263000000", "incomeTaxExpense": "84000000", "interestAndDebtExpense": "None", "netIncomeFromContinuingOperations": "179000000", "comprehensiveIncomeNetOfTax": "None", "ebit": "255000000", "ebitda": "292000000", "netIncome": "179000000"}, {"fiscalDateEnding": "2013-03-31", "reportedCurrency": "USD", "grossProfit": "406000000", "totalRevenue": "3142000000", "costOfRevenue": "2736000000", "costofGoodsAndServicesSold": "2736000000", "operatingIncome": "226000000", "sellingGeneralAndAdministrative": "180000000", "researchAndDevelopment": "0", "operatingExpenses": "180000000", "investmentIncomeNet": "None", "netInterestIncome": "None", "interestIncome": "None", "interestExpense": "31000000", "nonInterestIncome": "None", "otherNonOperatingIncome": "6000000", "depreciation": "None", "depreciationAndAmortization": "37000000", "incomeBeforeTax": "201000000", "incomeTaxExpense": "65000000", "interestAndDebtExpense": "None", "netIncomeFromContinuingOperations": "136000000", "comprehensiveIncomeNetOfTax": "None", "ebit": "220000000", "ebitda": "257000000", "netIncome": "136000000"}, {"fiscalDateEnding": "2012-12-31", "reportedCurrency": "USD", "grossProfit": "515000000", "totalRevenue": "3757000000", "costOfRevenue": "3242000000", "costofGoodsAndServicesSold": "3242000000", "operatingIncome": "309000000", "sellingGeneralAndAdministrative": "206000000", "researchAndDevelopment": "0", "operatingExpenses": "206000000", "investmentIncomeNet": "None", "netInterestIncome": "None", "interestIncome": "None", "interestExpense": "41000000", "nonInterestIncome": "None", "otherNonOperatingIncome": "3000000", "depreciation": "None", "depreciationAndAmortization": "45000000", "incomeBeforeTax": "271000000", "incomeTaxExpense": "90000000", "interestAndDebtExpense": "None", "netIncomeFromContinuingOperations": "181000000", "comprehensiveIncomeNetOfTax": "None", "ebit": "312000000", "ebitda": "357000000", "netIncome": "181000000"}, {"fiscalDateEnding": "2012-09-30", "reportedCurrency": "USD", "grossProfit": "345000000", "totalRevenue": "2729000000", "costOfRevenue": "2384000000", "costofGoodsAndServicesSold": "2384000000", "operatingIncome": "213000000", "sellingGeneralAndAdministrative": "132000000", "researchAndDevelopment": "0", "operatingExpenses": "132000000", "investmentIncomeNet": "None", "netInterestIncome": "None", "interestIncome": "None", "interestExpense": "29000000", "nonInterestIncome": "None", "otherNonOperatingIncome": "38000000", "depreciation": "None", "depreciationAndAmortization": "33000000", "incomeBeforeTax": "222000000", "incomeTaxExpense": "79000000", "interestAndDebtExpense": "None", "netIncomeFromContinuingOperations": "143000000", "comprehensiveIncomeNetOfTax": "None", "ebit": "251000000", "ebitda": "284000000", "netIncome": "143000000"}, {"fiscalDateEnding": "2012-06-30", "reportedCurrency": "USD", "grossProfit": "403000000", "totalRevenue": "2776000000", "costOfRevenue": "2373000000", "costofGoodsAndServicesSold": "2373000000", "operatingIncome": "243000000", "sellingGeneralAndAdministrative": "160000000", "researchAndDevelopment": "0", "operatingExpenses": "160000000", "investmentIncomeNet": "None", "netInterestIncome": "None", "interestIncome": "None", "interestExpense": "34000000", "nonInterestIncome": "None", "otherNonOperatingIncome": "None", "depreciation": "None", "depreciationAndAmortization": "38000000", "incomeBeforeTax": "209000000", "incomeTaxExpense": "66000000", "interestAndDebtExpense": "None", "netIncomeFromContinuingOperations": "143000000", "comprehensiveIncomeNetOfTax": "None", "ebit": "205000000", "ebitda": "243000000", "netIncome": "143000000"}, {"fiscalDateEnding": "2012-03-31", "reportedCurrency": "USD", "grossProfit": "322000000", "totalRevenue": "2552000000", "costOfRevenue": "2230000000", "costofGoodsAndServicesSold": "2230000000", "operatingIncome": "175000000", "sellingGeneralAndAdministrative": "147000000", "researchAndDevelopment": "0", "operatingExpenses": "147000000", "investmentIncomeNet": "None", "netInterestIncome": "None", "interestIncome": "None", "interestExpense": "33000000", "nonInterestIncome": "None", "otherNonOperatingIncome": "5000000", "depreciation": "None", "depreciationAndAmortization": "29000000", "incomeBeforeTax": "147000000", "incomeTaxExpense": "43000000", "interestAndDebtExpense": "None", "netIncomeFromContinuingOperations": "104000000", "comprehensiveIncomeNetOfTax": "None", "ebit": "180000000", "ebitda": "209000000", "netIncome": "104000000"}, {"fiscalDateEnding": "2011-12-31", "reportedCurrency": "USD", "grossProfit": "501000000", "totalRevenue": "3693000000", "costOfRevenue": "3192000000", "costofGoodsAndServicesSold": "3192000000", "operatingIncome": "247000000", "sellingGeneralAndAdministrative": "254000000", "researchAndDevelopment": "0", "operatingExpenses": "254000000", "investmentIncomeNet": "None", "netInterestIncome": "None", "interestIncome": "None", "interestExpense": "47000000", "nonInterestIncome": "None", "otherNonOperatingIncome": "2000000", "depreciation": "None", "depreciationAndAmortization": "52000000", "incomeBeforeTax": "202000000", "incomeTaxExpense": "61000000", "interestAndDebtExpense": "None", "netIncomeFromContinuingOperations": "141000000", "comprehensiveIncomeNetOfTax": "None", "ebit": "249000000", "ebitda": "301000000", "netIncome": "141000000"}, {"fiscalDateEnding": "2011-09-30", "reportedCurrency": "USD", "grossProfit": "36000000", "totalRevenue": "2874000000", "costOfRevenue": "2838000000", "costofGoodsAndServicesSold": "2838000000", "operatingIncome": "-144000000", "sellingGeneralAndAdministrative": "180000000", "researchAndDevelopment": "0", "operatingExpenses": "180000000", "investmentIncomeNet": "None", "netInterestIncome": "None", "interestIncome": "None", "interestExpense": "39000000", "nonInterestIncome": "None", "otherNonOperatingIncome": "-16000000", "depreciation": "None", "depreciationAndAmortization": "40000000", "incomeBeforeTax": "-199000000", "incomeTaxExpense": "-20000000", "interestAndDebtExpense": "None", "netIncomeFromContinuingOperations": "-179000000", "comprehensiveIncomeNetOfTax": "None", "ebit": "-160000000", "ebitda": "-120000000", "netIncome": "-179000000"}, {"fiscalDateEnding": "2011-06-30", "reportedCurrency": "USD", "grossProfit": "391000000", "totalRevenue": "2972000000", "costOfRevenue": "2581000000", "costofGoodsAndServicesSold": "2581000000", "operatingIncome": "232000000", "sellingGeneralAndAdministrative": "159000000", "researchAndDevelopment": "0", "operatingExpenses": "159000000", "investmentIncomeNet": "None", "netInterestIncome": "None", "interestIncome": "None", "interestExpense": "37000000", "nonInterestIncome": "None", "otherNonOperatingIncome": "6000000", "depreciation": "None", "depreciationAndAmortization": "41000000", "incomeBeforeTax": "201000000", "incomeTaxExpense": "66000000", "interestAndDebtExpense": "None", "netIncomeFromContinuingOperations": "135000000", "comprehensiveIncomeNetOfTax": "None", "ebit": "238000000", "ebitda": "279000000", "netIncome": "135000000"}, {"fiscalDateEnding": "2011-03-31", "reportedCurrency": "USD", "grossProfit": "350000000", "totalRevenue": "2778000000", "costOfRevenue": "2428000000", "costofGoodsAndServicesSold": "2428000000", "operatingIncome": "191000000", "sellingGeneralAndAdministrative": "159000000", "researchAndDevelopment": "0", "operatingExpenses": "159000000", "investmentIncomeNet": "None", "netInterestIncome": "None", "interestIncome": "None", "interestExpense": "41000000", "nonInterestIncome": "None", "otherNonOperatingIncome": "2000000", "depreciation": "None", "depreciationAndAmortization": "35000000", "incomeBeforeTax": "152000000", "incomeTaxExpense": "51000000", "interestAndDebtExpense": "None", "netIncomeFromContinuingOperations": "101000000", "comprehensiveIncomeNetOfTax": "None", "ebit": "193000000", "ebitda": "228000000", "netIncome": "101000000"}, {"fiscalDateEnding": "2010-12-31", "reportedCurrency": "USD", "grossProfit": "473000000", "totalRevenue": "3642000000", "costOfRevenue": "3169000000", "costofGoodsAndServicesSold": "3169000000", "operatingIncome": "122000000", "sellingGeneralAndAdministrative": "351000000", "researchAndDevelopment": "0", "operatingExpenses": "351000000", "investmentIncomeNet": "None", "netInterestIncome": "None", "interestIncome": "None", "interestExpense": "50000000", "nonInterestIncome": "None", "otherNonOperatingIncome": "38000000", "depreciation": "None", "depreciationAndAmortization": "57000000", "incomeBeforeTax": "110000000", "incomeTaxExpense": "-63000000", "interestAndDebtExpense": "None", "netIncomeFromContinuingOperations": "173000000", "comprehensiveIncomeNetOfTax": "None", "ebit": "103000000", "ebitda": "160000000", "netIncome": "173000000"}, {"fiscalDateEnding": "2010-09-30", "reportedCurrency": "USD", "grossProfit": "316000000", "totalRevenue": "2648000000", "costOfRevenue": "2332000000", "costofGoodsAndServicesSold": "2332000000", "operatingIncome": "167000000", "sellingGeneralAndAdministrative": "149000000", "researchAndDevelopment": "0", "operatingExpenses": "149000000", "investmentIncomeNet": "None", "netInterestIncome": "None", "interestIncome": "None", "interestExpense": "41000000", "nonInterestIncome": "None", "otherNonOperatingIncome": "2000000", "depreciation": "None", "depreciationAndAmortization": "40000000", "incomeBeforeTax": "128000000", "incomeTaxExpense": "45000000", "interestAndDebtExpense": "None", "netIncomeFromContinuingOperations": "83000000", "comprehensiveIncomeNetOfTax": "None", "ebit": "169000000", "ebitda": "209000000", "netIncome": "83000000"}, {"fiscalDateEnding": "2010-06-30", "reportedCurrency": "USD", "grossProfit": "368000000", "totalRevenue": "2771000000", "costOfRevenue": "2403000000", "costofGoodsAndServicesSold": "2403000000", "operatingIncome": "226000000", "sellingGeneralAndAdministrative": "142000000", "researchAndDevelopment": "0", "operatingExpenses": "142000000", "investmentIncomeNet": "None", "netInterestIncome": "None", "interestIncome": "None", "interestExpense": "44000000", "nonInterestIncome": "None", "otherNonOperatingIncome": "2000000", "depreciation": "None", "depreciationAndAmortization": "42000000", "incomeBeforeTax": "184000000", "incomeTaxExpense": "65000000", "interestAndDebtExpense": "None", "netIncomeFromContinuingOperations": "119000000", "comprehensiveIncomeNetOfTax": "None", "ebit": "228000000", "ebitda": "270000000", "netIncome": "119000000"}, {"fiscalDateEnding": "2010-03-31", "reportedCurrency": "USD", "grossProfit": "318000000", "totalRevenue": "2630000000", "costOfRevenue": "2312000000", "costofGoodsAndServicesSold": "2312000000", "operatingIncome": "180000000", "sellingGeneralAndAdministrative": "138000000", "researchAndDevelopment": "0", "operatingExpenses": "138000000", "investmentIncomeNet": "None", "netInterestIncome": "None", "interestIncome": "None", "interestExpense": "45000000", "nonInterestIncome": "None", "otherNonOperatingIncome": "-6000000", "depreciation": "None", "depreciationAndAmortization": "39000000", "incomeBeforeTax": "129000000", "incomeTaxExpense": "46000000", "interestAndDebtExpense": "None", "netIncomeFromContinuingOperations": "83000000", "comprehensiveIncomeNetOfTax": "None", "ebit": "174000000", "ebitda": "213000000", "netIncome": "83000000"}, {"fiscalDateEnding": "2009-12-31", "reportedCurrency": "USD", "grossProfit": "437000000", "totalRevenue": "3380000000", "costOfRevenue": "2943000000", "costofGoodsAndServicesSold": "2943000000", "operatingIncome": "172000000", "sellingGeneralAndAdministrative": "209282000", "researchAndDevelopment": "0", "operatingExpenses": "258000000", "investmentIncomeNet": "None", "netInterestIncome": "None", "interestIncome": "None", "interestExpense": "34000000", "nonInterestIncome": "None", "otherNonOperatingIncome": "38000000", "depreciation": "None", "depreciationAndAmortization": "61000000", "incomeBeforeTax": "174000000", "incomeTaxExpense": "68000000", "interestAndDebtExpense": "None", "netIncomeFromContinuingOperations": "173000000", "comprehensiveIncomeNetOfTax": "None", "ebit": "208000000", "ebitda": "269000000", "netIncome": "106000000"}, {"fiscalDateEnding": "2009-09-30", "reportedCurrency": "USD", "grossProfit": "261000000", "totalRevenue": "2471000000", "costOfRevenue": "2210000000", "costofGoodsAndServicesSold": "2210000000", "operatingIncome": "-506000000", "sellingGeneralAndAdministrative": "143000000", "researchAndDevelopment": "0", "operatingExpenses": "144000000", "investmentIncomeNet": "None", "netInterestIncome": "None", "interestIncome": "None", "interestExpense": "27000000", "nonInterestIncome": "None", "otherNonOperatingIncome": "-8000000", "depreciation": "None", "depreciationAndAmortization": "43000000", "incomeBeforeTax": "-679000000", "incomeTaxExpense": "-210000000", "interestAndDebtExpense": "None", "netIncomeFromContinuingOperations": "-469000000", "comprehensiveIncomeNetOfTax": "None", "ebit": "-549000000", "ebitda": "-506000000", "netIncome": "-466000000"}, {"fiscalDateEnding": "2009-06-30", "reportedCurrency": "USD", "grossProfit": "279000000", "totalRevenue": "2562000000", "costOfRevenue": "2283000000", "costofGoodsAndServicesSold": "2283000000", "operatingIncome": "100000000", "sellingGeneralAndAdministrative": "135000000", "researchAndDevelopment": "0", "operatingExpenses": "146000000", "investmentIncomeNet": "None", "netInterestIncome": "None", "interestIncome": "None", "interestExpense": "28000000", "nonInterestIncome": "None", "otherNonOperatingIncome": "8000000", "depreciation": "None", "depreciationAndAmortization": "42000000", "incomeBeforeTax": "79000000", "incomeTaxExpense": "44000000", "interestAndDebtExpense": "None", "netIncomeFromContinuingOperations": "35000000", "comprehensiveIncomeNetOfTax": "None", "ebit": "107000000", "ebitda": "149000000", "netIncome": "37000000"}, {"fiscalDateEnding": "2009-03-31", "reportedCurrency": "USD", "grossProfit": "258000000", "totalRevenue": "2495000000", "costOfRevenue": "2237000000", "costofGoodsAndServicesSold": "2237000000", "operatingIncome": "82000000", "sellingGeneralAndAdministrative": "136000000", "researchAndDevelopment": "None", "operatingExpenses": "174000000", "investmentIncomeNet": "None", "netInterestIncome": "None", "interestIncome": "None", "interestExpense": "29000000", "nonInterestIncome": "None", "otherNonOperatingIncome": "None", "depreciation": "None", "depreciationAndAmortization": "39000000", "incomeBeforeTax": "8000000", "incomeTaxExpense": "33000000", "interestAndDebtExpense": "None", "netIncomeFromContinuingOperations": "None", "comprehensiveIncomeNetOfTax": "None", "ebit": "37000000", "ebitda": "76000000", "netIncome": "-23000000"}, {"fiscalDateEnding": "2008-12-31", "reportedCurrency": "USD", "grossProfit": "399000000", "totalRevenue": "3784000000", "costOfRevenue": "3385000000", "costofGoodsAndServicesSold": "3385000000", "operatingIncome": "74000000", "sellingGeneralAndAdministrative": "270000000", "researchAndDevelopment": "0", "operatingExpenses": "270000000", "investmentIncomeNet": "None", "netInterestIncome": "None", "interestIncome": "None", "interestExpense": "50000000", "nonInterestIncome": "None", "otherNonOperatingIncome": "None", "depreciation": "None", "depreciationAndAmortization": "60000000", "incomeBeforeTax": "21000000", "incomeTaxExpense": "33000000", "interestAndDebtExpense": "None", "netIncomeFromContinuingOperations": "0", "comprehensiveIncomeNetOfTax": "None", "ebit": "129000000", "ebitda": "189000000", "netIncome": "-10000000"}, {"fiscalDateEnding": "2008-09-30", "reportedCurrency": "USD", "grossProfit": "370000000", "totalRevenue": "2963000000", "costOfRevenue": "2593000000", "costofGoodsAndServicesSold": "2593000000", "operatingIncome": "203000000", "sellingGeneralAndAdministrative": "167000000", "researchAndDevelopment": "0", "operatingExpenses": "167000000", "investmentIncomeNet": "None", "netInterestIncome": "None", "interestIncome": "None", "interestExpense": "33000000", "nonInterestIncome": "None", "otherNonOperatingIncome": "None", "depreciation": "None", "depreciationAndAmortization": "43000000", "incomeBeforeTax": "187000000", "incomeTaxExpense": "103000000", "interestAndDebtExpense": "None", "netIncomeFromContinuingOperations": "0", "comprehensiveIncomeNetOfTax": "None", "ebit": "220000000", "ebitda": "263000000", "netIncome": "94000000"}, {"fiscalDateEnding": "2008-06-30", "reportedCurrency": "USD", "grossProfit": "497000000", "totalRevenue": "3185000000", "costOfRevenue": "2688000000", "costofGoodsAndServicesSold": "2688000000", "operatingIncome": "313000000", "sellingGeneralAndAdministrative": "184000000", "researchAndDevelopment": "0", "operatingExpenses": "184000000", "investmentIncomeNet": "None", "netInterestIncome": "None", "interestIncome": "None", "interestExpense": "38000000", "nonInterestIncome": "None", "otherNonOperatingIncome": "None", "depreciation": "None", "depreciationAndAmortization": "46000000", "incomeBeforeTax": "290000000", "incomeTaxExpense": "139000000", "interestAndDebtExpense": "None", "netIncomeFromContinuingOperations": "0", "comprehensiveIncomeNetOfTax": "None", "ebit": "328000000", "ebitda": "374000000", "netIncome": "157000000"}, {"fiscalDateEnding": "2008-03-31", "reportedCurrency": "USD", "grossProfit": "357000000", "totalRevenue": "2947000000", "costOfRevenue": "2590000000", "costofGoodsAndServicesSold": "2590000000", "operatingIncome": "195000000", "sellingGeneralAndAdministrative": "162000000", "researchAndDevelopment": "0", "operatingExpenses": "162000000", "investmentIncomeNet": "None", "netInterestIncome": "None", "interestIncome": "None", "interestExpense": "42000000", "nonInterestIncome": "None", "otherNonOperatingIncome": "None", "depreciation": "None", "depreciationAndAmortization": "41000000", "incomeBeforeTax": "196000000", "incomeTaxExpense": "75000000", "interestAndDebtExpense": "None", "netIncomeFromContinuingOperations": "0", "comprehensiveIncomeNetOfTax": "None", "ebit": "238000000", "ebitda": "279000000", "netIncome": "121000000"}, {"fiscalDateEnding": "2007-12-31", "reportedCurrency": "USD", "grossProfit": "754000000", "totalRevenue": "3836000000", "costOfRevenue": "3082000000", "costofGoodsAndServicesSold": "3082000000", "operatingIncome": "504000000", "sellingGeneralAndAdministrative": "250000000", "researchAndDevelopment": "0", "operatingExpenses": "250000000", "investmentIncomeNet": "None", "netInterestIncome": "None", "interestIncome": "None", "interestExpense": "57000000", "nonInterestIncome": "None", "otherNonOperatingIncome": "None", "depreciation": "None", "depreciationAndAmortization": "63000000", "incomeBeforeTax": "510000000", "incomeTaxExpense": "333000000", "interestAndDebtExpense": "None", "netIncomeFromContinuingOperations": "0", "comprehensiveIncomeNetOfTax": "None", "ebit": "504000000", "ebitda": "567000000", "netIncome": "176000000"}, {"fiscalDateEnding": "2007-09-30", "reportedCurrency": "USD", "grossProfit": "347000000", "totalRevenue": "3040000000", "costOfRevenue": "2693000000", "costofGoodsAndServicesSold": "2693000000", "operatingIncome": "183000000", "sellingGeneralAndAdministrative": "164000000", "researchAndDevelopment": "0", "operatingExpenses": "164000000", "investmentIncomeNet": "None", "netInterestIncome": "None", "interestIncome": "None", "interestExpense": "75000000", "nonInterestIncome": "None", "otherNonOperatingIncome": "None", "depreciation": "None", "depreciationAndAmortization": "43000000", "incomeBeforeTax": "182000000", "incomeTaxExpense": "52000000", "interestAndDebtExpense": "None", "netIncomeFromContinuingOperations": "0", "comprehensiveIncomeNetOfTax": "None", "ebit": "140000000", "ebitda": "183000000", "netIncome": "131000000"}, {"fiscalDateEnding": "2007-06-30", "reportedCurrency": "USD", "grossProfit": "507000000", "totalRevenue": "3210000000", "costOfRevenue": "2703000000", "costofGoodsAndServicesSold": "2703000000", "operatingIncome": "300000000", "sellingGeneralAndAdministrative": "207000000", "researchAndDevelopment": "0", "operatingExpenses": "207000000", "investmentIncomeNet": "None", "netInterestIncome": "None", "interestIncome": "None", "interestExpense": "19000000", "nonInterestIncome": "None", "otherNonOperatingIncome": "None", "depreciation": "None", "depreciationAndAmortization": "46000000", "incomeBeforeTax": "249000000", "incomeTaxExpense": "42000000", "interestAndDebtExpense": "None", "netIncomeFromContinuingOperations": "0", "comprehensiveIncomeNetOfTax": "None", "ebit": "254000000", "ebitda": "300000000", "netIncome": "207000000"}, {"fiscalDateEnding": "2007-03-31", "reportedCurrency": "USD", "grossProfit": "348000000", "totalRevenue": "2904000000", "costOfRevenue": "2556000000", "costofGoodsAndServicesSold": "2556000000", "operatingIncome": "201000000", "sellingGeneralAndAdministrative": "147000000", "researchAndDevelopment": "0", "operatingExpenses": "147000000", "investmentIncomeNet": "None", "netInterestIncome": "None", "interestIncome": "None", "interestExpense": "33000000", "nonInterestIncome": "None", "otherNonOperatingIncome": "None", "depreciation": "None", "depreciationAndAmortization": "45000000", "incomeBeforeTax": "196000000", "incomeTaxExpense": "14000000", "interestAndDebtExpense": "None", "netIncomeFromContinuingOperations": "0", "comprehensiveIncomeNetOfTax": "None", "ebit": "237000000", "ebitda": "282000000", "netIncome": "182000000"}, {"fiscalDateEnding": "2006-12-31", "reportedCurrency": "USD", "grossProfit": "542000000", "totalRevenue": "3861000000", "costOfRevenue": "3319000000", "costofGoodsAndServicesSold": "3319000000", "operatingIncome": "305000000", "sellingGeneralAndAdministrative": "237000000", "researchAndDevelopment": "0", "operatingExpenses": "237000000", "investmentIncomeNet": "None", "netInterestIncome": "None", "interestIncome": "None", "interestExpense": "38000000", "nonInterestIncome": "None", "otherNonOperatingIncome": "None", "depreciation": "None", "depreciationAndAmortization": "62000000", "incomeBeforeTax": "283000000", "incomeTaxExpense": "63000000", "interestAndDebtExpense": "None", "netIncomeFromContinuingOperations": "0", "comprehensiveIncomeNetOfTax": "None", "ebit": "305000000", "ebitda": "367000000", "netIncome": "216000000"}, {"fiscalDateEnding": "2006-09-30", "reportedCurrency": "USD", "grossProfit": "378000000", "totalRevenue": "2703000000", "costOfRevenue": "2325000000", "costofGoodsAndServicesSold": "2325000000", "operatingIncome": "229000000", "sellingGeneralAndAdministrative": "149000000", "researchAndDevelopment": "0", "operatingExpenses": "149000000", "investmentIncomeNet": "None", "netInterestIncome": "None", "interestIncome": "None", "interestExpense": "56000000", "nonInterestIncome": "None", "otherNonOperatingIncome": "None", "depreciation": "None", "depreciationAndAmortization": "44000000", "incomeBeforeTax": "223000000", "incomeTaxExpense": "82000000", "interestAndDebtExpense": "None", "netIncomeFromContinuingOperations": "0", "comprehensiveIncomeNetOfTax": "None", "ebit": "229000000", "ebitda": "273000000", "netIncome": "141000000"}, {"fiscalDateEnding": "2006-06-30", "reportedCurrency": "USD", "grossProfit": "375000000", "totalRevenue": "2851000000", "costOfRevenue": "2476000000", "costofGoodsAndServicesSold": "2476000000", "operatingIncome": "234000000", "sellingGeneralAndAdministrative": "141000000", "researchAndDevelopment": "0", "operatingExpenses": "141000000", "investmentIncomeNet": "None", "netInterestIncome": "None", "interestIncome": "None", "interestExpense": "3000000", "nonInterestIncome": "None", "otherNonOperatingIncome": "None", "depreciation": "None", "depreciationAndAmortization": "42000000", "incomeBeforeTax": "271000000", "incomeTaxExpense": "85000000", "interestAndDebtExpense": "None", "netIncomeFromContinuingOperations": "0", "comprehensiveIncomeNetOfTax": "None", "ebit": "274000000", "ebitda": "316000000", "netIncome": "186000000"}, {"fiscalDateEnding": "2006-03-31", "reportedCurrency": "USD", "grossProfit": "353000000", "totalRevenue": "2705000000", "costOfRevenue": "2352000000", "costofGoodsAndServicesSold": "2352000000", "operatingIncome": "230000000", "sellingGeneralAndAdministrative": "150000000", "researchAndDevelopment": "0", "operatingExpenses": "2272000000", "investmentIncomeNet": "None", "netInterestIncome": "None", "interestIncome": "None", "interestExpense": "27000000", "nonInterestIncome": "None", "otherNonOperatingIncome": "None", "depreciation": "None", "depreciationAndAmortization": "40000000", "incomeBeforeTax": "220000000", "incomeTaxExpense": "56000000", "interestAndDebtExpense": "None", "netIncomeFromContinuingOperations": "0", "comprehensiveIncomeNetOfTax": "None", "ebit": "163000000", "ebitda": "203000000", "netIncome": "61000000"}, {"fiscalDateEnding": "2005-12-31", "reportedCurrency": "USD", "grossProfit": "417000000", "totalRevenue": "3641000000", "costOfRevenue": "3224000000", "costofGoodsAndServicesSold": "3224000000", "operatingIncome": "221000000", "sellingGeneralAndAdministrative": "196000000", "researchAndDevelopment": "0", "operatingExpenses": "196000000", "investmentIncomeNet": "None", "netInterestIncome": "None", "interestIncome": "None", "interestExpense": "37000000", "nonInterestIncome": "None", "otherNonOperatingIncome": "None", "depreciation": "None", "depreciationAndAmortization": "58000000", "incomeBeforeTax": "300000000", "incomeTaxExpense": "76000000", "interestAndDebtExpense": "None", "netIncomeFromContinuingOperations": "0", "comprehensiveIncomeNetOfTax": "None", "ebit": "221000000", "ebitda": "279000000", "netIncome": "237000000"}, {"fiscalDateEnding": "2005-09-30", "reportedCurrency": "USD", "grossProfit": "284000000", "totalRevenue": "2714000000", "costOfRevenue": "2430000000", "costofGoodsAndServicesSold": "2430000000", "operatingIncome": "135000000", "sellingGeneralAndAdministrative": "143000000", "researchAndDevelopment": "0", "operatingExpenses": "149000000", "investmentIncomeNet": "None", "netInterestIncome": "None", "interestIncome": "None", "interestExpense": "48000000", "nonInterestIncome": "None", "otherNonOperatingIncome": "None", "depreciation": "None", "depreciationAndAmortization": "53000000", "incomeBeforeTax": "163000000", "incomeTaxExpense": "33000000", "interestAndDebtExpense": "None", "netIncomeFromContinuingOperations": "0", "comprehensiveIncomeNetOfTax": "None", "ebit": "82000000", "ebitda": "135000000", "netIncome": "149000000"}, {"fiscalDateEnding": "2005-06-30", "reportedCurrency": "USD", "grossProfit": "325000000", "totalRevenue": "2661000000", "costOfRevenue": "2336000000", "costofGoodsAndServicesSold": "2336000000", "operatingIncome": "41000000", "sellingGeneralAndAdministrative": "147000000", "researchAndDevelopment": "0", "operatingExpenses": "284000000", "investmentIncomeNet": "None", "netInterestIncome": "None", "interestIncome": "None", "interestExpense": "3000000", "nonInterestIncome": "None", "otherNonOperatingIncome": "None", "depreciation": "None", "depreciationAndAmortization": "36000000", "incomeBeforeTax": "114000000", "incomeTaxExpense": "-20000000", "interestAndDebtExpense": "None", "netIncomeFromContinuingOperations": "0", "comprehensiveIncomeNetOfTax": "None", "ebit": "5000000", "ebitda": "41000000", "netIncome": "138000000"}, {"fiscalDateEnding": "2005-03-31", "reportedCurrency": "USD", "grossProfit": "282000000", "totalRevenue": "2534000000", "costOfRevenue": "2252000000", "costofGoodsAndServicesSold": "2252000000", "operatingIncome": "158000000", "sellingGeneralAndAdministrative": "116000000", "researchAndDevelopment": "0", "operatingExpenses": "124000000", "investmentIncomeNet": "None", "netInterestIncome": "None", "interestIncome": "None", "interestExpense": "24000000", "nonInterestIncome": "None", "otherNonOperatingIncome": "None", "depreciation": "None", "depreciationAndAmortization": "37000000", "incomeBeforeTax": "140000000", "incomeTaxExpense": "5000000", "interestAndDebtExpense": "None", "netIncomeFromContinuingOperations": "0", "comprehensiveIncomeNetOfTax": "None", "ebit": "121000000", "ebitda": "158000000", "netIncome": "145000000"}, {"fiscalDateEnding": "2004-12-31", "reportedCurrency": "USD", "grossProfit": "72000000", "totalRevenue": "3141000000", "costOfRevenue": "3069000000", "costofGoodsAndServicesSold": "3069000000", "operatingIncome": "109000000", "sellingGeneralAndAdministrative": "37000000", "researchAndDevelopment": "0", "operatingExpenses": "-37000000", "investmentIncomeNet": "None", "netInterestIncome": "None", "interestIncome": "None", "interestExpense": "30000000", "nonInterestIncome": "None", "otherNonOperatingIncome": "None", "depreciation": "None", "depreciationAndAmortization": "51000000", "incomeBeforeTax": "199000000", "incomeTaxExpense": "21000000", "interestAndDebtExpense": "None", "netIncomeFromContinuingOperations": "0", "comprehensiveIncomeNetOfTax": "None", "ebit": "109000000", "ebitda": "160000000", "netIncome": "189000000"}]}