{"symbol": "DLTR", "annualReports": [{"fiscalDateEnding": "2025-01-31", "reportedCurrency": "USD", "grossProfit": "6294400000", "totalRevenue": "17578500000", "costOfRevenue": "11284100000", "costofGoodsAndServicesSold": "11284100000", "operatingIncome": "1462000000", "sellingGeneralAndAdministrative": "4832400000", "researchAndDevelopment": "None", "operatingExpenses": "4832400000", "investmentIncomeNet": "None", "netInterestIncome": "-107500000", "interestIncome": "None", "interestExpense": "107500000", "nonInterestIncome": "None", "otherNonOperatingIncome": "None", "depreciation": "None", "depreciationAndAmortization": "526900000", "incomeBeforeTax": "1383600000", "incomeTaxExpense": "341100000", "interestAndDebtExpense": "None", "netIncomeFromContinuingOperations": "1042500000", "comprehensiveIncomeNetOfTax": "None", "ebit": "1491100000", "ebitda": "2018000000", "netIncome": "-3030100000"}, {"fiscalDateEnding": "2024-01-31", "reportedCurrency": "USD", "grossProfit": "9331800000", "totalRevenue": "30603800000", "costOfRevenue": "21272000000", "costofGoodsAndServicesSold": "21272000000", "operatingIncome": "-881800000", "sellingGeneralAndAdministrative": "7512500000", "researchAndDevelopment": "None", "operatingExpenses": "10299800000", "investmentIncomeNet": "None", "netInterestIncome": "-106800000", "interestIncome": "None", "interestExpense": "106800000", "nonInterestIncome": "None", "otherNonOperatingIncome": "None", "depreciation": "None", "depreciationAndAmortization": "841000000", "incomeBeforeTax": "-988700000", "incomeTaxExpense": "9700000", "interestAndDebtExpense": "None", "netIncomeFromContinuingOperations": "-998400000", "comprehensiveIncomeNetOfTax": "None", "ebit": "-881900000", "ebitda": "-40900000", "netIncome": "-998400000"}, {"fiscalDateEnding": "2023-01-31", "reportedCurrency": "USD", "grossProfit": "8935400000", "totalRevenue": "28331700000", "costOfRevenue": "19396300000", "costofGoodsAndServicesSold": "19396300000", "operatingIncome": "2236300000", "sellingGeneralAndAdministrative": "6599600000", "researchAndDevelopment": "None", "operatingExpenses": "6699100000", "investmentIncomeNet": "None", "netInterestIncome": "-125300000", "interestIncome": "None", "interestExpense": "125300000", "nonInterestIncome": "None", "otherNonOperatingIncome": "-400000", "depreciation": "None", "depreciationAndAmortization": "767300000", "incomeBeforeTax": "2110600000", "incomeTaxExpense": "495200000", "interestAndDebtExpense": "None", "netIncomeFromContinuingOperations": "1615400000", "comprehensiveIncomeNetOfTax": "None", "ebit": "2235900000", "ebitda": "3003200000", "netIncome": "1615400000"}, {"fiscalDateEnding": "2022-01-31", "reportedCurrency": "USD", "grossProfit": "7737300000", "totalRevenue": "26321200000", "costOfRevenue": "18583900000", "costofGoodsAndServicesSold": "18583900000", "operatingIncome": "1811400000", "sellingGeneralAndAdministrative": "5925900000", "researchAndDevelopment": "None", "operatingExpenses": "5925900000", "investmentIncomeNet": "None", "netInterestIncome": "-178900000", "interestIncome": "None", "interestExpense": "178900000", "nonInterestIncome": "None", "otherNonOperatingIncome": "-300000", "depreciation": "None", "depreciationAndAmortization": "710500000", "incomeBeforeTax": "1632200000", "incomeTaxExpense": "304300000", "interestAndDebtExpense": "None", "netIncomeFromContinuingOperations": "1327900000", "comprehensiveIncomeNetOfTax": "None", "ebit": "1811100000", "ebitda": "2521600000", "netIncome": "1327900000"}, {"fiscalDateEnding": "2021-01-31", "reportedCurrency": "USD", "grossProfit": "7788300000", "totalRevenue": "25509300000", "costOfRevenue": "17721000000", "costofGoodsAndServicesSold": "17721000000", "operatingIncome": "1887900000", "sellingGeneralAndAdministrative": "5819600000", "researchAndDevelopment": "None", "operatingExpenses": "5900400000", "investmentIncomeNet": "None", "netInterestIncome": "-147300000", "interestIncome": "None", "interestExpense": "147300000", "nonInterestIncome": "None", "otherNonOperatingIncome": "None", "depreciation": "None", "depreciationAndAmortization": "679200000", "incomeBeforeTax": "1739800000", "incomeTaxExpense": "397900000", "interestAndDebtExpense": "None", "netIncomeFromContinuingOperations": "1341900000", "comprehensiveIncomeNetOfTax": "None", "ebit": "1887100000", "ebitda": "2566300000", "netIncome": "1341900000"}, {"fiscalDateEnding": "2020-01-31", "reportedCurrency": "USD", "grossProfit": "7040700000", "totalRevenue": "23610800000", "costOfRevenue": "16570100000", "costofGoodsAndServicesSold": "16570100000", "operatingIncome": "1262200000", "sellingGeneralAndAdministrative": "5362600000", "researchAndDevelopment": "None", "operatingExpenses": "5465500000", "investmentIncomeNet": "None", "netInterestIncome": "-162100000", "interestIncome": "None", "interestExpense": "162100000", "nonInterestIncome": "None", "otherNonOperatingIncome": "-1400000", "depreciation": "None", "depreciationAndAmortization": "634800000", "incomeBeforeTax": "1098700000", "incomeTaxExpense": "271700000", "interestAndDebtExpense": "None", "netIncomeFromContinuingOperations": "827000000", "comprehensiveIncomeNetOfTax": "None", "ebit": "1260800000", "ebitda": "1895600000", "netIncome": "827000000"}, {"fiscalDateEnding": "2019-01-31", "reportedCurrency": "USD", "grossProfit": "6947500000", "totalRevenue": "22823300000", "costOfRevenue": "15875800000", "costofGoodsAndServicesSold": "15875800000", "operatingIncome": "1788000000", "sellingGeneralAndAdministrative": "5060100000", "researchAndDevelopment": "0", "operatingExpenses": "5160000000", "investmentIncomeNet": "None", "netInterestIncome": "-370000000", "interestIncome": "None", "interestExpense": "370000000", "nonInterestIncome": "None", "otherNonOperatingIncome": "500000", "depreciation": "None", "depreciationAndAmortization": "621100000", "incomeBeforeTax": "-1309000000", "incomeTaxExpense": "281800000", "interestAndDebtExpense": "None", "netIncomeFromContinuingOperations": "-1590800000", "comprehensiveIncomeNetOfTax": "None", "ebit": "-939000000", "ebitda": "-317900000", "netIncome": "-1590800000"}, {"fiscalDateEnding": "2018-01-31", "reportedCurrency": "USD", "grossProfit": "7021900000", "totalRevenue": "22245500000", "costOfRevenue": "15223600000", "costofGoodsAndServicesSold": "15223600000", "operatingIncome": "1999100000", "sellingGeneralAndAdministrative": "4898000000", "researchAndDevelopment": "0", "operatingExpenses": "5004300000", "investmentIncomeNet": "None", "netInterestIncome": "-301800000", "interestIncome": "None", "interestExpense": "301800000", "nonInterestIncome": "None", "otherNonOperatingIncome": "6700000", "depreciation": "None", "depreciationAndAmortization": "611200000", "incomeBeforeTax": "1704000000", "incomeTaxExpense": "-10300000", "interestAndDebtExpense": "None", "netIncomeFromContinuingOperations": "1693700000", "comprehensiveIncomeNetOfTax": "None", "ebit": "2004700000", "ebitda": "2615900000", "netIncome": "1714300000"}, {"fiscalDateEnding": "2017-01-31", "reportedCurrency": "USD", "grossProfit": "6394700000", "totalRevenue": "20719200000", "costOfRevenue": "14324500000", "costofGoodsAndServicesSold": "14324500000", "operatingIncome": "1704800000", "sellingGeneralAndAdministrative": "4629800000", "researchAndDevelopment": "0", "operatingExpenses": "4689900000", "investmentIncomeNet": "None", "netInterestIncome": "-375500000", "interestIncome": "None", "interestExpense": "375500000", "nonInterestIncome": "None", "otherNonOperatingIncome": "100000", "depreciation": "None", "depreciationAndAmortization": "637500000", "incomeBeforeTax": "1329400000", "incomeTaxExpense": "433200000", "interestAndDebtExpense": "None", "netIncomeFromContinuingOperations": "896200000", "comprehensiveIncomeNetOfTax": "None", "ebit": "1704900000", "ebitda": "2342400000", "netIncome": "896200000"}, {"fiscalDateEnding": "2016-01-31", "reportedCurrency": "USD", "grossProfit": "4656700000", "totalRevenue": "15498400000", "costOfRevenue": "10841700000", "costofGoodsAndServicesSold": "10841700000", "operatingIncome": "1049700000", "sellingGeneralAndAdministrative": "3574500000", "researchAndDevelopment": "0", "operatingExpenses": "3607000000", "investmentIncomeNet": "None", "netInterestIncome": "None", "interestIncome": "599400000", "interestExpense": "599400000", "nonInterestIncome": "None", "otherNonOperatingIncome": "-2100000", "depreciation": "None", "depreciationAndAmortization": "487600000", "incomeBeforeTax": "448200000", "incomeTaxExpense": "165800000", "interestAndDebtExpense": "None", "netIncomeFromContinuingOperations": "282400000", "comprehensiveIncomeNetOfTax": "None", "ebit": "1233600000", "ebitda": "1721200000", "netIncome": "282400000"}, {"fiscalDateEnding": "2015-01-31", "reportedCurrency": "USD", "grossProfit": "3034000000", "totalRevenue": "8602200000", "costOfRevenue": "5568200000", "costofGoodsAndServicesSold": "5568200000", "operatingIncome": "1068700000", "sellingGeneralAndAdministrative": "1947200000", "researchAndDevelopment": "0", "operatingExpenses": "1965300000", "investmentIncomeNet": "None", "netInterestIncome": "None", "interestIncome": "None", "interestExpense": "33400000", "nonInterestIncome": "None", "otherNonOperatingIncome": "-5900000", "depreciation": "None", "depreciationAndAmortization": "205900000", "incomeBeforeTax": "1029400000", "incomeTaxExpense": "383800000", "interestAndDebtExpense": "None", "netIncomeFromContinuingOperations": "599200000", "comprehensiveIncomeNetOfTax": "None", "ebit": "1070200000", "ebitda": "1276100000", "netIncome": "645600000"}, {"fiscalDateEnding": "2014-01-31", "reportedCurrency": "USD", "grossProfit": "2789800000", "totalRevenue": "7840300000", "costOfRevenue": "5050500000", "costofGoodsAndServicesSold": "5050500000", "operatingIncome": "970300000", "sellingGeneralAndAdministrative": "1804600000", "researchAndDevelopment": "0", "operatingExpenses": "1819500000", "investmentIncomeNet": "None", "netInterestIncome": "None", "interestIncome": "None", "interestExpense": "15400000", "nonInterestIncome": "None", "otherNonOperatingIncome": "-600000", "depreciation": "None", "depreciationAndAmortization": "190500000", "incomeBeforeTax": "954300000", "incomeTaxExpense": "357600000", "interestAndDebtExpense": "None", "netIncomeFromContinuingOperations": "596700000", "comprehensiveIncomeNetOfTax": "None", "ebit": "969700000", "ebitda": "1160200000", "netIncome": "596700000"}, {"fiscalDateEnding": "2013-01-31", "reportedCurrency": "USD", "grossProfit": "2652700000", "totalRevenue": "7394500000", "costOfRevenue": "4741800000", "costofGoodsAndServicesSold": "4741800000", "operatingIncome": "920100000", "sellingGeneralAndAdministrative": "1719100000", "researchAndDevelopment": "0", "operatingExpenses": "1732600000", "investmentIncomeNet": "None", "netInterestIncome": "None", "interestIncome": "None", "interestExpense": "2800000", "nonInterestIncome": "None", "otherNonOperatingIncome": "61600000", "depreciation": "None", "depreciationAndAmortization": "175300000", "incomeBeforeTax": "978900000", "incomeTaxExpense": "359600000", "interestAndDebtExpense": "None", "netIncomeFromContinuingOperations": "619300000", "comprehensiveIncomeNetOfTax": "None", "ebit": "981700000", "ebitda": "1157000000", "netIncome": "619300000"}, {"fiscalDateEnding": "2012-01-31", "reportedCurrency": "USD", "grossProfit": "2378300000", "totalRevenue": "6630500000", "costOfRevenue": "4252200000", "costofGoodsAndServicesSold": "4252200000", "operatingIncome": "782100000", "sellingGeneralAndAdministrative": "1595000000", "researchAndDevelopment": "None", "operatingExpenses": "1596200000", "investmentIncomeNet": "None", "netInterestIncome": "None", "interestIncome": "None", "interestExpense": "2900000", "nonInterestIncome": "None", "otherNonOperatingIncome": "300000", "depreciation": "None", "depreciationAndAmortization": "163900000", "incomeBeforeTax": "779500000", "incomeTaxExpense": "291200000", "interestAndDebtExpense": "None", "netIncomeFromContinuingOperations": "488300000", "comprehensiveIncomeNetOfTax": "None", "ebit": "782700000", "ebitda": "946600000", "netIncome": "488300000"}, {"fiscalDateEnding": "2011-01-31", "reportedCurrency": "USD", "grossProfit": "2087600000", "totalRevenue": "5882400000", "costOfRevenue": "3794800000", "costofGoodsAndServicesSold": "3794800000", "operatingIncome": "630000000", "sellingGeneralAndAdministrative": "1457000000", "researchAndDevelopment": "0", "operatingExpenses": "1457600000", "investmentIncomeNet": "None", "netInterestIncome": "None", "interestIncome": "None", "interestExpense": "100000", "nonInterestIncome": "None", "otherNonOperatingIncome": "5500000", "depreciation": "None", "depreciationAndAmortization": "159700000", "incomeBeforeTax": "629900000", "incomeTaxExpense": "232600000", "interestAndDebtExpense": "None", "netIncomeFromContinuingOperations": "397300000", "comprehensiveIncomeNetOfTax": "None", "ebit": "635500000", "ebitda": "795200000", "netIncome": "397300000"}, {"fiscalDateEnding": "2010-01-31", "reportedCurrency": "USD", "grossProfit": "1856800000", "totalRevenue": "5231200000", "costOfRevenue": "3374400000", "costofGoodsAndServicesSold": "3374400000", "operatingIncome": "512800000", "sellingGeneralAndAdministrative": "1343000000", "researchAndDevelopment": "None", "operatingExpenses": "1344000000", "investmentIncomeNet": "None", "netInterestIncome": "None", "interestIncome": "None", "interestExpense": "5200000", "nonInterestIncome": "None", "otherNonOperatingIncome": "None", "depreciation": "None", "depreciationAndAmortization": "157800000", "incomeBeforeTax": "507600000", "incomeTaxExpense": "187100000", "interestAndDebtExpense": "None", "netIncomeFromContinuingOperations": "None", "comprehensiveIncomeNetOfTax": "None", "ebit": "512800000", "ebitda": "670600000", "netIncome": "320500000"}, {"fiscalDateEnding": "2009-01-31", "reportedCurrency": "USD", "grossProfit": "1592200000", "totalRevenue": "4644900000", "costOfRevenue": "3052700000", "costofGoodsAndServicesSold": "3052700000", "operatingIncome": "365800000", "sellingGeneralAndAdministrative": "1226400000", "researchAndDevelopment": "None", "operatingExpenses": "1226400000", "investmentIncomeNet": "None", "netInterestIncome": "None", "interestIncome": "None", "interestExpense": "6700000", "nonInterestIncome": "None", "otherNonOperatingIncome": "None", "depreciation": "None", "depreciationAndAmortization": "161700000", "incomeBeforeTax": "359100000", "incomeTaxExpense": "129600000", "interestAndDebtExpense": "None", "netIncomeFromContinuingOperations": "None", "comprehensiveIncomeNetOfTax": "None", "ebit": "368400000", "ebitda": "530100000", "netIncome": "229500000"}, {"fiscalDateEnding": "2008-01-31", "reportedCurrency": "USD", "grossProfit": "1461100000", "totalRevenue": "4242600000", "costOfRevenue": "2781500000", "costofGoodsAndServicesSold": "2781500000", "operatingIncome": "330300000", "sellingGeneralAndAdministrative": "1130000000", "researchAndDevelopment": "None", "operatingExpenses": "1130800000", "investmentIncomeNet": "None", "netInterestIncome": "None", "interestIncome": "None", "interestExpense": "10500000", "nonInterestIncome": "None", "otherNonOperatingIncome": "None", "depreciation": "None", "depreciationAndAmortization": "159300000", "incomeBeforeTax": "319800000", "incomeTaxExpense": "118500000", "interestAndDebtExpense": "None", "netIncomeFromContinuingOperations": "None", "comprehensiveIncomeNetOfTax": "None", "ebit": "330300000", "ebitda": "489600000", "netIncome": "201300000"}, {"fiscalDateEnding": "2007-01-31", "reportedCurrency": "USD", "grossProfit": "1357200000", "totalRevenue": "3969400000", "costOfRevenue": "2612200000", "costofGoodsAndServicesSold": "2612200000", "operatingIncome": "310800000", "sellingGeneralAndAdministrative": "1046000000", "researchAndDevelopment": "None", "operatingExpenses": "1046400000", "investmentIncomeNet": "None", "netInterestIncome": "None", "interestIncome": "None", "interestExpense": "7900000", "nonInterestIncome": "None", "otherNonOperatingIncome": "None", "depreciation": "None", "depreciationAndAmortization": "159000000", "incomeBeforeTax": "302900000", "incomeTaxExpense": "110900000", "interestAndDebtExpense": "None", "netIncomeFromContinuingOperations": "None", "comprehensiveIncomeNetOfTax": "None", "ebit": "310800000", "ebitda": "469800000", "netIncome": "192000000"}, {"fiscalDateEnding": "2006-01-31", "reportedCurrency": "USD", "grossProfit": "1172363000", "totalRevenue": "3393924000", "costOfRevenue": "2221561000", "costofGoodsAndServicesSold": "2221561000", "operatingIncome": "283239000", "sellingGeneralAndAdministrative": "889000000", "researchAndDevelopment": "None", "operatingExpenses": "889124000", "investmentIncomeNet": "None", "netInterestIncome": "None", "interestIncome": "None", "interestExpense": "8021000", "nonInterestIncome": "None", "otherNonOperatingIncome": "None", "depreciation": "None", "depreciationAndAmortization": "140717000", "incomeBeforeTax": "275218000", "incomeTaxExpense": "101300000", "interestAndDebtExpense": "None", "netIncomeFromContinuingOperations": "None", "comprehensiveIncomeNetOfTax": "None", "ebit": "283239000", "ebitda": "423956000", "netIncome": "173918000"}], "quarterlyReports": [{"fiscalDateEnding": "2025-01-31", "reportedCurrency": "USD", "grossProfit": "-624200000", "totalRevenue": "-5001300000", "costOfRevenue": "-4377100000", "costofGoodsAndServicesSold": "-4377100000", "operatingIncome": "504900000", "sellingGeneralAndAdministrative": "1129100000", "researchAndDevelopment": "None", "operatingExpenses": "-1129100000", "investmentIncomeNet": "None", "netInterestIncome": "-26700000", "interestIncome": "None", "interestExpense": "26700000", "nonInterestIncome": "None", "otherNonOperatingIncome": "None", "depreciation": "None", "depreciationAndAmortization": "-209800000", "incomeBeforeTax": "507500000", "incomeTaxExpense": "130800000", "interestAndDebtExpense": "None", "netIncomeFromContinuingOperations": "376700000", "comprehensiveIncomeNetOfTax": "None", "ebit": "744000000", "ebitda": "534200000", "netIncome": "-3695900000"}, {"fiscalDateEnding": "2024-10-31", "reportedCurrency": "USD", "grossProfit": "2343900000", "totalRevenue": "7568200000", "costOfRevenue": "5224300000", "costofGoodsAndServicesSold": "5224300000", "operatingIncome": "333400000", "sellingGeneralAndAdministrative": "2010500000", "researchAndDevelopment": "None", "operatingExpenses": "2010500000", "investmentIncomeNet": "None", "netInterestIncome": "-27500000", "interestIncome": "None", "interestExpense": "27500000", "nonInterestIncome": "None", "otherNonOperatingIncome": "None", "depreciation": "None", "depreciationAndAmortization": "256000000", "incomeBeforeTax": "305800000", "incomeTaxExpense": "72500000", "interestAndDebtExpense": "None", "netIncomeFromContinuingOperations": "233300000", "comprehensiveIncomeNetOfTax": "None", "ebit": "333400000", "ebitda": "589400000", "netIncome": "233300000"}, {"fiscalDateEnding": "2024-07-31", "reportedCurrency": "USD", "grossProfit": "2220600000", "totalRevenue": "7378800000", "costOfRevenue": "5158200000", "costofGoodsAndServicesSold": "5158200000", "operatingIncome": "203100000", "sellingGeneralAndAdministrative": "2017500000", "researchAndDevelopment": "None", "operatingExpenses": "2017500000", "investmentIncomeNet": "None", "netInterestIncome": "-28900000", "interestIncome": "None", "interestExpense": "28900000", "nonInterestIncome": "None", "otherNonOperatingIncome": "None", "depreciation": "None", "depreciationAndAmortization": "246600000", "incomeBeforeTax": "174200000", "incomeTaxExpense": "41800000", "interestAndDebtExpense": "None", "netIncomeFromContinuingOperations": "132400000", "comprehensiveIncomeNetOfTax": "None", "ebit": "203100000", "ebitda": "449700000", "netIncome": "132400000"}, {"fiscalDateEnding": "2024-04-30", "reportedCurrency": "USD", "grossProfit": "2354100000", "totalRevenue": "7632800000", "costOfRevenue": "5278700000", "costofGoodsAndServicesSold": "5278700000", "operatingIncome": "420600000", "sellingGeneralAndAdministrative": "1933500000", "researchAndDevelopment": "None", "operatingExpenses": "1933500000", "investmentIncomeNet": "None", "netInterestIncome": "-24400000", "interestIncome": "None", "interestExpense": "24400000", "nonInterestIncome": "None", "otherNonOperatingIncome": "None", "depreciation": "None", "depreciationAndAmortization": "234000000", "incomeBeforeTax": "396100000", "incomeTaxExpense": "96000000", "interestAndDebtExpense": "None", "netIncomeFromContinuingOperations": "300100000", "comprehensiveIncomeNetOfTax": "None", "ebit": "420600000", "ebitda": "654600000", "netIncome": "300100000"}, {"fiscalDateEnding": "2024-01-31", "reportedCurrency": "USD", "grossProfit": "2778500000", "totalRevenue": "8639900000", "costOfRevenue": "5861400000", "costofGoodsAndServicesSold": "5861400000", "operatingIncome": "-822000000", "sellingGeneralAndAdministrative": "3490900000", "researchAndDevelopment": "None", "operatingExpenses": "3600500000", "investmentIncomeNet": "None", "netInterestIncome": "-26300000", "interestIncome": "None", "interestExpense": "26300000", "nonInterestIncome": "None", "otherNonOperatingIncome": "None", "depreciation": "None", "depreciationAndAmortization": "226200000", "incomeBeforeTax": "-1917200000", "incomeTaxExpense": "-207400000", "interestAndDebtExpense": "None", "netIncomeFromContinuingOperations": "-1709800000", "comprehensiveIncomeNetOfTax": "None", "ebit": "-1890900000", "ebitda": "-1664700000", "netIncome": "-1709800000"}, {"fiscalDateEnding": "2023-10-31", "reportedCurrency": "USD", "grossProfit": "2178700000", "totalRevenue": "7314800000", "costOfRevenue": "5136100000", "costofGoodsAndServicesSold": "5136100000", "operatingIncome": "301700000", "sellingGeneralAndAdministrative": "1877000000", "researchAndDevelopment": "None", "operatingExpenses": "1877000000", "investmentIncomeNet": "None", "netInterestIncome": "-30400000", "interestIncome": "None", "interestExpense": "30400000", "nonInterestIncome": "None", "otherNonOperatingIncome": "None", "depreciation": "None", "depreciationAndAmortization": "215800000", "incomeBeforeTax": "271100000", "incomeTaxExpense": "59100000", "interestAndDebtExpense": "None", "netIncomeFromContinuingOperations": "212000000", "comprehensiveIncomeNetOfTax": "None", "ebit": "301700000", "ebitda": "517500000", "netIncome": "212000000"}, {"fiscalDateEnding": "2023-07-31", "reportedCurrency": "USD", "grossProfit": "2139900000", "totalRevenue": "7325300000", "costOfRevenue": "5185400000", "costofGoodsAndServicesSold": "5185400000", "operatingIncome": "287800000", "sellingGeneralAndAdministrative": "1852100000", "researchAndDevelopment": "None", "operatingExpenses": "1852100000", "investmentIncomeNet": "None", "netInterestIncome": "-24200000", "interestIncome": "None", "interestExpense": "24200000", "nonInterestIncome": "None", "otherNonOperatingIncome": "100000", "depreciation": "None", "depreciationAndAmortization": "202600000", "incomeBeforeTax": "263700000", "incomeTaxExpense": "63300000", "interestAndDebtExpense": "None", "netIncomeFromContinuingOperations": "200400000", "comprehensiveIncomeNetOfTax": "None", "ebit": "287900000", "ebitda": "490500000", "netIncome": "200400000"}, {"fiscalDateEnding": "2023-04-30", "reportedCurrency": "USD", "grossProfit": "2234700000", "totalRevenue": "7323800000", "costOfRevenue": "5089100000", "costofGoodsAndServicesSold": "5089100000", "operatingIncome": "419700000", "sellingGeneralAndAdministrative": "1815000000", "researchAndDevelopment": "None", "operatingExpenses": "1815000000", "investmentIncomeNet": "None", "netInterestIncome": "-25900000", "interestIncome": "None", "interestExpense": "25900000", "nonInterestIncome": "None", "otherNonOperatingIncome": "-100000", "depreciation": "None", "depreciationAndAmortization": "196400000", "incomeBeforeTax": "393700000", "incomeTaxExpense": "94700000", "interestAndDebtExpense": "None", "netIncomeFromContinuingOperations": "299000000", "comprehensiveIncomeNetOfTax": "None", "ebit": "419600000", "ebitda": "616000000", "netIncome": "299000000"}, {"fiscalDateEnding": "2023-01-31", "reportedCurrency": "USD", "grossProfit": "2390000000", "totalRevenue": "7720700000", "costOfRevenue": "5330700000", "costofGoodsAndServicesSold": "5330700000", "operatingIncome": "618100000", "sellingGeneralAndAdministrative": "1672400000", "researchAndDevelopment": "None", "operatingExpenses": "1771900000", "investmentIncomeNet": "None", "netInterestIncome": "-28000000", "interestIncome": "None", "interestExpense": "28000000", "nonInterestIncome": "None", "otherNonOperatingIncome": "-100000", "depreciation": "None", "depreciationAndAmortization": "196500000", "incomeBeforeTax": "590000000", "incomeTaxExpense": "137800000", "interestAndDebtExpense": "None", "netIncomeFromContinuingOperations": "452200000", "comprehensiveIncomeNetOfTax": "None", "ebit": "618000000", "ebitda": "814500000", "netIncome": "452200000"}, {"fiscalDateEnding": "2022-10-31", "reportedCurrency": "USD", "grossProfit": "2074800000", "totalRevenue": "6939900000", "costOfRevenue": "4865100000", "costofGoodsAndServicesSold": "4865100000", "operatingIncome": "381300000", "sellingGeneralAndAdministrative": "1693500000", "researchAndDevelopment": "None", "operatingExpenses": "1693500000", "investmentIncomeNet": "None", "netInterestIncome": "-32700000", "interestIncome": "None", "interestExpense": "32700000", "nonInterestIncome": "None", "otherNonOperatingIncome": "-200000", "depreciation": "None", "depreciationAndAmortization": "189000000", "incomeBeforeTax": "348400000", "incomeTaxExpense": "81500000", "interestAndDebtExpense": "None", "netIncomeFromContinuingOperations": "266900000", "comprehensiveIncomeNetOfTax": "None", "ebit": "381100000", "ebitda": "570100000", "netIncome": "266900000"}, {"fiscalDateEnding": "2022-07-31", "reportedCurrency": "USD", "grossProfit": "2127600000", "totalRevenue": "6768500000", "costOfRevenue": "4640900000", "costofGoodsAndServicesSold": "4640900000", "operatingIncome": "505400000", "sellingGeneralAndAdministrative": "1622200000", "researchAndDevelopment": "None", "operatingExpenses": "1622200000", "investmentIncomeNet": "None", "netInterestIncome": "-30600000", "interestIncome": "None", "interestExpense": "30600000", "nonInterestIncome": "None", "otherNonOperatingIncome": "-100000", "depreciation": "None", "depreciationAndAmortization": "193500000", "incomeBeforeTax": "474700000", "incomeTaxExpense": "114800000", "interestAndDebtExpense": "None", "netIncomeFromContinuingOperations": "359900000", "comprehensiveIncomeNetOfTax": "None", "ebit": "505300000", "ebitda": "698800000", "netIncome": "359900000"}, {"fiscalDateEnding": "2022-04-30", "reportedCurrency": "USD", "grossProfit": "2343000000", "totalRevenue": "6902600000", "costOfRevenue": "4559600000", "costofGoodsAndServicesSold": "4559600000", "operatingIncome": "731500000", "sellingGeneralAndAdministrative": "1611500000", "researchAndDevelopment": "None", "operatingExpenses": "1611500000", "investmentIncomeNet": "None", "netInterestIncome": "-34000000", "interestIncome": "None", "interestExpense": "34000000", "nonInterestIncome": "None", "otherNonOperatingIncome": "None", "depreciation": "None", "depreciationAndAmortization": "188900000", "incomeBeforeTax": "697500000", "incomeTaxExpense": "161100000", "interestAndDebtExpense": "None", "netIncomeFromContinuingOperations": "536400000", "comprehensiveIncomeNetOfTax": "None", "ebit": "731500000", "ebitda": "920400000", "netIncome": "536400000"}, {"fiscalDateEnding": "2022-01-31", "reportedCurrency": "USD", "grossProfit": "2140300000", "totalRevenue": "7080600000", "costOfRevenue": "4940300000", "costofGoodsAndServicesSold": "4940300000", "operatingIncome": "578800000", "sellingGeneralAndAdministrative": "1467600000", "researchAndDevelopment": "None", "operatingExpenses": "1561500000", "investmentIncomeNet": "None", "netInterestIncome": "-79500000", "interestIncome": "None", "interestExpense": "79500000", "nonInterestIncome": "None", "otherNonOperatingIncome": "-100000", "depreciation": "None", "depreciationAndAmortization": "188700000", "incomeBeforeTax": "499200000", "incomeTaxExpense": "45000000", "interestAndDebtExpense": "None", "netIncomeFromContinuingOperations": "454200000", "comprehensiveIncomeNetOfTax": "None", "ebit": "578700000", "ebitda": "767400000", "netIncome": "454200000"}, {"fiscalDateEnding": "2021-10-31", "reportedCurrency": "USD", "grossProfit": "1766000000", "totalRevenue": "6417700000", "costOfRevenue": "4651700000", "costofGoodsAndServicesSold": "4651700000", "operatingIncome": "310500000", "sellingGeneralAndAdministrative": "1455500000", "researchAndDevelopment": "None", "operatingExpenses": "1455500000", "investmentIncomeNet": "None", "netInterestIncome": "-33400000", "interestIncome": "None", "interestExpense": "33400000", "nonInterestIncome": "None", "otherNonOperatingIncome": "-200000", "depreciation": "None", "depreciationAndAmortization": "178500000", "incomeBeforeTax": "276900000", "incomeTaxExpense": "60100000", "interestAndDebtExpense": "None", "netIncomeFromContinuingOperations": "216800000", "comprehensiveIncomeNetOfTax": "None", "ebit": "310300000", "ebitda": "488800000", "netIncome": "216800000"}, {"fiscalDateEnding": "2021-07-31", "reportedCurrency": "USD", "grossProfit": "1864000000", "totalRevenue": "6343200000", "costOfRevenue": "4479200000", "costofGoodsAndServicesSold": "4479200000", "operatingIncome": "402200000", "sellingGeneralAndAdministrative": "1461800000", "researchAndDevelopment": "None", "operatingExpenses": "1461800000", "investmentIncomeNet": "None", "netInterestIncome": "-33000000", "interestIncome": "None", "interestExpense": "33000000", "nonInterestIncome": "None", "otherNonOperatingIncome": "None", "depreciation": "None", "depreciationAndAmortization": "176100000", "incomeBeforeTax": "369200000", "incomeTaxExpense": "86800000", "interestAndDebtExpense": "None", "netIncomeFromContinuingOperations": "282400000", "comprehensiveIncomeNetOfTax": "None", "ebit": "402200000", "ebitda": "578300000", "netIncome": "282400000"}, {"fiscalDateEnding": "2021-04-30", "reportedCurrency": "USD", "grossProfit": "1967000000", "totalRevenue": "6479700000", "costOfRevenue": "4512700000", "costofGoodsAndServicesSold": "4512700000", "operatingIncome": "519900000", "sellingGeneralAndAdministrative": "1447100000", "researchAndDevelopment": "None", "operatingExpenses": "1447100000", "investmentIncomeNet": "None", "netInterestIncome": "-33000000", "interestIncome": "None", "interestExpense": "33000000", "nonInterestIncome": "None", "otherNonOperatingIncome": "None", "depreciation": "None", "depreciationAndAmortization": "172700000", "incomeBeforeTax": "486900000", "incomeTaxExpense": "112400000", "interestAndDebtExpense": "None", "netIncomeFromContinuingOperations": "374500000", "comprehensiveIncomeNetOfTax": "None", "ebit": "519900000", "ebitda": "692600000", "netIncome": "374500000"}, {"fiscalDateEnding": "2021-01-31", "reportedCurrency": "USD", "grossProfit": "2152800000", "totalRevenue": "6767900000", "costOfRevenue": "4615100000", "costofGoodsAndServicesSold": "4615100000", "operatingIncome": "681600000", "sellingGeneralAndAdministrative": "1390400000", "researchAndDevelopment": "None", "operatingExpenses": "1471200000", "investmentIncomeNet": "None", "netInterestIncome": "-33000000", "interestIncome": "None", "interestExpense": "34200000", "nonInterestIncome": "None", "otherNonOperatingIncome": "None", "depreciation": "None", "depreciationAndAmortization": "182900000", "incomeBeforeTax": "647400000", "incomeTaxExpense": "144600000", "interestAndDebtExpense": "None", "netIncomeFromContinuingOperations": "374500000", "comprehensiveIncomeNetOfTax": "None", "ebit": "681600000", "ebitda": "864500000", "netIncome": "502800000"}, {"fiscalDateEnding": "2020-10-31", "reportedCurrency": "USD", "grossProfit": "1924400000", "totalRevenue": "6177000000", "costOfRevenue": "4252600000", "costofGoodsAndServicesSold": "4252600000", "operatingIncome": "465500000", "sellingGeneralAndAdministrative": "1458900000", "researchAndDevelopment": "None", "operatingExpenses": "1458900000", "investmentIncomeNet": "None", "netInterestIncome": "-34200000", "interestIncome": "None", "interestExpense": "38100000", "nonInterestIncome": "None", "otherNonOperatingIncome": "-100000", "depreciation": "None", "depreciationAndAmortization": "170100000", "incomeBeforeTax": "427300000", "incomeTaxExpense": "97300000", "interestAndDebtExpense": "None", "netIncomeFromContinuingOperations": "502800000", "comprehensiveIncomeNetOfTax": "None", "ebit": "465400000", "ebitda": "635500000", "netIncome": "330000000"}, {"fiscalDateEnding": "2020-07-31", "reportedCurrency": "USD", "grossProfit": "1916200000", "totalRevenue": "6277600000", "costOfRevenue": "4361400000", "costofGoodsAndServicesSold": "4361400000", "operatingIncome": "374900000", "sellingGeneralAndAdministrative": "None", "researchAndDevelopment": "None", "operatingExpenses": "1541300000", "investmentIncomeNet": "None", "netInterestIncome": "None", "interestIncome": "None", "interestExpense": "34800000", "nonInterestIncome": "None", "otherNonOperatingIncome": "None", "depreciation": "None", "depreciationAndAmortization": "168100000", "incomeBeforeTax": "339900000", "incomeTaxExpense": "78400000", "interestAndDebtExpense": "None", "netIncomeFromContinuingOperations": "None", "comprehensiveIncomeNetOfTax": "None", "ebit": "374700000", "ebitda": "542800000", "netIncome": "261500000"}, {"fiscalDateEnding": "2020-04-30", "reportedCurrency": "USD", "grossProfit": "1794900000", "totalRevenue": "6286800000", "costOfRevenue": "4491900000", "costofGoodsAndServicesSold": "4491900000", "operatingIncome": "365900000", "sellingGeneralAndAdministrative": "None", "researchAndDevelopment": "None", "operatingExpenses": "1429000000", "investmentIncomeNet": "None", "netInterestIncome": "None", "interestIncome": "None", "interestExpense": "40200000", "nonInterestIncome": "None", "otherNonOperatingIncome": "None", "depreciation": "None", "depreciationAndAmortization": "165500000", "incomeBeforeTax": "325200000", "incomeTaxExpense": "77600000", "interestAndDebtExpense": "None", "netIncomeFromContinuingOperations": "None", "comprehensiveIncomeNetOfTax": "None", "ebit": "365400000", "ebitda": "530900000", "netIncome": "247600000"}, {"fiscalDateEnding": "2020-01-31", "reportedCurrency": "USD", "grossProfit": "1960500000", "totalRevenue": "6315300000", "costOfRevenue": "4354800000", "costofGoodsAndServicesSold": "4354800000", "operatingIncome": "249400000", "sellingGeneralAndAdministrative": "1295200000", "researchAndDevelopment": "None", "operatingExpenses": "1398100000", "investmentIncomeNet": "None", "netInterestIncome": "-40200000", "interestIncome": "None", "interestExpense": "39200000", "nonInterestIncome": "None", "otherNonOperatingIncome": "None", "depreciation": "None", "depreciationAndAmortization": "179100000", "incomeBeforeTax": "209500000", "incomeTaxExpense": "86500000", "interestAndDebtExpense": "None", "netIncomeFromContinuingOperations": "247600000", "comprehensiveIncomeNetOfTax": "None", "ebit": "571500000", "ebitda": "750600000", "netIncome": "123000000"}, {"fiscalDateEnding": "2019-10-31", "reportedCurrency": "USD", "grossProfit": "1704500000", "totalRevenue": "5746200000", "costOfRevenue": "4041700000", "costofGoodsAndServicesSold": "4041700000", "operatingIncome": "358400000", "sellingGeneralAndAdministrative": "None", "researchAndDevelopment": "None", "operatingExpenses": "1346100000", "investmentIncomeNet": "None", "netInterestIncome": "None", "interestIncome": "None", "interestExpense": "41400000", "nonInterestIncome": "None", "otherNonOperatingIncome": "None", "depreciation": "None", "depreciationAndAmortization": "160000000", "incomeBeforeTax": "316900000", "incomeTaxExpense": "61100000", "interestAndDebtExpense": "None", "netIncomeFromContinuingOperations": "None", "comprehensiveIncomeNetOfTax": "None", "ebit": "358300000", "ebitda": "518300000", "netIncome": "255800000"}, {"fiscalDateEnding": "2019-07-31", "reportedCurrency": "USD", "grossProfit": "1648500000", "totalRevenue": "5740600000", "costOfRevenue": "4092100000", "costofGoodsAndServicesSold": "4092100000", "operatingIncome": "268900000", "sellingGeneralAndAdministrative": "None", "researchAndDevelopment": "None", "operatingExpenses": "1379600000", "investmentIncomeNet": "None", "netInterestIncome": "None", "interestIncome": "None", "interestExpense": "40100000", "nonInterestIncome": "None", "otherNonOperatingIncome": "None", "depreciation": "None", "depreciationAndAmortization": "155100000", "incomeBeforeTax": "228400000", "incomeTaxExpense": "48100000", "interestAndDebtExpense": "None", "netIncomeFromContinuingOperations": "None", "comprehensiveIncomeNetOfTax": "None", "ebit": "268500000", "ebitda": "423600000", "netIncome": "180300000"}, {"fiscalDateEnding": "2019-04-30", "reportedCurrency": "USD", "grossProfit": "1727200000", "totalRevenue": "5808700000", "costOfRevenue": "4081500000", "costofGoodsAndServicesSold": "4081500000", "operatingIncome": "385500000", "sellingGeneralAndAdministrative": "None", "researchAndDevelopment": "None", "operatingExpenses": "1341700000", "investmentIncomeNet": "None", "netInterestIncome": "None", "interestIncome": "None", "interestExpense": "41400000", "nonInterestIncome": "None", "otherNonOperatingIncome": "None", "depreciation": "None", "depreciationAndAmortization": "151200000", "incomeBeforeTax": "343900000", "incomeTaxExpense": "76000000", "interestAndDebtExpense": "None", "netIncomeFromContinuingOperations": "None", "comprehensiveIncomeNetOfTax": "None", "ebit": "385300000", "ebitda": "536500000", "netIncome": "267900000"}, {"fiscalDateEnding": "2019-01-31", "reportedCurrency": "USD", "grossProfit": "1912100000", "totalRevenue": "6205200000", "costOfRevenue": "4293100000", "costofGoodsAndServicesSold": "4293100000", "operatingIncome": "-2147400000", "sellingGeneralAndAdministrative": "1232600000", "researchAndDevelopment": "None", "operatingExpenses": "1332500000", "investmentIncomeNet": "None", "netInterestIncome": "None", "interestIncome": "None", "interestExpense": "46300000", "nonInterestIncome": "None", "otherNonOperatingIncome": "None", "depreciation": "None", "depreciationAndAmortization": "166700000", "incomeBeforeTax": "-2194100000", "incomeTaxExpense": "112900000", "interestAndDebtExpense": "None", "netIncomeFromContinuingOperations": "None", "comprehensiveIncomeNetOfTax": "None", "ebit": "-2147800000", "ebitda": "-1981100000", "netIncome": "-2307000000"}, {"fiscalDateEnding": "2018-10-31", "reportedCurrency": "USD", "grossProfit": "1671900000", "totalRevenue": "5538800000", "costOfRevenue": "3866900000", "costofGoodsAndServicesSold": "3866900000", "operatingIncome": "387800000", "sellingGeneralAndAdministrative": "1284100000", "researchAndDevelopment": "0", "operatingExpenses": "1284100000", "investmentIncomeNet": "None", "netInterestIncome": "None", "interestIncome": "None", "interestExpense": "47600000", "nonInterestIncome": "None", "otherNonOperatingIncome": "-200000", "depreciation": "None", "depreciationAndAmortization": "150400000", "incomeBeforeTax": "340000000", "incomeTaxExpense": "58200000", "interestAndDebtExpense": "None", "netIncomeFromContinuingOperations": "398200000", "comprehensiveIncomeNetOfTax": "None", "ebit": "387800000", "ebitda": "538200000", "netIncome": "281800000"}, {"fiscalDateEnding": "2018-07-31", "reportedCurrency": "USD", "grossProfit": "1663900000", "totalRevenue": "5525600000", "costOfRevenue": "3861700000", "costofGoodsAndServicesSold": "3861700000", "operatingIncome": "382500000", "sellingGeneralAndAdministrative": "1281400000", "researchAndDevelopment": "0", "operatingExpenses": "1281400000", "investmentIncomeNet": "None", "netInterestIncome": "None", "interestIncome": "None", "interestExpense": "46100000", "nonInterestIncome": "None", "otherNonOperatingIncome": "-200000", "depreciation": "None", "depreciationAndAmortization": "152500000", "incomeBeforeTax": "337700000", "incomeTaxExpense": "63800000", "interestAndDebtExpense": "None", "netIncomeFromContinuingOperations": "254300000", "comprehensiveIncomeNetOfTax": "None", "ebit": "382500000", "ebitda": "535000000", "netIncome": "273900000"}, {"fiscalDateEnding": "2018-04-30", "reportedCurrency": "USD", "grossProfit": "1699600000", "totalRevenue": "5553700000", "costOfRevenue": "3854100000", "costofGoodsAndServicesSold": "3854100000", "operatingIncome": "437600000", "sellingGeneralAndAdministrative": "None", "researchAndDevelopment": "None", "operatingExpenses": "1262000000", "investmentIncomeNet": "None", "netInterestIncome": "None", "interestIncome": "None", "interestExpense": "230000000", "nonInterestIncome": "None", "otherNonOperatingIncome": "None", "depreciation": "None", "depreciationAndAmortization": "151500000", "incomeBeforeTax": "207400000", "incomeTaxExpense": "46900000", "interestAndDebtExpense": "None", "netIncomeFromContinuingOperations": "None", "comprehensiveIncomeNetOfTax": "None", "ebit": "437600000", "ebitda": "589100000", "netIncome": "160500000"}, {"fiscalDateEnding": "2018-01-31", "reportedCurrency": "USD", "grossProfit": "2101000000", "totalRevenue": "6360600000", "costOfRevenue": "4259600000", "costofGoodsAndServicesSold": "4259600000", "operatingIncome": "765600000", "sellingGeneralAndAdministrative": "1264100000", "researchAndDevelopment": "0", "operatingExpenses": "1370400000", "investmentIncomeNet": "None", "netInterestIncome": "None", "interestIncome": "None", "interestExpense": "81600000", "nonInterestIncome": "None", "otherNonOperatingIncome": "7500000", "depreciation": "None", "depreciationAndAmortization": "156600000", "incomeBeforeTax": "691500000", "incomeTaxExpense": "-348600000", "interestAndDebtExpense": "None", "netIncomeFromContinuingOperations": "342900000", "comprehensiveIncomeNetOfTax": "None", "ebit": "771200000", "ebitda": "927800000", "netIncome": "1040100000"}, {"fiscalDateEnding": "2017-10-31", "reportedCurrency": "USD", "grossProfit": "1666000000", "totalRevenue": "5316600000", "costOfRevenue": "3650600000", "costofGoodsAndServicesSold": "3650600000", "operatingIncome": "425200000", "sellingGeneralAndAdministrative": "1240800000", "researchAndDevelopment": "0", "operatingExpenses": "1240800000", "investmentIncomeNet": "None", "netInterestIncome": "None", "interestIncome": "None", "interestExpense": "69700000", "nonInterestIncome": "None", "otherNonOperatingIncome": "-400000", "depreciation": "None", "depreciationAndAmortization": "149400000", "incomeBeforeTax": "355100000", "incomeTaxExpense": "115200000", "interestAndDebtExpense": "None", "netIncomeFromContinuingOperations": "470300000", "comprehensiveIncomeNetOfTax": "None", "ebit": "424800000", "ebitda": "574200000", "netIncome": "239900000"}, {"fiscalDateEnding": "2017-07-31", "reportedCurrency": "USD", "grossProfit": "1627800000", "totalRevenue": "5281200000", "costOfRevenue": "3653400000", "costofGoodsAndServicesSold": "3653400000", "operatingIncome": "419500000", "sellingGeneralAndAdministrative": "1205700000", "researchAndDevelopment": "0", "operatingExpenses": "1205700000", "investmentIncomeNet": "None", "netInterestIncome": "None", "interestIncome": "None", "interestExpense": "75800000", "nonInterestIncome": "None", "otherNonOperatingIncome": "-100000", "depreciation": "None", "depreciationAndAmortization": "151300000", "incomeBeforeTax": "343600000", "incomeTaxExpense": "109800000", "interestAndDebtExpense": "None", "netIncomeFromContinuingOperations": "453400000", "comprehensiveIncomeNetOfTax": "None", "ebit": "419500000", "ebitda": "570800000", "netIncome": "233800000"}, {"fiscalDateEnding": "2017-04-30", "reportedCurrency": "USD", "grossProfit": "1627100000", "totalRevenue": "5287100000", "costOfRevenue": "3660000000", "costofGoodsAndServicesSold": "3660000000", "operatingIncome": "388800000", "sellingGeneralAndAdministrative": "None", "researchAndDevelopment": "None", "operatingExpenses": "1187400000", "investmentIncomeNet": "None", "netInterestIncome": "None", "interestIncome": "None", "interestExpense": "74700000", "nonInterestIncome": "None", "otherNonOperatingIncome": "None", "depreciation": "None", "depreciationAndAmortization": "153900000", "incomeBeforeTax": "313800000", "incomeTaxExpense": "113300000", "interestAndDebtExpense": "None", "netIncomeFromContinuingOperations": "None", "comprehensiveIncomeNetOfTax": "None", "ebit": "388800000", "ebitda": "542700000", "netIncome": "200500000"}, {"fiscalDateEnding": "2017-01-31", "reportedCurrency": "USD", "grossProfit": "1807000000", "totalRevenue": "5635300000", "costOfRevenue": "3828300000", "costofGoodsAndServicesSold": "3828300000", "operatingIncome": "586500000", "sellingGeneralAndAdministrative": "1160400000", "researchAndDevelopment": "0", "operatingExpenses": "1220500000", "investmentIncomeNet": "None", "netInterestIncome": "None", "interestIncome": "None", "interestExpense": "88800000", "nonInterestIncome": "None", "otherNonOperatingIncome": "-300000", "depreciation": "None", "depreciationAndAmortization": "155700000", "incomeBeforeTax": "497700000", "incomeTaxExpense": "175900000", "interestAndDebtExpense": "None", "netIncomeFromContinuingOperations": "427100000", "comprehensiveIncomeNetOfTax": "None", "ebit": "586500000", "ebitda": "742200000", "netIncome": "321800000"}, {"fiscalDateEnding": "2016-10-31", "reportedCurrency": "USD", "grossProfit": "1520500000", "totalRevenue": "5001600000", "costOfRevenue": "3481100000", "costofGoodsAndServicesSold": "3481100000", "operatingIncome": "342400000", "sellingGeneralAndAdministrative": "1178100000", "researchAndDevelopment": "0", "operatingExpenses": "1178100000", "investmentIncomeNet": "None", "netInterestIncome": "None", "interestIncome": "None", "interestExpense": "112100000", "nonInterestIncome": "None", "otherNonOperatingIncome": "None", "depreciation": "None", "depreciationAndAmortization": "157600000", "incomeBeforeTax": "230200000", "incomeTaxExpense": "58600000", "interestAndDebtExpense": "None", "netIncomeFromContinuingOperations": "-192700000", "comprehensiveIncomeNetOfTax": "None", "ebit": "342300000", "ebitda": "499900000", "netIncome": "171600000"}, {"fiscalDateEnding": "2016-07-31", "reportedCurrency": "USD", "grossProfit": "1512400000", "totalRevenue": "4996300000", "costOfRevenue": "3483900000", "costofGoodsAndServicesSold": "3483900000", "operatingIncome": "357200000", "sellingGeneralAndAdministrative": "1155200000", "researchAndDevelopment": "0", "operatingExpenses": "1155200000", "investmentIncomeNet": "None", "netInterestIncome": "None", "interestIncome": "None", "interestExpense": "87300000", "nonInterestIncome": "None", "otherNonOperatingIncome": "-100000", "depreciation": "None", "depreciationAndAmortization": "161900000", "incomeBeforeTax": "269900000", "incomeTaxExpense": "99700000", "interestAndDebtExpense": "None", "netIncomeFromContinuingOperations": "288800000", "comprehensiveIncomeNetOfTax": "None", "ebit": "357200000", "ebitda": "519100000", "netIncome": "170200000"}, {"fiscalDateEnding": "2016-04-30", "reportedCurrency": "USD", "grossProfit": "1554600000", "totalRevenue": "5085800000", "costOfRevenue": "3531200000", "costofGoodsAndServicesSold": "3531200000", "operatingIncome": "418700000", "sellingGeneralAndAdministrative": "1135900000", "researchAndDevelopment": "0", "operatingExpenses": "1135900000", "investmentIncomeNet": "None", "netInterestIncome": "None", "interestIncome": "None", "interestExpense": "87300000", "nonInterestIncome": "None", "otherNonOperatingIncome": "None", "depreciation": "None", "depreciationAndAmortization": "162300000", "incomeBeforeTax": "331600000", "incomeTaxExpense": "98900000", "interestAndDebtExpense": "None", "netIncomeFromContinuingOperations": "369600000", "comprehensiveIncomeNetOfTax": "None", "ebit": "425000000", "ebitda": "587300000", "netIncome": "232700000"}, {"fiscalDateEnding": "2016-01-31", "reportedCurrency": "USD", "grossProfit": "1652600000", "totalRevenue": "5365300000", "costOfRevenue": "3712700000", "costofGoodsAndServicesSold": "3712700000", "operatingIncome": "469700000", "sellingGeneralAndAdministrative": "1150400000", "researchAndDevelopment": "0", "operatingExpenses": "1182900000", "investmentIncomeNet": "None", "netInterestIncome": "None", "interestIncome": "None", "interestExpense": "114800000", "nonInterestIncome": "None", "otherNonOperatingIncome": "200000", "depreciation": "None", "depreciationAndAmortization": "175100000", "incomeBeforeTax": "352500000", "incomeTaxExpense": "123500000", "interestAndDebtExpense": "None", "netIncomeFromContinuingOperations": "430500000", "comprehensiveIncomeNetOfTax": "None", "ebit": "492500000", "ebitda": "667600000", "netIncome": "229000000"}, {"fiscalDateEnding": "2015-10-31", "reportedCurrency": "USD", "grossProfit": "1400000000", "totalRevenue": "4945200000", "costOfRevenue": "3545200000", "costofGoodsAndServicesSold": "3545200000", "operatingIncome": "223700000", "sellingGeneralAndAdministrative": "1176300000", "researchAndDevelopment": "0", "operatingExpenses": "1176300000", "investmentIncomeNet": "None", "netInterestIncome": "None", "interestIncome": "None", "interestExpense": "98400000", "nonInterestIncome": "None", "otherNonOperatingIncome": "-2400000", "depreciation": "None", "depreciationAndAmortization": "170200000", "incomeBeforeTax": "124700000", "incomeTaxExpense": "42800000", "interestAndDebtExpense": "None", "netIncomeFromContinuingOperations": "229000000", "comprehensiveIncomeNetOfTax": "None", "ebit": "278600000", "ebitda": "448800000", "netIncome": "81900000"}, {"fiscalDateEnding": "2015-07-31", "reportedCurrency": "USD", "grossProfit": "855200000", "totalRevenue": "3011200000", "costOfRevenue": "2156000000", "costofGoodsAndServicesSold": "2156000000", "operatingIncome": "123400000", "sellingGeneralAndAdministrative": "731800000", "researchAndDevelopment": "0", "operatingExpenses": "731800000", "investmentIncomeNet": "None", "netInterestIncome": "None", "interestIncome": "None", "interestExpense": "263900000", "nonInterestIncome": "None", "otherNonOperatingIncome": "-600000", "depreciation": "None", "depreciationAndAmortization": "89500000", "incomeBeforeTax": "-142200000", "incomeTaxExpense": "-44200000", "interestAndDebtExpense": "None", "netIncomeFromContinuingOperations": "81900000", "comprehensiveIncomeNetOfTax": "None", "ebit": "196400000", "ebitda": "285900000", "netIncome": "-98000000"}, {"fiscalDateEnding": "2015-04-30", "reportedCurrency": "USD", "grossProfit": "748900000", "totalRevenue": "2176700000", "costOfRevenue": "1427800000", "costofGoodsAndServicesSold": "1427800000", "operatingIncome": "232800000", "sellingGeneralAndAdministrative": "516100000", "researchAndDevelopment": "0", "operatingExpenses": "516100000", "investmentIncomeNet": "None", "netInterestIncome": "None", "interestIncome": "None", "interestExpense": "122200000", "nonInterestIncome": "None", "otherNonOperatingIncome": "2600000", "depreciation": "None", "depreciationAndAmortization": "52800000", "incomeBeforeTax": "113200000", "incomeTaxExpense": "43700000", "interestAndDebtExpense": "None", "netIncomeFromContinuingOperations": "69500000", "comprehensiveIncomeNetOfTax": "None", "ebit": "243200000", "ebitda": "296000000", "netIncome": "69500000"}, {"fiscalDateEnding": "2015-01-31", "reportedCurrency": "USD", "grossProfit": "918100000", "totalRevenue": "2475600000", "costOfRevenue": "1557500000", "costofGoodsAndServicesSold": "1557500000", "operatingIncome": "390300000", "sellingGeneralAndAdministrative": "509700000", "researchAndDevelopment": "0", "operatingExpenses": "527800000", "investmentIncomeNet": "None", "netInterestIncome": "None", "interestIncome": "None", "interestExpense": "8500000", "nonInterestIncome": "None", "otherNonOperatingIncome": "-4800000", "depreciation": "None", "depreciationAndAmortization": "54400000", "incomeBeforeTax": "377200000", "incomeTaxExpense": "138200000", "interestAndDebtExpense": "None", "netIncomeFromContinuingOperations": "206400000", "comprehensiveIncomeNetOfTax": "None", "ebit": "391800000", "ebitda": "446200000", "netIncome": "239000000"}, {"fiscalDateEnding": "2014-10-31", "reportedCurrency": "USD", "grossProfit": "725300000", "totalRevenue": "2095200000", "costOfRevenue": "1369900000", "costofGoodsAndServicesSold": "1369900000", "operatingIncome": "219700000", "sellingGeneralAndAdministrative": "505600000", "researchAndDevelopment": "0", "operatingExpenses": "505600000", "investmentIncomeNet": "None", "netInterestIncome": "None", "interestIncome": "None", "interestExpense": "9300000", "nonInterestIncome": "None", "otherNonOperatingIncome": "-1100000", "depreciation": "None", "depreciationAndAmortization": "50900000", "incomeBeforeTax": "209300000", "incomeTaxExpense": "76300000", "interestAndDebtExpense": "None", "netIncomeFromContinuingOperations": "133000000", "comprehensiveIncomeNetOfTax": "None", "ebit": "234000000", "ebitda": "284900000", "netIncome": "133000000"}, {"fiscalDateEnding": "2014-07-31", "reportedCurrency": "USD", "grossProfit": "694100000", "totalRevenue": "2031100000", "costOfRevenue": "1337000000", "costofGoodsAndServicesSold": "1337000000", "operatingIncome": "205000000", "sellingGeneralAndAdministrative": "489100000", "researchAndDevelopment": "0", "operatingExpenses": "489100000", "investmentIncomeNet": "None", "netInterestIncome": "None", "interestIncome": "None", "interestExpense": "8400000", "nonInterestIncome": "None", "otherNonOperatingIncome": "None", "depreciation": "None", "depreciationAndAmortization": "49900000", "incomeBeforeTax": "196600000", "incomeTaxExpense": "75100000", "interestAndDebtExpense": "None", "netIncomeFromContinuingOperations": "138300000", "comprehensiveIncomeNetOfTax": "None", "ebit": "155100000", "ebitda": "205000000", "netIncome": "121500000"}, {"fiscalDateEnding": "2014-04-30", "reportedCurrency": "USD", "grossProfit": "696600000", "totalRevenue": "2000300000", "costOfRevenue": "1303700000", "costofGoodsAndServicesSold": "1303700000", "operatingIncome": "231900000", "sellingGeneralAndAdministrative": "None", "researchAndDevelopment": "None", "operatingExpenses": "464700000", "investmentIncomeNet": "None", "netInterestIncome": "None", "interestIncome": "None", "interestExpense": "8100000", "nonInterestIncome": "None", "otherNonOperatingIncome": "None", "depreciation": "None", "depreciationAndAmortization": "50700000", "incomeBeforeTax": "223800000", "incomeTaxExpense": "85500000", "interestAndDebtExpense": "None", "netIncomeFromContinuingOperations": "None", "comprehensiveIncomeNetOfTax": "None", "ebit": "231900000", "ebitda": "282600000", "netIncome": "138300000"}, {"fiscalDateEnding": "2014-01-31", "reportedCurrency": "USD", "grossProfit": "825200000", "totalRevenue": "2234900000", "costOfRevenue": "1409700000", "costofGoodsAndServicesSold": "1409700000", "operatingIncome": "348200000", "sellingGeneralAndAdministrative": "462100000", "researchAndDevelopment": "0", "operatingExpenses": "477000000", "investmentIncomeNet": "None", "netInterestIncome": "None", "interestIncome": "None", "interestExpense": "8900000", "nonInterestIncome": "None", "otherNonOperatingIncome": "-100000", "depreciation": "None", "depreciationAndAmortization": "50200000", "incomeBeforeTax": "339100000", "incomeTaxExpense": "126100000", "interestAndDebtExpense": "None", "netIncomeFromContinuingOperations": "213100000", "comprehensiveIncomeNetOfTax": "None", "ebit": "348700000", "ebitda": "398900000", "netIncome": "213000000"}, {"fiscalDateEnding": "2013-10-31", "reportedCurrency": "USD", "grossProfit": "659900000", "totalRevenue": "1884700000", "costOfRevenue": "1224800000", "costofGoodsAndServicesSold": "1224800000", "operatingIncome": "204300000", "sellingGeneralAndAdministrative": "455600000", "researchAndDevelopment": "0", "operatingExpenses": "455600000", "investmentIncomeNet": "None", "netInterestIncome": "None", "interestIncome": "None", "interestExpense": "5200000", "nonInterestIncome": "None", "otherNonOperatingIncome": "-300000", "depreciation": "None", "depreciationAndAmortization": "48600000", "incomeBeforeTax": "198800000", "incomeTaxExpense": "73400000", "interestAndDebtExpense": "None", "netIncomeFromContinuingOperations": "125400000", "comprehensiveIncomeNetOfTax": "None", "ebit": "204300000", "ebitda": "252900000", "netIncome": "125400000"}, {"fiscalDateEnding": "2013-07-31", "reportedCurrency": "USD", "grossProfit": "648700000", "totalRevenue": "1854900000", "costOfRevenue": "1206200000", "costofGoodsAndServicesSold": "1206200000", "operatingIncome": "201300000", "sellingGeneralAndAdministrative": "447400000", "researchAndDevelopment": "0", "operatingExpenses": "447400000", "investmentIncomeNet": "None", "netInterestIncome": "None", "interestIncome": "None", "interestExpense": "700000", "nonInterestIncome": "None", "otherNonOperatingIncome": "-400000", "depreciation": "None", "depreciationAndAmortization": "46600000", "incomeBeforeTax": "200800000", "incomeTaxExpense": "76100000", "interestAndDebtExpense": "None", "netIncomeFromContinuingOperations": "133500000", "comprehensiveIncomeNetOfTax": "None", "ebit": "201500000", "ebitda": "248100000", "netIncome": "124700000"}, {"fiscalDateEnding": "2013-04-30", "reportedCurrency": "USD", "grossProfit": "656000000", "totalRevenue": "1865800000", "costOfRevenue": "1209800000", "costofGoodsAndServicesSold": "1209800000", "operatingIncome": "216600000", "sellingGeneralAndAdministrative": "None", "researchAndDevelopment": "None", "operatingExpenses": "439400000", "investmentIncomeNet": "None", "netInterestIncome": "None", "interestIncome": "None", "interestExpense": "600000", "nonInterestIncome": "None", "otherNonOperatingIncome": "None", "depreciation": "None", "depreciationAndAmortization": "45100000", "incomeBeforeTax": "215600000", "incomeTaxExpense": "82100000", "interestAndDebtExpense": "None", "netIncomeFromContinuingOperations": "None", "comprehensiveIncomeNetOfTax": "None", "ebit": "216200000", "ebitda": "261300000", "netIncome": "133500000"}, {"fiscalDateEnding": "2013-01-31", "reportedCurrency": "USD", "grossProfit": "850800000", "totalRevenue": "2245800000", "costOfRevenue": "1395000000", "costofGoodsAndServicesSold": "1395000000", "operatingIncome": "363500000", "sellingGeneralAndAdministrative": "473800000", "researchAndDevelopment": "0", "operatingExpenses": "487300000", "investmentIncomeNet": "None", "netInterestIncome": "None", "interestIncome": "None", "interestExpense": "400000", "nonInterestIncome": "None", "otherNonOperatingIncome": "-200000", "depreciation": "None", "depreciationAndAmortization": "46900000", "incomeBeforeTax": "362900000", "incomeTaxExpense": "134300000", "interestAndDebtExpense": "None", "netIncomeFromContinuingOperations": "228600000", "comprehensiveIncomeNetOfTax": "None", "ebit": "363300000", "ebitda": "410200000", "netIncome": "228600000"}, {"fiscalDateEnding": "2012-10-31", "reportedCurrency": "USD", "grossProfit": "599600000", "totalRevenue": "1720500000", "costOfRevenue": "1120900000", "costofGoodsAndServicesSold": "1120900000", "operatingIncome": "184200000", "sellingGeneralAndAdministrative": "415400000", "researchAndDevelopment": "0", "operatingExpenses": "415400000", "investmentIncomeNet": "None", "netInterestIncome": "None", "interestIncome": "None", "interestExpense": "800000", "nonInterestIncome": "None", "otherNonOperatingIncome": "60700000", "depreciation": "None", "depreciationAndAmortization": "43600000", "incomeBeforeTax": "244100000", "incomeTaxExpense": "88700000", "interestAndDebtExpense": "None", "netIncomeFromContinuingOperations": "155400000", "comprehensiveIncomeNetOfTax": "None", "ebit": "244900000", "ebitda": "288500000", "netIncome": "155400000"}, {"fiscalDateEnding": "2012-07-31", "reportedCurrency": "USD", "grossProfit": "599600000", "totalRevenue": "1704600000", "costOfRevenue": "1105000000", "costofGoodsAndServicesSold": "1105000000", "operatingIncome": "184400000", "sellingGeneralAndAdministrative": "415200000", "researchAndDevelopment": "0", "operatingExpenses": "415200000", "investmentIncomeNet": "None", "netInterestIncome": "None", "interestIncome": "None", "interestExpense": "1100000", "nonInterestIncome": "None", "otherNonOperatingIncome": "None", "depreciation": "None", "depreciationAndAmortization": "43000000", "incomeBeforeTax": "183300000", "incomeTaxExpense": "64100000", "interestAndDebtExpense": "None", "netIncomeFromContinuingOperations": "119200000", "comprehensiveIncomeNetOfTax": "None", "ebit": "141400000", "ebitda": "184400000", "netIncome": "119200000"}, {"fiscalDateEnding": "2012-04-30", "reportedCurrency": "USD", "grossProfit": "602700000", "totalRevenue": "1723600000", "costOfRevenue": "1120900000", "costofGoodsAndServicesSold": "1120900000", "operatingIncome": "188000000", "sellingGeneralAndAdministrative": "None", "researchAndDevelopment": "None", "operatingExpenses": "414700000", "investmentIncomeNet": "None", "netInterestIncome": "None", "interestIncome": "None", "interestExpense": "500000", "nonInterestIncome": "None", "otherNonOperatingIncome": "None", "depreciation": "None", "depreciationAndAmortization": "41800000", "incomeBeforeTax": "188600000", "incomeTaxExpense": "72500000", "interestAndDebtExpense": "None", "netIncomeFromContinuingOperations": "None", "comprehensiveIncomeNetOfTax": "None", "ebit": "189100000", "ebitda": "230900000", "netIncome": "116100000"}, {"fiscalDateEnding": "2012-01-31", "reportedCurrency": "USD", "grossProfit": "734500000", "totalRevenue": "1945600000", "costOfRevenue": "1211100000", "costofGoodsAndServicesSold": "1211100000", "operatingIncome": "302000000", "sellingGeneralAndAdministrative": "432500000", "researchAndDevelopment": "0", "operatingExpenses": "432500000", "investmentIncomeNet": "None", "netInterestIncome": "None", "interestIncome": "None", "interestExpense": "700000", "nonInterestIncome": "None", "otherNonOperatingIncome": "1100000", "depreciation": "None", "depreciationAndAmortization": "44000000", "incomeBeforeTax": "301500000", "incomeTaxExpense": "113600000", "interestAndDebtExpense": "None", "netIncomeFromContinuingOperations": "116100000", "comprehensiveIncomeNetOfTax": "None", "ebit": "302300000", "ebitda": "346300000", "netIncome": "187900000"}, {"fiscalDateEnding": "2011-10-31", "reportedCurrency": "USD", "grossProfit": "560600000", "totalRevenue": "1596600000", "costOfRevenue": "1036000000", "costofGoodsAndServicesSold": "1036000000", "operatingIncome": "164900000", "sellingGeneralAndAdministrative": "395700000", "researchAndDevelopment": "0", "operatingExpenses": "395700000", "investmentIncomeNet": "None", "netInterestIncome": "None", "interestIncome": "None", "interestExpense": "700000", "nonInterestIncome": "None", "otherNonOperatingIncome": "200000", "depreciation": "None", "depreciationAndAmortization": "41100000", "incomeBeforeTax": "164200000", "incomeTaxExpense": "59700000", "interestAndDebtExpense": "None", "netIncomeFromContinuingOperations": "187900000", "comprehensiveIncomeNetOfTax": "None", "ebit": "165000000", "ebitda": "206100000", "netIncome": "104500000"}, {"fiscalDateEnding": "2011-07-31", "reportedCurrency": "USD", "grossProfit": "542400000", "totalRevenue": "1542400000", "costOfRevenue": "1000000000", "costofGoodsAndServicesSold": "1000000000", "operatingIncome": "153500000", "sellingGeneralAndAdministrative": "388900000", "researchAndDevelopment": "0", "operatingExpenses": "388900000", "investmentIncomeNet": "None", "netInterestIncome": "None", "interestIncome": "None", "interestExpense": "700000", "nonInterestIncome": "None", "otherNonOperatingIncome": "-500000", "depreciation": "None", "depreciationAndAmortization": "39600000", "incomeBeforeTax": "152300000", "incomeTaxExpense": "57400000", "interestAndDebtExpense": "None", "netIncomeFromContinuingOperations": "94900000", "comprehensiveIncomeNetOfTax": "None", "ebit": "153000000", "ebitda": "192600000", "netIncome": "94900000"}, {"fiscalDateEnding": "2011-04-30", "reportedCurrency": "USD", "grossProfit": "540800000", "totalRevenue": "1545900000", "costOfRevenue": "1005100000", "costofGoodsAndServicesSold": "1005100000", "operatingIncome": "161700000", "sellingGeneralAndAdministrative": "None", "researchAndDevelopment": "None", "operatingExpenses": "379100000", "investmentIncomeNet": "None", "netInterestIncome": "None", "interestIncome": "None", "interestExpense": "900000", "nonInterestIncome": "None", "otherNonOperatingIncome": "None", "depreciation": "None", "depreciationAndAmortization": "39200000", "incomeBeforeTax": "161500000", "incomeTaxExpense": "60500000", "interestAndDebtExpense": "None", "netIncomeFromContinuingOperations": "None", "comprehensiveIncomeNetOfTax": "None", "ebit": "162400000", "ebitda": "201600000", "netIncome": "101000000"}, {"fiscalDateEnding": "2011-01-31", "reportedCurrency": "USD", "grossProfit": "647900000", "totalRevenue": "1725300000", "costOfRevenue": "1077400000", "costofGoodsAndServicesSold": "1077400000", "operatingIncome": "258700000", "sellingGeneralAndAdministrative": "389200000", "researchAndDevelopment": "0", "operatingExpenses": "389200000", "investmentIncomeNet": "None", "netInterestIncome": "None", "interestIncome": "None", "interestExpense": "600000", "nonInterestIncome": "None", "otherNonOperatingIncome": "700000", "depreciation": "None", "depreciationAndAmortization": "42100000", "incomeBeforeTax": "258100000", "incomeTaxExpense": "95600000", "interestAndDebtExpense": "None", "netIncomeFromContinuingOperations": "101000000", "comprehensiveIncomeNetOfTax": "None", "ebit": "258700000", "ebitda": "300800000", "netIncome": "162500000"}, {"fiscalDateEnding": "2010-10-31", "reportedCurrency": "USD", "grossProfit": "506000000", "totalRevenue": "1426600000", "costOfRevenue": "920600000", "costofGoodsAndServicesSold": "920600000", "operatingIncome": "140900000", "sellingGeneralAndAdministrative": "365100000", "researchAndDevelopment": "0", "operatingExpenses": "365100000", "investmentIncomeNet": "None", "netInterestIncome": "None", "interestIncome": "None", "interestExpense": "1600000", "nonInterestIncome": "None", "otherNonOperatingIncome": "5400000", "depreciation": "None", "depreciationAndAmortization": "38900000", "incomeBeforeTax": "144700000", "incomeTaxExpense": "51500000", "interestAndDebtExpense": "None", "netIncomeFromContinuingOperations": "0", "comprehensiveIncomeNetOfTax": "None", "ebit": "102000000", "ebitda": "140900000", "netIncome": "93200000"}, {"fiscalDateEnding": "2010-07-31", "reportedCurrency": "USD", "grossProfit": "483500000", "totalRevenue": "1377900000", "costOfRevenue": "894400000", "costofGoodsAndServicesSold": "894400000", "operatingIncome": "127800000", "sellingGeneralAndAdministrative": "355700000", "researchAndDevelopment": "0", "operatingExpenses": "355700000", "investmentIncomeNet": "None", "netInterestIncome": "None", "interestIncome": "None", "interestExpense": "2800000", "nonInterestIncome": "None", "otherNonOperatingIncome": "-1200000", "depreciation": "None", "depreciationAndAmortization": "39400000", "incomeBeforeTax": "125000000", "incomeTaxExpense": "47000000", "interestAndDebtExpense": "None", "netIncomeFromContinuingOperations": "78000000", "comprehensiveIncomeNetOfTax": "None", "ebit": "129000000", "ebitda": "168400000", "netIncome": "78000000"}, {"fiscalDateEnding": "2010-04-30", "reportedCurrency": "USD", "grossProfit": "450200000", "totalRevenue": "1352600000", "costOfRevenue": "902400000", "costofGoodsAndServicesSold": "902400000", "operatingIncome": "102600000", "sellingGeneralAndAdministrative": "None", "researchAndDevelopment": "None", "operatingExpenses": "347600000", "investmentIncomeNet": "None", "netInterestIncome": "None", "interestIncome": "None", "interestExpense": "500000", "nonInterestIncome": "None", "otherNonOperatingIncome": "None", "depreciation": "None", "depreciationAndAmortization": "39300000", "incomeBeforeTax": "102100000", "incomeTaxExpense": "38500000", "interestAndDebtExpense": "None", "netIncomeFromContinuingOperations": "None", "comprehensiveIncomeNetOfTax": "None", "ebit": "101700000", "ebitda": "141000000", "netIncome": "63600000"}, {"fiscalDateEnding": "2010-01-31", "reportedCurrency": "USD", "grossProfit": "578400000", "totalRevenue": "1558600000", "costOfRevenue": "980200000", "costofGoodsAndServicesSold": "980200000", "operatingIncome": "218400000", "sellingGeneralAndAdministrative": "360000000", "researchAndDevelopment": "0", "operatingExpenses": "360000000", "investmentIncomeNet": "None", "netInterestIncome": "None", "interestIncome": "None", "interestExpense": "1500000", "nonInterestIncome": "None", "otherNonOperatingIncome": "None", "depreciation": "None", "depreciationAndAmortization": "41300000", "incomeBeforeTax": "216900000", "incomeTaxExpense": "81900000", "interestAndDebtExpense": "None", "netIncomeFromContinuingOperations": "0", "comprehensiveIncomeNetOfTax": "None", "ebit": "220300000", "ebitda": "261600000", "netIncome": "135000000"}, {"fiscalDateEnding": "2009-10-31", "reportedCurrency": "USD", "grossProfit": "441200000", "totalRevenue": "1248700000", "costOfRevenue": "807500000", "costofGoodsAndServicesSold": "807500000", "operatingIncome": "107600000", "sellingGeneralAndAdministrative": "333600000", "researchAndDevelopment": "0", "operatingExpenses": "333600000", "investmentIncomeNet": "None", "netInterestIncome": "None", "interestIncome": "None", "interestExpense": "1600000", "nonInterestIncome": "None", "otherNonOperatingIncome": "None", "depreciation": "None", "depreciationAndAmortization": "38600000", "incomeBeforeTax": "106000000", "incomeTaxExpense": "37800000", "interestAndDebtExpense": "None", "netIncomeFromContinuingOperations": "0", "comprehensiveIncomeNetOfTax": "None", "ebit": "69000000", "ebitda": "107600000", "netIncome": "68200000"}, {"fiscalDateEnding": "2009-07-31", "reportedCurrency": "USD", "grossProfit": "421800000", "totalRevenue": "1222800000", "costOfRevenue": "801000000", "costofGoodsAndServicesSold": "801000000", "operatingIncome": "89200000", "sellingGeneralAndAdministrative": "332600000", "researchAndDevelopment": "0", "operatingExpenses": "332600000", "investmentIncomeNet": "None", "netInterestIncome": "None", "interestIncome": "None", "interestExpense": "1300000", "nonInterestIncome": "None", "otherNonOperatingIncome": "None", "depreciation": "None", "depreciationAndAmortization": "39100000", "incomeBeforeTax": "87900000", "incomeTaxExpense": "31000000", "interestAndDebtExpense": "None", "netIncomeFromContinuingOperations": "0", "comprehensiveIncomeNetOfTax": "None", "ebit": "50100000", "ebitda": "89200000", "netIncome": "56900000"}, {"fiscalDateEnding": "2009-04-30", "reportedCurrency": "USD", "grossProfit": "415400000", "totalRevenue": "1201100000", "costOfRevenue": "785700000", "costofGoodsAndServicesSold": "785700000", "operatingIncome": "97600000", "sellingGeneralAndAdministrative": "None", "researchAndDevelopment": "None", "operatingExpenses": "317800000", "investmentIncomeNet": "None", "netInterestIncome": "None", "interestIncome": "None", "interestExpense": "800000", "nonInterestIncome": "None", "otherNonOperatingIncome": "None", "depreciation": "None", "depreciationAndAmortization": "38800000", "incomeBeforeTax": "96800000", "incomeTaxExpense": "36400000", "interestAndDebtExpense": "None", "netIncomeFromContinuingOperations": "None", "comprehensiveIncomeNetOfTax": "None", "ebit": "58800000", "ebitda": "97600000", "netIncome": "60400000"}, {"fiscalDateEnding": "2009-01-31", "reportedCurrency": "USD", "grossProfit": "493200000", "totalRevenue": "1386500000", "costOfRevenue": "893300000", "costofGoodsAndServicesSold": "893300000", "operatingIncome": "165200000", "sellingGeneralAndAdministrative": "328000000", "researchAndDevelopment": "0", "operatingExpenses": "328000000", "investmentIncomeNet": "None", "netInterestIncome": "None", "interestIncome": "None", "interestExpense": "900000", "nonInterestIncome": "None", "otherNonOperatingIncome": "None", "depreciation": "None", "depreciationAndAmortization": "41900000", "incomeBeforeTax": "164300000", "incomeTaxExpense": "59100000", "interestAndDebtExpense": "None", "netIncomeFromContinuingOperations": "0", "comprehensiveIncomeNetOfTax": "None", "ebit": "165200000", "ebitda": "207100000", "netIncome": "105200000"}, {"fiscalDateEnding": "2008-10-31", "reportedCurrency": "USD", "grossProfit": "379400000", "totalRevenue": "1114000000", "costOfRevenue": "734600000", "costofGoodsAndServicesSold": "734600000", "operatingIncome": "69300000", "sellingGeneralAndAdministrative": "310100000", "researchAndDevelopment": "0", "operatingExpenses": "310100000", "investmentIncomeNet": "None", "netInterestIncome": "None", "interestIncome": "None", "interestExpense": "2300000", "nonInterestIncome": "None", "otherNonOperatingIncome": "None", "depreciation": "None", "depreciationAndAmortization": "38300000", "incomeBeforeTax": "67000000", "incomeTaxExpense": "23900000", "interestAndDebtExpense": "None", "netIncomeFromContinuingOperations": "0", "comprehensiveIncomeNetOfTax": "None", "ebit": "31000000", "ebitda": "69300000", "netIncome": "43100000"}, {"fiscalDateEnding": "2008-07-31", "reportedCurrency": "USD", "grossProfit": "363100000", "totalRevenue": "1093100000", "costOfRevenue": "730000000", "costofGoodsAndServicesSold": "730000000", "operatingIncome": "61600000", "sellingGeneralAndAdministrative": "301500000", "researchAndDevelopment": "0", "operatingExpenses": "301500000", "investmentIncomeNet": "None", "netInterestIncome": "None", "interestIncome": "None", "interestExpense": "1900000", "nonInterestIncome": "None", "otherNonOperatingIncome": "None", "depreciation": "None", "depreciationAndAmortization": "39700000", "incomeBeforeTax": "59700000", "incomeTaxExpense": "22100000", "interestAndDebtExpense": "None", "netIncomeFromContinuingOperations": "0", "comprehensiveIncomeNetOfTax": "None", "ebit": "21900000", "ebitda": "61600000", "netIncome": "37600000"}, {"fiscalDateEnding": "2008-04-30", "reportedCurrency": "USD", "grossProfit": "356500000", "totalRevenue": "1051300000", "costOfRevenue": "694800000", "costofGoodsAndServicesSold": "694800000", "operatingIncome": "69700000", "sellingGeneralAndAdministrative": "286800000", "researchAndDevelopment": "0", "operatingExpenses": "286800000", "investmentIncomeNet": "None", "netInterestIncome": "None", "interestIncome": "None", "interestExpense": "1600000", "nonInterestIncome": "None", "otherNonOperatingIncome": "None", "depreciation": "None", "depreciationAndAmortization": "41800000", "incomeBeforeTax": "68100000", "incomeTaxExpense": "24500000", "interestAndDebtExpense": "None", "netIncomeFromContinuingOperations": "0", "comprehensiveIncomeNetOfTax": "None", "ebit": "27900000", "ebitda": "69700000", "netIncome": "43600000"}, {"fiscalDateEnding": "2008-01-31", "reportedCurrency": "USD", "grossProfit": "465300000", "totalRevenue": "1298600000", "costOfRevenue": "833300000", "costofGoodsAndServicesSold": "833300000", "operatingIncome": "154400000", "sellingGeneralAndAdministrative": "310900000", "researchAndDevelopment": "0", "operatingExpenses": "310900000", "investmentIncomeNet": "None", "netInterestIncome": "None", "interestIncome": "None", "interestExpense": "3600000", "nonInterestIncome": "None", "otherNonOperatingIncome": "None", "depreciation": "None", "depreciationAndAmortization": "41400000", "incomeBeforeTax": "150800000", "incomeTaxExpense": "56100000", "interestAndDebtExpense": "None", "netIncomeFromContinuingOperations": "0", "comprehensiveIncomeNetOfTax": "None", "ebit": "154400000", "ebitda": "195800000", "netIncome": "94700000"}, {"fiscalDateEnding": "2007-10-31", "reportedCurrency": "USD", "grossProfit": "343900000", "totalRevenue": "997800000", "costOfRevenue": "653900000", "costofGoodsAndServicesSold": "653900000", "operatingIncome": "60200000", "sellingGeneralAndAdministrative": "283700000", "researchAndDevelopment": "0", "operatingExpenses": "283700000", "investmentIncomeNet": "None", "netInterestIncome": "None", "interestIncome": "None", "interestExpense": "3700000", "nonInterestIncome": "None", "otherNonOperatingIncome": "None", "depreciation": "None", "depreciationAndAmortization": "39600000", "incomeBeforeTax": "56500000", "incomeTaxExpense": "20600000", "interestAndDebtExpense": "None", "netIncomeFromContinuingOperations": "0", "comprehensiveIncomeNetOfTax": "None", "ebit": "20600000", "ebitda": "60200000", "netIncome": "35900000"}, {"fiscalDateEnding": "2007-07-31", "reportedCurrency": "USD", "grossProfit": "326600000", "totalRevenue": "971200000", "costOfRevenue": "644600000", "costofGoodsAndServicesSold": "644600000", "operatingIncome": "53400000", "sellingGeneralAndAdministrative": "273200000", "researchAndDevelopment": "0", "operatingExpenses": "273200000", "investmentIncomeNet": "None", "netInterestIncome": "None", "interestIncome": "None", "interestExpense": "1600000", "nonInterestIncome": "None", "otherNonOperatingIncome": "None", "depreciation": "None", "depreciationAndAmortization": "39000000", "incomeBeforeTax": "51800000", "incomeTaxExpense": "19200000", "interestAndDebtExpense": "None", "netIncomeFromContinuingOperations": "0", "comprehensiveIncomeNetOfTax": "None", "ebit": "14400000", "ebitda": "53400000", "netIncome": "32600000"}, {"fiscalDateEnding": "2007-04-30", "reportedCurrency": "USD", "grossProfit": "325300000", "totalRevenue": "975000000", "costOfRevenue": "649700000", "costofGoodsAndServicesSold": "649700000", "operatingIncome": "62300000", "sellingGeneralAndAdministrative": "263000000", "researchAndDevelopment": "0", "operatingExpenses": "263000000", "investmentIncomeNet": "None", "netInterestIncome": "None", "interestIncome": "None", "interestExpense": "1600000", "nonInterestIncome": "None", "otherNonOperatingIncome": "None", "depreciation": "None", "depreciationAndAmortization": "39300000", "incomeBeforeTax": "60700000", "incomeTaxExpense": "22600000", "interestAndDebtExpense": "None", "netIncomeFromContinuingOperations": "0", "comprehensiveIncomeNetOfTax": "None", "ebit": "23000000", "ebitda": "62300000", "netIncome": "38100000"}, {"fiscalDateEnding": "2007-01-31", "reportedCurrency": "USD", "grossProfit": "470300000", "totalRevenue": "1318900000", "costOfRevenue": "848600000", "costofGoodsAndServicesSold": "848600000", "operatingIncome": "156100000", "sellingGeneralAndAdministrative": "314800000", "researchAndDevelopment": "0", "operatingExpenses": "314200000", "investmentIncomeNet": "None", "netInterestIncome": "None", "interestIncome": "None", "interestExpense": "2700000", "nonInterestIncome": "None", "otherNonOperatingIncome": "None", "depreciation": "None", "depreciationAndAmortization": "45300000", "incomeBeforeTax": "153400000", "incomeTaxExpense": "55800000", "interestAndDebtExpense": "None", "netIncomeFromContinuingOperations": "0", "comprehensiveIncomeNetOfTax": "None", "ebit": "156100000", "ebitda": "201400000", "netIncome": "97600000"}, {"fiscalDateEnding": "2006-10-31", "reportedCurrency": "USD", "grossProfit": "307500000", "totalRevenue": "910400000", "costOfRevenue": "602900000", "costofGoodsAndServicesSold": "602900000", "operatingIncome": "53300000", "sellingGeneralAndAdministrative": "253900000", "researchAndDevelopment": "0", "operatingExpenses": "254200000", "investmentIncomeNet": "None", "netInterestIncome": "None", "interestIncome": "None", "interestExpense": "2700000", "nonInterestIncome": "None", "otherNonOperatingIncome": "None", "depreciation": "None", "depreciationAndAmortization": "39600000", "incomeBeforeTax": "50600000", "incomeTaxExpense": "18100000", "interestAndDebtExpense": "None", "netIncomeFromContinuingOperations": "0", "comprehensiveIncomeNetOfTax": "None", "ebit": "13700000", "ebitda": "53300000", "netIncome": "32500000"}, {"fiscalDateEnding": "2006-07-31", "reportedCurrency": "USD", "grossProfit": "293300000", "totalRevenue": "883600000", "costOfRevenue": "590300000", "costofGoodsAndServicesSold": "590300000", "operatingIncome": "48000000", "sellingGeneralAndAdministrative": "245100000", "researchAndDevelopment": "0", "operatingExpenses": "245300000", "investmentIncomeNet": "None", "netInterestIncome": "None", "interestIncome": "None", "interestExpense": "1700000", "nonInterestIncome": "None", "otherNonOperatingIncome": "None", "depreciation": "None", "depreciationAndAmortization": "37800000", "incomeBeforeTax": "46300000", "incomeTaxExpense": "17300000", "interestAndDebtExpense": "None", "netIncomeFromContinuingOperations": "0", "comprehensiveIncomeNetOfTax": "None", "ebit": "10200000", "ebitda": "48000000", "netIncome": "29000000"}, {"fiscalDateEnding": "2006-04-30", "reportedCurrency": "USD", "grossProfit": "286100000", "totalRevenue": "856500000", "costOfRevenue": "570400000", "costofGoodsAndServicesSold": "570400000", "operatingIncome": "53400000", "sellingGeneralAndAdministrative": "232600000", "researchAndDevelopment": "0", "operatingExpenses": "232700000", "investmentIncomeNet": "None", "netInterestIncome": "None", "interestIncome": "None", "interestExpense": "800000", "nonInterestIncome": "None", "otherNonOperatingIncome": "None", "depreciation": "None", "depreciationAndAmortization": "36300000", "incomeBeforeTax": "52600000", "incomeTaxExpense": "19700000", "interestAndDebtExpense": "None", "netIncomeFromContinuingOperations": "0", "comprehensiveIncomeNetOfTax": "None", "ebit": "17100000", "ebitda": "53400000", "netIncome": "32900000"}, {"fiscalDateEnding": "2006-01-31", "reportedCurrency": "USD", "grossProfit": "380369000", "totalRevenue": "1079017000", "costOfRevenue": "698648000", "costofGoodsAndServicesSold": "698648000", "operatingIncome": "136461000", "sellingGeneralAndAdministrative": "243900000", "researchAndDevelopment": "0", "operatingExpenses": "243908000", "investmentIncomeNet": "None", "netInterestIncome": "None", "interestIncome": "None", "interestExpense": "1788000", "nonInterestIncome": "None", "otherNonOperatingIncome": "None", "depreciation": "None", "depreciationAndAmortization": "36713000", "incomeBeforeTax": "134673000", "incomeTaxExpense": "48174000", "interestAndDebtExpense": "None", "netIncomeFromContinuingOperations": "0", "comprehensiveIncomeNetOfTax": "None", "ebit": "136461000", "ebitda": "173174000", "netIncome": "86499000"}, {"fiscalDateEnding": "2005-10-31", "reportedCurrency": "USD", "grossProfit": "276264000", "totalRevenue": "796787000", "costOfRevenue": "520523000", "costofGoodsAndServicesSold": "520523000", "operatingIncome": "52120000", "sellingGeneralAndAdministrative": "224100000", "researchAndDevelopment": "0", "operatingExpenses": "224144000", "investmentIncomeNet": "None", "netInterestIncome": "None", "interestIncome": "None", "interestExpense": "2097000", "nonInterestIncome": "None", "otherNonOperatingIncome": "None", "depreciation": "None", "depreciationAndAmortization": "35899000", "incomeBeforeTax": "50023000", "incomeTaxExpense": "18926000", "interestAndDebtExpense": "None", "netIncomeFromContinuingOperations": "0", "comprehensiveIncomeNetOfTax": "None", "ebit": "52120000", "ebitda": "88019000", "netIncome": "31097000"}, {"fiscalDateEnding": "2005-07-31", "reportedCurrency": "USD", "grossProfit": "261486000", "totalRevenue": "769027000", "costOfRevenue": "507541000", "costofGoodsAndServicesSold": "507541000", "operatingIncome": "46584000", "sellingGeneralAndAdministrative": "214902000", "researchAndDevelopment": "0", "operatingExpenses": "214902000", "investmentIncomeNet": "None", "netInterestIncome": "None", "interestIncome": "None", "interestExpense": "1281000", "nonInterestIncome": "None", "otherNonOperatingIncome": "None", "depreciation": "None", "depreciationAndAmortization": "35573000", "incomeBeforeTax": "43729000", "incomeTaxExpense": "16419000", "interestAndDebtExpense": "None", "netIncomeFromContinuingOperations": "0", "comprehensiveIncomeNetOfTax": "None", "ebit": "46584000", "ebitda": "82157000", "netIncome": "27310000"}, {"fiscalDateEnding": "2005-04-30", "reportedCurrency": "USD", "grossProfit": "254244000", "totalRevenue": "749093000", "costOfRevenue": "494849000", "costofGoodsAndServicesSold": "494849000", "operatingIncome": "48074000", "sellingGeneralAndAdministrative": "206170000", "researchAndDevelopment": "0", "operatingExpenses": "206170000", "investmentIncomeNet": "None", "netInterestIncome": "None", "interestIncome": "None", "interestExpense": "1281000", "nonInterestIncome": "None", "otherNonOperatingIncome": "None", "depreciation": "None", "depreciationAndAmortization": "32532000", "incomeBeforeTax": "46793000", "incomeTaxExpense": "17781000", "interestAndDebtExpense": "None", "netIncomeFromContinuingOperations": "0", "comprehensiveIncomeNetOfTax": "None", "ebit": "48074000", "ebitda": "80606000", "netIncome": "29012000"}, {"fiscalDateEnding": "2005-01-31", "reportedCurrency": "USD", "grossProfit": "356416000", "totalRevenue": "987478000", "costOfRevenue": "631062000", "costofGoodsAndServicesSold": "631062000", "operatingIncome": "132219000", "sellingGeneralAndAdministrative": "218500000", "researchAndDevelopment": "0", "operatingExpenses": "224197000", "investmentIncomeNet": "None", "netInterestIncome": "None", "interestIncome": "None", "interestExpense": "1217000", "nonInterestIncome": "None", "otherNonOperatingIncome": "None", "depreciation": "None", "depreciationAndAmortization": "38396000", "incomeBeforeTax": "131002000", "incomeTaxExpense": "47348000", "interestAndDebtExpense": "None", "netIncomeFromContinuingOperations": "0", "comprehensiveIncomeNetOfTax": "None", "ebit": "132219000", "ebitda": "170615000", "netIncome": "83654000"}]}