{"symbol": "J", "annualReports": [{"fiscalDateEnding": "2024-09-30", "reportedCurrency": "USD", "grossProfit": "2832756000", "totalRevenue": "11500941000", "costOfRevenue": "8668185000", "costofGoodsAndServicesSold": "8668185000", "operatingIncome": "692436000", "sellingGeneralAndAdministrative": "2140320000", "researchAndDevelopment": "None", "operatingExpenses": "2140320000", "investmentIncomeNet": "None", "netInterestIncome": "-134604000", "interestIncome": "34454000", "interestExpense": "169058000", "nonInterestIncome": "None", "otherNonOperatingIncome": "None", "depreciation": "None", "depreciationAndAmortization": "308739000", "incomeBeforeTax": "777286000", "incomeTaxExpense": "131493000", "interestAndDebtExpense": "None", "netIncomeFromContinuingOperations": "645793000", "comprehensiveIncomeNetOfTax": "None", "ebit": "946344000", "ebitda": "1255083000", "netIncome": "806093000"}, {"fiscalDateEnding": "2023-09-30", "reportedCurrency": "USD", "grossProfit": "2710860000", "totalRevenue": "10851420000", "costOfRevenue": "8140560000", "costofGoodsAndServicesSold": "8140560000", "operatingIncome": "676484000", "sellingGeneralAndAdministrative": "2398078000", "researchAndDevelopment": "15695000", "operatingExpenses": "2034376000", "investmentIncomeNet": "None", "netInterestIncome": "-142095000", "interestIncome": "26013000", "interestExpense": "168085000", "nonInterestIncome": "None", "otherNonOperatingIncome": "None", "depreciation": "None", "depreciationAndAmortization": "307252000", "incomeBeforeTax": "520975000", "incomeTaxExpense": "101336000", "interestAndDebtExpense": "None", "netIncomeFromContinuingOperations": "720498000", "comprehensiveIncomeNetOfTax": "None", "ebit": "689060000", "ebitda": "996312000", "netIncome": "665777000"}, {"fiscalDateEnding": "2022-09-30", "reportedCurrency": "USD", "grossProfit": "2579959000", "totalRevenue": "9783074000", "costOfRevenue": "7203115000", "costofGoodsAndServicesSold": "7203115000", "operatingIncome": "539884000", "sellingGeneralAndAdministrative": "2409190000", "researchAndDevelopment": "12055000", "operatingExpenses": "2040075000", "investmentIncomeNet": "None", "netInterestIncome": "-95757000", "interestIncome": "4489000", "interestExpense": "100187000", "nonInterestIncome": "None", "otherNonOperatingIncome": "58743000", "depreciation": "None", "depreciationAndAmortization": "301056000", "incomeBeforeTax": "477497000", "incomeTaxExpense": "66328000", "interestAndDebtExpense": "None", "netIncomeFromContinuingOperations": "715444000", "comprehensiveIncomeNetOfTax": "None", "ebit": "577684000", "ebitda": "878740000", "netIncome": "644039000"}, {"fiscalDateEnding": "2021-09-30", "reportedCurrency": "USD", "grossProfit": "3043772000", "totalRevenue": "14092632000", "costOfRevenue": "11048860000", "costofGoodsAndServicesSold": "11048860000", "operatingIncome": "688089000", "sellingGeneralAndAdministrative": "2355683000", "researchAndDevelopment": "None", "operatingExpenses": "2355683000", "investmentIncomeNet": "None", "netInterestIncome": "-69211000", "interestIncome": "15089000", "interestExpense": "72714000", "nonInterestIncome": "None", "otherNonOperatingIncome": "80227000", "depreciation": "None", "depreciationAndAmortization": "250800000", "incomeBeforeTax": "695602000", "incomeTaxExpense": "274781000", "interestAndDebtExpense": "None", "netIncomeFromContinuingOperations": "420821000", "comprehensiveIncomeNetOfTax": "None", "ebit": "768316000", "ebitda": "1019116000", "netIncome": "477030000"}, {"fiscalDateEnding": "2020-09-30", "reportedCurrency": "USD", "grossProfit": "2586668000", "totalRevenue": "13566975000", "costOfRevenue": "10980307000", "costofGoodsAndServicesSold": "10980307000", "operatingIncome": "535973000", "sellingGeneralAndAdministrative": "2050695000", "researchAndDevelopment": "None", "operatingExpenses": "2050695000", "investmentIncomeNet": "None", "netInterestIncome": "-57477000", "interestIncome": "57477000", "interestExpense": "62206000", "nonInterestIncome": "None", "otherNonOperatingIncome": "None", "depreciation": "None", "depreciationAndAmortization": "181633000", "incomeBeforeTax": "441203000", "incomeTaxExpense": "55320000", "interestAndDebtExpense": "None", "netIncomeFromContinuingOperations": "385883000", "comprehensiveIncomeNetOfTax": "None", "ebit": "503409000", "ebitda": "685042000", "netIncome": "385883000"}, {"fiscalDateEnding": "2019-09-30", "reportedCurrency": "USD", "grossProfit": "2477028000", "totalRevenue": "12737868000", "costOfRevenue": "10260840000", "costofGoodsAndServicesSold": "10260840000", "operatingIncome": "404851000", "sellingGeneralAndAdministrative": "1740077000", "researchAndDevelopment": "None", "operatingExpenses": "2072177000", "investmentIncomeNet": "None", "netInterestIncome": "-74360000", "interestIncome": "74360000", "interestExpense": "83847000", "nonInterestIncome": "None", "otherNonOperatingIncome": "None", "depreciation": "None", "depreciationAndAmortization": "169269000", "incomeBeforeTax": "350959000", "incomeTaxExpense": "36954000", "interestAndDebtExpense": "None", "netIncomeFromContinuingOperations": "314005000", "comprehensiveIncomeNetOfTax": "None", "ebit": "434806000", "ebitda": "604075000", "netIncome": "314005000"}, {"fiscalDateEnding": "2018-09-30", "reportedCurrency": "USD", "grossProfit": "2828370000", "totalRevenue": "14984646000", "costOfRevenue": "12156276000", "costofGoodsAndServicesSold": "12156276000", "operatingIncome": "647971000", "sellingGeneralAndAdministrative": "1771107000", "researchAndDevelopment": "None", "operatingExpenses": "2180399000", "investmentIncomeNet": "None", "netInterestIncome": "-67776000", "interestIncome": "8984000", "interestExpense": "76760000", "nonInterestIncome": "None", "otherNonOperatingIncome": "-16506000", "depreciation": "None", "depreciationAndAmortization": "198587000", "incomeBeforeTax": "554705000", "incomeTaxExpense": "366563000", "interestAndDebtExpense": "None", "netIncomeFromContinuingOperations": "173142000", "comprehensiveIncomeNetOfTax": "None", "ebit": "407741000", "ebitda": "606328000", "netIncome": "178431000"}, {"fiscalDateEnding": "2017-09-30", "reportedCurrency": "USD", "grossProfit": "1772252000", "totalRevenue": "10022788000", "costOfRevenue": "8250536000", "costofGoodsAndServicesSold": "8250536000", "operatingIncome": "392269000", "sellingGeneralAndAdministrative": "1015893000", "researchAndDevelopment": "None", "operatingExpenses": "1379983000", "investmentIncomeNet": "None", "netInterestIncome": "-3287000", "interestIncome": "8748000", "interestExpense": "12035000", "nonInterestIncome": "None", "otherNonOperatingIncome": "12983000", "depreciation": "None", "depreciationAndAmortization": "122513000", "incomeBeforeTax": "393217000", "incomeTaxExpense": "105842000", "interestAndDebtExpense": "None", "netIncomeFromContinuingOperations": "287375000", "comprehensiveIncomeNetOfTax": "None", "ebit": "405252000", "ebitda": "527765000", "netIncome": "293727000"}, {"fiscalDateEnding": "2016-09-30", "reportedCurrency": "USD", "grossProfit": "1767831000", "totalRevenue": "10964157000", "costOfRevenue": "9196326000", "costofGoodsAndServicesSold": "9196326000", "operatingIncome": "338598000", "sellingGeneralAndAdministrative": "1429233000", "researchAndDevelopment": "None", "operatingExpenses": "1429233000", "investmentIncomeNet": "None", "netInterestIncome": "-7412000", "interestIncome": "7848000", "interestExpense": "15260000", "nonInterestIncome": "None", "otherNonOperatingIncome": "-36615000", "depreciation": "None", "depreciationAndAmortization": "129971000", "incomeBeforeTax": "286723000", "incomeTaxExpense": "72208000", "interestAndDebtExpense": "None", "netIncomeFromContinuingOperations": "214515000", "comprehensiveIncomeNetOfTax": "None", "ebit": "301983000", "ebitda": "431954000", "netIncome": "210463000"}, {"fiscalDateEnding": "2015-09-30", "reportedCurrency": "USD", "grossProfit": "1968338000", "totalRevenue": "12114832000", "costOfRevenue": "10146494000", "costofGoodsAndServicesSold": "10146494000", "operatingIncome": "445527000", "sellingGeneralAndAdministrative": "1365619000", "researchAndDevelopment": "1533000", "operatingExpenses": "1522811000", "investmentIncomeNet": "None", "netInterestIncome": "None", "interestIncome": "12241000", "interestExpense": "19503000", "nonInterestIncome": "None", "otherNonOperatingIncome": "4113000", "depreciation": "None", "depreciationAndAmortization": "149292000", "incomeBeforeTax": "430137000", "incomeTaxExpense": "101255000", "interestAndDebtExpense": "None", "netIncomeFromContinuingOperations": "328882000", "comprehensiveIncomeNetOfTax": "None", "ebit": "449640000", "ebitda": "598932000", "netIncome": "302971000"}, {"fiscalDateEnding": "2014-09-30", "reportedCurrency": "USD", "grossProfit": "2073784000", "totalRevenue": "12695157000", "costOfRevenue": "10621373000", "costofGoodsAndServicesSold": "10621373000", "operatingIncome": "528068000", "sellingGeneralAndAdministrative": "1546000000", "researchAndDevelopment": "1533000", "operatingExpenses": "1545716000", "investmentIncomeNet": "None", "netInterestIncome": "None", "interestIncome": "None", "interestExpense": "11437000", "nonInterestIncome": "None", "otherNonOperatingIncome": "25535000", "depreciation": "None", "depreciationAndAmortization": "145412000", "incomeBeforeTax": "542166000", "incomeTaxExpense": "190054000", "interestAndDebtExpense": "None", "netIncomeFromContinuingOperations": "352112000", "comprehensiveIncomeNetOfTax": "None", "ebit": "553603000", "ebitda": "699015000", "netIncome": "328108000"}, {"fiscalDateEnding": "2013-09-30", "reportedCurrency": "USD", "grossProfit": "1842319000", "totalRevenue": "11818376000", "costOfRevenue": "9976057000", "costofGoodsAndServicesSold": "9976057000", "operatingIncome": "668979000", "sellingGeneralAndAdministrative": "1173000000", "researchAndDevelopment": "1533000", "operatingExpenses": "1173340000", "investmentIncomeNet": "None", "netInterestIncome": "None", "interestIncome": "None", "interestExpense": "12906000", "nonInterestIncome": "None", "otherNonOperatingIncome": "5475000", "depreciation": "None", "depreciationAndAmortization": "98874000", "incomeBeforeTax": "661548000", "incomeTaxExpense": "221366000", "interestAndDebtExpense": "None", "netIncomeFromContinuingOperations": "440182000", "comprehensiveIncomeNetOfTax": "None", "ebit": "674454000", "ebitda": "773328000", "netIncome": "423093000"}, {"fiscalDateEnding": "2012-09-30", "reportedCurrency": "USD", "grossProfit": "1726989000", "totalRevenue": "10893778000", "costOfRevenue": "9166789000", "costofGoodsAndServicesSold": "9166789000", "operatingIncome": "596073000", "sellingGeneralAndAdministrative": "1131000000", "researchAndDevelopment": "1533000", "operatingExpenses": "1130916000", "investmentIncomeNet": "None", "netInterestIncome": "None", "interestIncome": "None", "interestExpense": "11686000", "nonInterestIncome": "None", "otherNonOperatingIncome": "8949000", "depreciation": "None", "depreciationAndAmortization": "100824000", "incomeBeforeTax": "593336000", "incomeTaxExpense": "202382000", "interestAndDebtExpense": "None", "netIncomeFromContinuingOperations": "390954000", "comprehensiveIncomeNetOfTax": "None", "ebit": "605022000", "ebitda": "705846000", "netIncome": "378954000"}, {"fiscalDateEnding": "2011-09-30", "reportedCurrency": "USD", "grossProfit": "1559493000", "totalRevenue": "10381664000", "costOfRevenue": "8822171000", "costofGoodsAndServicesSold": "8822171000", "operatingIncome": "518918000", "sellingGeneralAndAdministrative": "1040575000", "researchAndDevelopment": "None", "operatingExpenses": "1040575000", "investmentIncomeNet": "None", "netInterestIncome": "None", "interestIncome": "None", "interestExpense": "8799000", "nonInterestIncome": "None", "otherNonOperatingIncome": "6542000", "depreciation": "None", "depreciationAndAmortization": "95370000", "incomeBeforeTax": "516661000", "incomeTaxExpense": "181440000", "interestAndDebtExpense": "None", "netIncomeFromContinuingOperations": "335221000", "comprehensiveIncomeNetOfTax": "None", "ebit": "525460000", "ebitda": "620830000", "netIncome": "331029000"}, {"fiscalDateEnding": "2010-09-30", "reportedCurrency": "USD", "grossProfit": "1332605000", "totalRevenue": "9915517000", "costOfRevenue": "8582912000", "costofGoodsAndServicesSold": "8582912000", "operatingIncome": "400083000", "sellingGeneralAndAdministrative": "933000000", "researchAndDevelopment": "None", "operatingExpenses": "932522000", "investmentIncomeNet": "None", "netInterestIncome": "None", "interestIncome": "None", "interestExpense": "9874000", "nonInterestIncome": "None", "otherNonOperatingIncome": "1725000", "depreciation": "None", "depreciationAndAmortization": "88495000", "incomeBeforeTax": "391934000", "incomeTaxExpense": "145647000", "interestAndDebtExpense": "None", "netIncomeFromContinuingOperations": "246287000", "comprehensiveIncomeNetOfTax": "None", "ebit": "393108000", "ebitda": "481603000", "netIncome": "245974000"}, {"fiscalDateEnding": "2009-09-30", "reportedCurrency": "USD", "grossProfit": "1560883000", "totalRevenue": "11467376000", "costOfRevenue": "9906493000", "costofGoodsAndServicesSold": "9906493000", "operatingIncome": "620573000", "sellingGeneralAndAdministrative": "940000000", "researchAndDevelopment": "None", "operatingExpenses": "940310000", "investmentIncomeNet": "None", "netInterestIncome": "None", "interestIncome": "None", "interestExpense": "2916000", "nonInterestIncome": "None", "otherNonOperatingIncome": "7116000", "depreciation": "None", "depreciationAndAmortization": "86342000", "incomeBeforeTax": "624773000", "incomeTaxExpense": "224919000", "interestAndDebtExpense": "None", "netIncomeFromContinuingOperations": "399854000", "comprehensiveIncomeNetOfTax": "None", "ebit": "627689000", "ebitda": "714031000", "netIncome": "399854000"}, {"fiscalDateEnding": "2008-09-30", "reportedCurrency": "USD", "grossProfit": "1734486000", "totalRevenue": "11252159000", "costOfRevenue": "9517673000", "costofGoodsAndServicesSold": "9517673000", "operatingIncome": "643059000", "sellingGeneralAndAdministrative": "1091427000", "researchAndDevelopment": "None", "operatingExpenses": "1091427000", "investmentIncomeNet": "None", "netInterestIncome": "None", "interestIncome": "None", "interestExpense": "0", "nonInterestIncome": "None", "otherNonOperatingIncome": "None", "depreciation": "None", "depreciationAndAmortization": "73126000", "incomeBeforeTax": "657411000", "incomeTaxExpense": "236669000", "interestAndDebtExpense": "None", "netIncomeFromContinuingOperations": "None", "comprehensiveIncomeNetOfTax": "None", "ebit": "643059000", "ebitda": "716185000", "netIncome": "420742000"}, {"fiscalDateEnding": "2007-09-30", "reportedCurrency": "USD", "grossProfit": "1211349000", "totalRevenue": "8473970000", "costOfRevenue": "7262621000", "costofGoodsAndServicesSold": "7262621000", "operatingIncome": "441956000", "sellingGeneralAndAdministrative": "769393000", "researchAndDevelopment": "None", "operatingExpenses": "769393000", "investmentIncomeNet": "None", "netInterestIncome": "None", "interestIncome": "None", "interestExpense": "0", "nonInterestIncome": "None", "otherNonOperatingIncome": "None", "depreciation": "None", "depreciationAndAmortization": "55670000", "incomeBeforeTax": "448642000", "incomeTaxExpense": "161512000", "interestAndDebtExpense": "None", "netIncomeFromContinuingOperations": "None", "comprehensiveIncomeNetOfTax": "None", "ebit": "441956000", "ebitda": "497626000", "netIncome": "287130000"}, {"fiscalDateEnding": "2006-09-30", "reportedCurrency": "USD", "grossProfit": "934248000", "totalRevenue": "7421270000", "costOfRevenue": "6487022000", "costofGoodsAndServicesSold": "6487022000", "operatingIncome": "301556000", "sellingGeneralAndAdministrative": "632692000", "researchAndDevelopment": "None", "operatingExpenses": "632692000", "investmentIncomeNet": "None", "netInterestIncome": "None", "interestIncome": "None", "interestExpense": "0", "nonInterestIncome": "None", "otherNonOperatingIncome": "None", "depreciation": "None", "depreciationAndAmortization": "48262000", "incomeBeforeTax": "305287000", "incomeTaxExpense": "108404000", "interestAndDebtExpense": "None", "netIncomeFromContinuingOperations": "None", "comprehensiveIncomeNetOfTax": "None", "ebit": "301556000", "ebitda": "349818000", "netIncome": "196883000"}, {"fiscalDateEnding": "2005-09-30", "reportedCurrency": "USD", "grossProfit": "806304000", "totalRevenue": "5635001000", "costOfRevenue": "4828697000", "costofGoodsAndServicesSold": "4828697000", "operatingIncome": "241474000", "sellingGeneralAndAdministrative": "564830000", "researchAndDevelopment": "None", "operatingExpenses": "564830000", "investmentIncomeNet": "None", "netInterestIncome": "None", "interestIncome": "None", "interestExpense": "0", "nonInterestIncome": "None", "otherNonOperatingIncome": "None", "depreciation": "None", "depreciationAndAmortization": "47535000", "incomeBeforeTax": "236059000", "incomeTaxExpense": "85039000", "interestAndDebtExpense": "None", "netIncomeFromContinuingOperations": "None", "comprehensiveIncomeNetOfTax": "None", "ebit": "213713000", "ebitda": "261248000", "netIncome": "151020000"}], "quarterlyReports": [{"fiscalDateEnding": "2024-12-31", "reportedCurrency": "USD", "grossProfit": "721267000", "totalRevenue": "2932956000", "costOfRevenue": "2211689000", "costofGoodsAndServicesSold": "2211689000", "operatingIncome": "208418000", "sellingGeneralAndAdministrative": "512849000", "researchAndDevelopment": "None", "operatingExpenses": "512849000", "investmentIncomeNet": "None", "netInterestIncome": "-25164000", "interestIncome": "9656000", "interestExpense": "34820000", "nonInterestIncome": "None", "otherNonOperatingIncome": "None", "depreciation": "None", "depreciationAndAmortization": "59583000", "incomeBeforeTax": "53147000", "incomeTaxExpense": "57149000", "interestAndDebtExpense": "None", "netIncomeFromContinuingOperations": "-4002000", "comprehensiveIncomeNetOfTax": "None", "ebit": "87967000", "ebitda": "147550000", "netIncome": "-18130000"}, {"fiscalDateEnding": "2024-09-30", "reportedCurrency": "USD", "grossProfit": "160823000", "totalRevenue": "-1158957000", "costOfRevenue": "-1319780000", "costofGoodsAndServicesSold": "-1319780000", "operatingIncome": "-53080000", "sellingGeneralAndAdministrative": "213903000", "researchAndDevelopment": "None", "operatingExpenses": "213903000", "investmentIncomeNet": "None", "netInterestIncome": "-29179000", "interestIncome": "6494000", "interestExpense": "35673000", "nonInterestIncome": "None", "otherNonOperatingIncome": "None", "depreciation": "None", "depreciationAndAmortization": "78276000", "incomeBeforeTax": "143800000", "incomeTaxExpense": "12750000", "interestAndDebtExpense": "None", "netIncomeFromContinuingOperations": "131050000", "comprehensiveIncomeNetOfTax": "None", "ebit": "179473000", "ebitda": "257749000", "netIncome": "325436000"}, {"fiscalDateEnding": "2024-06-30", "reportedCurrency": "USD", "grossProfit": "916780000", "totalRevenue": "4231580000", "costOfRevenue": "3314800000", "costofGoodsAndServicesSold": "3314800000", "operatingIncome": "260464000", "sellingGeneralAndAdministrative": "656316000", "researchAndDevelopment": "3974000", "operatingExpenses": "656316000", "investmentIncomeNet": "None", "netInterestIncome": "-35480000", "interestIncome": "10321000", "interestExpense": "45801000", "nonInterestIncome": "None", "otherNonOperatingIncome": "None", "depreciation": "None", "depreciationAndAmortization": "76977000", "incomeBeforeTax": "226150000", "incomeTaxExpense": "67739000", "interestAndDebtExpense": "None", "netIncomeFromContinuingOperations": "158411000", "comprehensiveIncomeNetOfTax": "None", "ebit": "271951000", "ebitda": "348928000", "netIncome": "146934000"}, {"fiscalDateEnding": "2024-03-31", "reportedCurrency": "USD", "grossProfit": "904615000", "totalRevenue": "4269093000", "costOfRevenue": "3364478000", "costofGoodsAndServicesSold": "3364478000", "operatingIncome": "280988000", "sellingGeneralAndAdministrative": "623627000", "researchAndDevelopment": "3975000", "operatingExpenses": "623627000", "investmentIncomeNet": "None", "netInterestIncome": "-34827000", "interestIncome": "9405000", "interestExpense": "44232000", "nonInterestIncome": "None", "otherNonOperatingIncome": "None", "depreciation": "None", "depreciationAndAmortization": "77198000", "incomeBeforeTax": "241585000", "incomeTaxExpense": "67283000", "interestAndDebtExpense": "None", "netIncomeFromContinuingOperations": "174302000", "comprehensiveIncomeNetOfTax": "None", "ebit": "285817000", "ebitda": "363015000", "netIncome": "162112000"}, {"fiscalDateEnding": "2023-12-31", "reportedCurrency": "USD", "grossProfit": "664730000", "totalRevenue": "2810227000", "costOfRevenue": "2145497000", "costofGoodsAndServicesSold": "2145497000", "operatingIncome": "142000000", "sellingGeneralAndAdministrative": "646475000", "researchAndDevelopment": "3971000", "operatingExpenses": "522730000", "investmentIncomeNet": "None", "netInterestIncome": "-35119000", "interestIncome": "8233000", "interestExpense": "43350000", "nonInterestIncome": "None", "otherNonOperatingIncome": "None", "depreciation": "None", "depreciationAndAmortization": "76288000", "incomeBeforeTax": "103205000", "incomeTaxExpense": "-31610000", "interestAndDebtExpense": "None", "netIncomeFromContinuingOperations": "182028000", "comprehensiveIncomeNetOfTax": "None", "ebit": "146555000", "ebitda": "222843000", "netIncome": "171610000"}, {"fiscalDateEnding": "2023-09-30", "reportedCurrency": "USD", "grossProfit": "911566000", "totalRevenue": "4288712000", "costOfRevenue": "3377146000", "costofGoodsAndServicesSold": "3377146000", "operatingIncome": "277829000", "sellingGeneralAndAdministrative": "633737000", "researchAndDevelopment": "3975000", "operatingExpenses": "633737000", "investmentIncomeNet": "None", "netInterestIncome": "-36085000", "interestIncome": "7546000", "interestExpense": "43631000", "nonInterestIncome": "None", "otherNonOperatingIncome": "None", "depreciation": "None", "depreciationAndAmortization": "78150000", "incomeBeforeTax": "240201000", "incomeTaxExpense": "72852000", "interestAndDebtExpense": "None", "netIncomeFromContinuingOperations": "167349000", "comprehensiveIncomeNetOfTax": "None", "ebit": "283832000", "ebitda": "361982000", "netIncome": "149380000"}, {"fiscalDateEnding": "2023-06-30", "reportedCurrency": "USD", "grossProfit": "856743000", "totalRevenue": "4186702000", "costOfRevenue": "3329959000", "costofGoodsAndServicesSold": "3329959000", "operatingIncome": "269741000", "sellingGeneralAndAdministrative": "587002000", "researchAndDevelopment": "4048000", "operatingExpenses": "587002000", "investmentIncomeNet": "None", "netInterestIncome": "-35957000", "interestIncome": "7830000", "interestExpense": "43787000", "nonInterestIncome": "None", "otherNonOperatingIncome": "731000", "depreciation": "None", "depreciationAndAmortization": "73169000", "incomeBeforeTax": "226685000", "incomeTaxExpense": "54166000", "interestAndDebtExpense": "None", "netIncomeFromContinuingOperations": "172519000", "comprehensiveIncomeNetOfTax": "None", "ebit": "270472000", "ebitda": "343641000", "netIncome": "164239000"}, {"fiscalDateEnding": "2023-03-31", "reportedCurrency": "USD", "grossProfit": "890294000", "totalRevenue": "4078332000", "costOfRevenue": "3188038000", "costofGoodsAndServicesSold": "3188038000", "operatingIncome": "289863000", "sellingGeneralAndAdministrative": "600431000", "researchAndDevelopment": "3777000", "operatingExpenses": "600431000", "investmentIncomeNet": "None", "netInterestIncome": "-32983000", "interestIncome": "7630000", "interestExpense": "40613000", "nonInterestIncome": "None", "otherNonOperatingIncome": "3063000", "depreciation": "None", "depreciationAndAmortization": "78181000", "incomeBeforeTax": "252313000", "incomeTaxExpense": "19060000", "interestAndDebtExpense": "None", "netIncomeFromContinuingOperations": "233253000", "comprehensiveIncomeNetOfTax": "None", "ebit": "292926000", "ebitda": "371107000", "netIncome": "216512000"}, {"fiscalDateEnding": "2022-12-31", "reportedCurrency": "USD", "grossProfit": "814713000", "totalRevenue": "3798668000", "costOfRevenue": "2983955000", "costofGoodsAndServicesSold": "2983955000", "operatingIncome": "237805000", "sellingGeneralAndAdministrative": "576908000", "researchAndDevelopment": "3895000", "operatingExpenses": "576908000", "investmentIncomeNet": "None", "netInterestIncome": "-37070000", "interestIncome": "37070000", "interestExpense": "40077000", "nonInterestIncome": "None", "otherNonOperatingIncome": "-247000", "depreciation": "None", "depreciationAndAmortization": "77752000", "incomeBeforeTax": "197481000", "incomeTaxExpense": "50103000", "interestAndDebtExpense": "None", "netIncomeFromContinuingOperations": "147378000", "comprehensiveIncomeNetOfTax": "None", "ebit": "237558000", "ebitda": "315310000", "netIncome": "135647000"}, {"fiscalDateEnding": "2022-09-30", "reportedCurrency": "USD", "grossProfit": "835681000", "totalRevenue": "3881048000", "costOfRevenue": "3045367000", "costofGoodsAndServicesSold": "3045367000", "operatingIncome": "308540000", "sellingGeneralAndAdministrative": "527141000", "researchAndDevelopment": "4749000", "operatingExpenses": "527141000", "investmentIncomeNet": "None", "netInterestIncome": "-31130000", "interestIncome": "1565000", "interestExpense": "32695000", "nonInterestIncome": "None", "otherNonOperatingIncome": "4016000", "depreciation": "None", "depreciationAndAmortization": "76246000", "incomeBeforeTax": "279862000", "incomeTaxExpense": "39358000", "interestAndDebtExpense": "None", "netIncomeFromContinuingOperations": "240504000", "comprehensiveIncomeNetOfTax": "None", "ebit": "312557000", "ebitda": "388803000", "netIncome": "225207000"}, {"fiscalDateEnding": "2022-06-30", "reportedCurrency": "USD", "grossProfit": "824475000", "totalRevenue": "3827093000", "costOfRevenue": "3002618000", "costofGoodsAndServicesSold": "3002618000", "operatingIncome": "265762000", "sellingGeneralAndAdministrative": "558713000", "researchAndDevelopment": "None", "operatingExpenses": "558713000", "investmentIncomeNet": "None", "netInterestIncome": "-25087000", "interestIncome": "1042000", "interestExpense": "26129000", "nonInterestIncome": "None", "otherNonOperatingIncome": "32482000", "depreciation": "None", "depreciationAndAmortization": "76852000", "incomeBeforeTax": "272115000", "incomeTaxExpense": "59491000", "interestAndDebtExpense": "None", "netIncomeFromContinuingOperations": "212624000", "comprehensiveIncomeNetOfTax": "None", "ebit": "298244000", "ebitda": "375096000", "netIncome": "195983000"}, {"fiscalDateEnding": "2022-03-31", "reportedCurrency": "USD", "grossProfit": "870410000", "totalRevenue": "3834059000", "costOfRevenue": "2963649000", "costofGoodsAndServicesSold": "2963649000", "operatingIncome": "166215000", "sellingGeneralAndAdministrative": "704195000", "researchAndDevelopment": "None", "operatingExpenses": "704195000", "investmentIncomeNet": "None", "netInterestIncome": "-21614000", "interestIncome": "381000", "interestExpense": "21995000", "nonInterestIncome": "None", "otherNonOperatingIncome": "11062000", "depreciation": "None", "depreciationAndAmortization": "74814000", "incomeBeforeTax": "155282000", "incomeTaxExpense": "46166000", "interestAndDebtExpense": "None", "netIncomeFromContinuingOperations": "109116000", "comprehensiveIncomeNetOfTax": "None", "ebit": "177277000", "ebitda": "252091000", "netIncome": "88816000"}, {"fiscalDateEnding": "2021-12-31", "reportedCurrency": "USD", "grossProfit": "796474000", "totalRevenue": "3380625000", "costOfRevenue": "2584151000", "costofGoodsAndServicesSold": "2584151000", "operatingIncome": "177333000", "sellingGeneralAndAdministrative": "619141000", "researchAndDevelopment": "None", "operatingExpenses": "619141000", "investmentIncomeNet": "None", "netInterestIncome": "-17925000", "interestIncome": "1501000", "interestExpense": "19426000", "nonInterestIncome": "None", "otherNonOperatingIncome": "11183000", "depreciation": "None", "depreciationAndAmortization": "73144000", "incomeBeforeTax": "169090000", "incomeTaxExpense": "15889000", "interestAndDebtExpense": "None", "netIncomeFromContinuingOperations": "153201000", "comprehensiveIncomeNetOfTax": "None", "ebit": "188516000", "ebitda": "261660000", "netIncome": "134034000"}, {"fiscalDateEnding": "2021-09-30", "reportedCurrency": "USD", "grossProfit": "827764000", "totalRevenue": "3586487000", "costOfRevenue": "2758723000", "costofGoodsAndServicesSold": "2758723000", "operatingIncome": "251516000", "sellingGeneralAndAdministrative": "576249000", "researchAndDevelopment": "None", "operatingExpenses": "576248000", "investmentIncomeNet": "None", "netInterestIncome": "-19156000", "interestIncome": "65144000", "interestExpense": "19926000", "nonInterestIncome": "None", "otherNonOperatingIncome": "-61211000", "depreciation": "None", "depreciationAndAmortization": "73008000", "incomeBeforeTax": "170379000", "incomeTaxExpense": "99344000", "interestAndDebtExpense": "None", "netIncomeFromContinuingOperations": "71034000", "comprehensiveIncomeNetOfTax": "None", "ebit": "190306000", "ebitda": "263314000", "netIncome": "43144000"}, {"fiscalDateEnding": "2021-06-30", "reportedCurrency": "USD", "grossProfit": "816935000", "totalRevenue": "3576436000", "costOfRevenue": "2759501000", "costofGoodsAndServicesSold": "2759501000", "operatingIncome": "263746000", "sellingGeneralAndAdministrative": "553189000", "researchAndDevelopment": "None", "operatingExpenses": "553189000", "investmentIncomeNet": "None", "netInterestIncome": "-19010000", "interestIncome": "1001000", "interestExpense": "20011000", "nonInterestIncome": "None", "otherNonOperatingIncome": "39659000", "depreciation": "None", "depreciationAndAmortization": "75960000", "incomeBeforeTax": "283394000", "incomeTaxExpense": "109186000", "interestAndDebtExpense": "None", "netIncomeFromContinuingOperations": "174208000", "comprehensiveIncomeNetOfTax": "None", "ebit": "303405000", "ebitda": "379365000", "netIncome": "108487000"}, {"fiscalDateEnding": "2021-03-31", "reportedCurrency": "USD", "grossProfit": "767013000", "totalRevenue": "3547873000", "costOfRevenue": "2780860000", "costofGoodsAndServicesSold": "2780860000", "operatingIncome": "-41112000", "sellingGeneralAndAdministrative": "808125000", "researchAndDevelopment": "None", "operatingExpenses": "808125000", "investmentIncomeNet": "None", "netInterestIncome": "-14856000", "interestIncome": "608000", "interestExpense": "15464000", "nonInterestIncome": "None", "otherNonOperatingIncome": "-55705000", "depreciation": "None", "depreciationAndAmortization": "55688000", "incomeBeforeTax": "-112281000", "incomeTaxExpense": "-20772000", "interestAndDebtExpense": "None", "netIncomeFromContinuingOperations": "-91509000", "comprehensiveIncomeNetOfTax": "None", "ebit": "-96817000", "ebitda": "-41129000", "netIncome": "11045000"}, {"fiscalDateEnding": "2020-12-31", "reportedCurrency": "USD", "grossProfit": "632060000", "totalRevenue": "3381836000", "costOfRevenue": "2749776000", "costofGoodsAndServicesSold": "2749776000", "operatingIncome": "213940000", "sellingGeneralAndAdministrative": "418120000", "researchAndDevelopment": "None", "operatingExpenses": "418120000", "investmentIncomeNet": "None", "netInterestIncome": "-16189000", "interestIncome": "1124000", "interestExpense": "17313000", "nonInterestIncome": "None", "otherNonOperatingIncome": "157484000", "depreciation": "None", "depreciationAndAmortization": "46144000", "incomeBeforeTax": "354111000", "incomeTaxExpense": "87023000", "interestAndDebtExpense": "None", "netIncomeFromContinuingOperations": "267088000", "comprehensiveIncomeNetOfTax": "None", "ebit": "371424000", "ebitda": "417568000", "netIncome": "257048000"}, {"fiscalDateEnding": "2020-09-30", "reportedCurrency": "USD", "grossProfit": "664936000", "totalRevenue": "3519689000", "costOfRevenue": "2854753000", "costofGoodsAndServicesSold": "2854753000", "operatingIncome": "22473000", "sellingGeneralAndAdministrative": "1616045000", "researchAndDevelopment": "None", "operatingExpenses": "642463000", "investmentIncomeNet": "None", "netInterestIncome": "-12494000", "interestIncome": "12494000", "interestExpense": "14043000", "nonInterestIncome": "None", "otherNonOperatingIncome": "None", "depreciation": "None", "depreciationAndAmortization": "47565000", "incomeBeforeTax": "60156000", "incomeTaxExpense": "-19721000", "interestAndDebtExpense": "None", "netIncomeFromContinuingOperations": "79877000", "comprehensiveIncomeNetOfTax": "None", "ebit": "74199000", "ebitda": "121764000", "netIncome": "81990000"}, {"fiscalDateEnding": "2020-06-30", "reportedCurrency": "USD", "grossProfit": "629026000", "totalRevenue": "3260057000", "costOfRevenue": "2631031000", "costofGoodsAndServicesSold": "2631031000", "operatingIncome": "194376000", "sellingGeneralAndAdministrative": "434650000", "researchAndDevelopment": "None", "operatingExpenses": "434650000", "investmentIncomeNet": "None", "netInterestIncome": "-16944000", "interestIncome": "16944000", "interestExpense": "18193000", "nonInterestIncome": "None", "otherNonOperatingIncome": "127498000", "depreciation": "None", "depreciationAndAmortization": "45411000", "incomeBeforeTax": "303681000", "incomeTaxExpense": "67674000", "interestAndDebtExpense": "None", "netIncomeFromContinuingOperations": "236007000", "comprehensiveIncomeNetOfTax": "None", "ebit": "321874000", "ebitda": "367285000", "netIncome": "244929000"}, {"fiscalDateEnding": "2020-03-31", "reportedCurrency": "USD", "grossProfit": "648135000", "totalRevenue": "3427180000", "costOfRevenue": "2779045000", "costofGoodsAndServicesSold": "2779045000", "operatingIncome": "167778000", "sellingGeneralAndAdministrative": "973582000", "researchAndDevelopment": "None", "operatingExpenses": "480357000", "investmentIncomeNet": "None", "netInterestIncome": "-14169000", "interestIncome": "985000", "interestExpense": "15154000", "nonInterestIncome": "None", "otherNonOperatingIncome": "-329429000", "depreciation": "None", "depreciationAndAmortization": "44660000", "incomeBeforeTax": "-176805000", "incomeTaxExpense": "-61122000", "interestAndDebtExpense": "None", "netIncomeFromContinuingOperations": "-115683000", "comprehensiveIncomeNetOfTax": "None", "ebit": "-161651000", "ebitda": "-116991000", "netIncome": "-92087000"}, {"fiscalDateEnding": "2019-12-31", "reportedCurrency": "USD", "grossProfit": "644571000", "totalRevenue": "3360049000", "costOfRevenue": "2715478000", "costofGoodsAndServicesSold": "2715478000", "operatingIncome": "151345000", "sellingGeneralAndAdministrative": "493225000", "researchAndDevelopment": "None", "operatingExpenses": "493226000", "investmentIncomeNet": "None", "netInterestIncome": "-13871000", "interestIncome": "946000", "interestExpense": "14817000", "nonInterestIncome": "None", "otherNonOperatingIncome": "117641000", "depreciation": "None", "depreciationAndAmortization": "43997000", "incomeBeforeTax": "254169000", "incomeTaxExpense": "68489000", "interestAndDebtExpense": "None", "netIncomeFromContinuingOperations": "185680000", "comprehensiveIncomeNetOfTax": "None", "ebit": "268986000", "ebitda": "312983000", "netIncome": "257010000"}, {"fiscalDateEnding": "2019-09-30", "reportedCurrency": "USD", "grossProfit": "665533000", "totalRevenue": "3392862000", "costOfRevenue": "2727329000", "costofGoodsAndServicesSold": "2727329000", "operatingIncome": "99086000", "sellingGeneralAndAdministrative": "480646000", "researchAndDevelopment": "None", "operatingExpenses": "566447000", "investmentIncomeNet": "None", "netInterestIncome": "-7805000", "interestIncome": "7805000", "interestExpense": "10120000", "nonInterestIncome": "None", "otherNonOperatingIncome": "None", "depreciation": "None", "depreciationAndAmortization": "43260000", "incomeBeforeTax": "53537000", "incomeTaxExpense": "24124000", "interestAndDebtExpense": "None", "netIncomeFromContinuingOperations": "29415000", "comprehensiveIncomeNetOfTax": "None", "ebit": "63658000", "ebitda": "106918000", "netIncome": "142324000"}, {"fiscalDateEnding": "2019-06-30", "reportedCurrency": "USD", "grossProfit": "626134000", "totalRevenue": "3169622000", "costOfRevenue": "2543488000", "costofGoodsAndServicesSold": "2543488000", "operatingIncome": "89954000", "sellingGeneralAndAdministrative": "431580000", "researchAndDevelopment": "None", "operatingExpenses": "536180000", "investmentIncomeNet": "None", "netInterestIncome": "-15580000", "interestIncome": "3398000", "interestExpense": "18978000", "nonInterestIncome": "None", "otherNonOperatingIncome": "22423000", "depreciation": "None", "depreciationAndAmortization": "44234000", "incomeBeforeTax": "93399000", "incomeTaxExpense": "-1981000", "interestAndDebtExpense": "None", "netIncomeFromContinuingOperations": "95380000", "comprehensiveIncomeNetOfTax": "None", "ebit": "112377000", "ebitda": "156611000", "netIncome": "524442000"}, {"fiscalDateEnding": "2019-03-31", "reportedCurrency": "USD", "grossProfit": "616841000", "totalRevenue": "3091596000", "costOfRevenue": "2474755000", "costofGoodsAndServicesSold": "2474755000", "operatingIncome": "102681000", "sellingGeneralAndAdministrative": "827851000", "researchAndDevelopment": "None", "operatingExpenses": "514160000", "investmentIncomeNet": "None", "netInterestIncome": "-27753000", "interestIncome": "1670000", "interestExpense": "29423000", "nonInterestIncome": "None", "otherNonOperatingIncome": "38574000", "depreciation": "None", "depreciationAndAmortization": "42169000", "incomeBeforeTax": "111832000", "incomeTaxExpense": "-7947000", "interestAndDebtExpense": "None", "netIncomeFromContinuingOperations": "119779000", "comprehensiveIncomeNetOfTax": "None", "ebit": "141255000", "ebitda": "183424000", "netIncome": "56917000"}, {"fiscalDateEnding": "2018-12-31", "reportedCurrency": "USD", "grossProfit": "568520000", "totalRevenue": "3083788000", "costOfRevenue": "2515268000", "costofGoodsAndServicesSold": "2515268000", "operatingIncome": "113130000", "sellingGeneralAndAdministrative": "410991000", "researchAndDevelopment": "None", "operatingExpenses": "455390000", "investmentIncomeNet": "None", "netInterestIncome": "None", "interestIncome": "None", "interestExpense": "25325000", "nonInterestIncome": "None", "otherNonOperatingIncome": "4386000", "depreciation": "None", "depreciationAndAmortization": "39606000", "incomeBeforeTax": "92191000", "incomeTaxExpense": "22758000", "interestAndDebtExpense": "None", "netIncomeFromContinuingOperations": "69433000", "comprehensiveIncomeNetOfTax": "None", "ebit": "117516000", "ebitda": "157122000", "netIncome": "124296000"}, {"fiscalDateEnding": "2018-09-30", "reportedCurrency": "USD", "grossProfit": "791416000", "totalRevenue": "4142644000", "costOfRevenue": "3351228000", "costofGoodsAndServicesSold": "3351228000", "operatingIncome": "241312000", "sellingGeneralAndAdministrative": "445400000", "researchAndDevelopment": "None", "operatingExpenses": "550104000", "investmentIncomeNet": "None", "netInterestIncome": "None", "interestIncome": "None", "interestExpense": "26652000", "nonInterestIncome": "None", "otherNonOperatingIncome": "-16820000", "depreciation": "None", "depreciationAndAmortization": "51377000", "incomeBeforeTax": "197839000", "incomeTaxExpense": "214261000", "interestAndDebtExpense": "None", "netIncomeFromContinuingOperations": "-31422000", "comprehensiveIncomeNetOfTax": "None", "ebit": "224491000", "ebitda": "275868000", "netIncome": "-22541000"}, {"fiscalDateEnding": "2018-06-30", "reportedCurrency": "USD", "grossProfit": "776409000", "totalRevenue": "4156663000", "costOfRevenue": "3380254000", "costofGoodsAndServicesSold": "3380254000", "operatingIncome": "212729000", "sellingGeneralAndAdministrative": "338700000", "researchAndDevelopment": "None", "operatingExpenses": "563680000", "investmentIncomeNet": "None", "netInterestIncome": "None", "interestIncome": "None", "interestExpense": "23787000", "nonInterestIncome": "None", "otherNonOperatingIncome": "3841000", "depreciation": "None", "depreciationAndAmortization": "52023000", "incomeBeforeTax": "192783000", "incomeTaxExpense": "42712000", "interestAndDebtExpense": "None", "netIncomeFromContinuingOperations": "150071000", "comprehensiveIncomeNetOfTax": "None", "ebit": "216570000", "ebitda": "268593000", "netIncome": "150222000"}, {"fiscalDateEnding": "2018-03-31", "reportedCurrency": "USD", "grossProfit": "773365000", "totalRevenue": "3935028000", "costOfRevenue": "3161663000", "costofGoodsAndServicesSold": "3161663000", "operatingIncome": "146286000", "sellingGeneralAndAdministrative": "456400000", "researchAndDevelopment": "None", "operatingExpenses": "627079000", "investmentIncomeNet": "None", "netInterestIncome": "None", "interestIncome": "None", "interestExpense": "19228000", "nonInterestIncome": "None", "otherNonOperatingIncome": "-4891000", "depreciation": "None", "depreciationAndAmortization": "55660000", "incomeBeforeTax": "122167000", "incomeTaxExpense": "70235000", "interestAndDebtExpense": "None", "netIncomeFromContinuingOperations": "51932000", "comprehensiveIncomeNetOfTax": "None", "ebit": "141395000", "ebitda": "197055000", "netIncome": "48587000"}, {"fiscalDateEnding": "2017-12-31", "reportedCurrency": "USD", "grossProfit": "487180000", "totalRevenue": "2750311000", "costOfRevenue": "2263131000", "costofGoodsAndServicesSold": "2263131000", "operatingIncome": "47644000", "sellingGeneralAndAdministrative": "331100000", "researchAndDevelopment": "None", "operatingExpenses": "439536000", "investmentIncomeNet": "None", "netInterestIncome": "None", "interestIncome": "None", "interestExpense": "7092000", "nonInterestIncome": "None", "otherNonOperatingIncome": "1364000", "depreciation": "None", "depreciationAndAmortization": "39527000", "incomeBeforeTax": "41916000", "incomeTaxExpense": "39355000", "interestAndDebtExpense": "None", "netIncomeFromContinuingOperations": "2561000", "comprehensiveIncomeNetOfTax": "None", "ebit": "49008000", "ebitda": "88535000", "netIncome": "2163000"}, {"fiscalDateEnding": "2017-09-30", "reportedCurrency": "USD", "grossProfit": "474291000", "totalRevenue": "2653866000", "costOfRevenue": "2179575000", "costofGoodsAndServicesSold": "2179575000", "operatingIncome": "106993000", "sellingGeneralAndAdministrative": "360700000", "researchAndDevelopment": "1534000", "operatingExpenses": "367298000", "investmentIncomeNet": "None", "netInterestIncome": "None", "interestIncome": "None", "interestExpense": "708000", "nonInterestIncome": "None", "otherNonOperatingIncome": "13165000", "depreciation": "None", "depreciationAndAmortization": "34904000", "incomeBeforeTax": "119450000", "incomeTaxExpense": "26022000", "interestAndDebtExpense": "None", "netIncomeFromContinuingOperations": "93428000", "comprehensiveIncomeNetOfTax": "None", "ebit": "120157000", "ebitda": "155061000", "netIncome": "94141000"}, {"fiscalDateEnding": "2017-06-30", "reportedCurrency": "USD", "grossProfit": "459365000", "totalRevenue": "2514751000", "costOfRevenue": "2055386000", "costofGoodsAndServicesSold": "2055386000", "operatingIncome": "128475000", "sellingGeneralAndAdministrative": "330890000", "researchAndDevelopment": "None", "operatingExpenses": "330890000", "investmentIncomeNet": "None", "netInterestIncome": "None", "interestIncome": "None", "interestExpense": "4054000", "nonInterestIncome": "None", "otherNonOperatingIncome": "2975000", "depreciation": "None", "depreciationAndAmortization": "29917000", "incomeBeforeTax": "127396000", "incomeTaxExpense": "38767000", "interestAndDebtExpense": "None", "netIncomeFromContinuingOperations": "88629000", "comprehensiveIncomeNetOfTax": "None", "ebit": "131450000", "ebitda": "161367000", "netIncome": "89032000"}, {"fiscalDateEnding": "2017-03-31", "reportedCurrency": "USD", "grossProfit": "419284000", "totalRevenue": "2302567000", "costOfRevenue": "1883283000", "costofGoodsAndServicesSold": "1883283000", "operatingIncome": "68173000", "sellingGeneralAndAdministrative": "351111000", "researchAndDevelopment": "None", "operatingExpenses": "351111000", "investmentIncomeNet": "None", "netInterestIncome": "None", "interestIncome": "None", "interestExpense": "3755000", "nonInterestIncome": "None", "otherNonOperatingIncome": "-3927000", "depreciation": "None", "depreciationAndAmortization": "29157000", "incomeBeforeTax": "60491000", "incomeTaxExpense": "16326000", "interestAndDebtExpense": "None", "netIncomeFromContinuingOperations": "44165000", "comprehensiveIncomeNetOfTax": "None", "ebit": "64246000", "ebitda": "93403000", "netIncome": "50018000"}, {"fiscalDateEnding": "2016-12-31", "reportedCurrency": "USD", "grossProfit": "419312000", "totalRevenue": "2551604000", "costOfRevenue": "2132292000", "costofGoodsAndServicesSold": "2132292000", "operatingIncome": "88628000", "sellingGeneralAndAdministrative": "298900000", "researchAndDevelopment": "None", "operatingExpenses": "330684000", "investmentIncomeNet": "None", "netInterestIncome": "None", "interestIncome": "None", "interestExpense": "3518000", "nonInterestIncome": "None", "otherNonOperatingIncome": "770000", "depreciation": "None", "depreciationAndAmortization": "28535000", "incomeBeforeTax": "85880000", "incomeTaxExpense": "24727000", "interestAndDebtExpense": "None", "netIncomeFromContinuingOperations": "61153000", "comprehensiveIncomeNetOfTax": "None", "ebit": "89398000", "ebitda": "117933000", "netIncome": "60536000"}, {"fiscalDateEnding": "2016-09-30", "reportedCurrency": "USD", "grossProfit": "431692000", "totalRevenue": "2640587000", "costOfRevenue": "2208895000", "costofGoodsAndServicesSold": "2208895000", "operatingIncome": "82811000", "sellingGeneralAndAdministrative": "348881000", "researchAndDevelopment": "1534000", "operatingExpenses": "348881000", "investmentIncomeNet": "None", "netInterestIncome": "None", "interestIncome": "None", "interestExpense": "4945000", "nonInterestIncome": "None", "otherNonOperatingIncome": "-42193000", "depreciation": "None", "depreciationAndAmortization": "31025000", "incomeBeforeTax": "35673000", "incomeTaxExpense": "5790000", "interestAndDebtExpense": "None", "netIncomeFromContinuingOperations": "29883000", "comprehensiveIncomeNetOfTax": "None", "ebit": "40618000", "ebitda": "71643000", "netIncome": "29644000"}, {"fiscalDateEnding": "2016-06-30", "reportedCurrency": "USD", "grossProfit": "451449000", "totalRevenue": "2693873000", "costOfRevenue": "2242424000", "costofGoodsAndServicesSold": "2242424000", "operatingIncome": "109556000", "sellingGeneralAndAdministrative": "374700000", "researchAndDevelopment": "None", "operatingExpenses": "341893000", "investmentIncomeNet": "None", "netInterestIncome": "None", "interestIncome": "None", "interestExpense": "4572000", "nonInterestIncome": "None", "otherNonOperatingIncome": "-2177000", "depreciation": "None", "depreciationAndAmortization": "32269000", "incomeBeforeTax": "102807000", "incomeTaxExpense": "31870000", "interestAndDebtExpense": "None", "netIncomeFromContinuingOperations": "70937000", "comprehensiveIncomeNetOfTax": "None", "ebit": "107379000", "ebitda": "139648000", "netIncome": "69055000"}, {"fiscalDateEnding": "2016-03-31", "reportedCurrency": "USD", "grossProfit": "444216000", "totalRevenue": "2781763000", "costOfRevenue": "2337547000", "costofGoodsAndServicesSold": "2337547000", "operatingIncome": "86781000", "sellingGeneralAndAdministrative": "392800000", "researchAndDevelopment": "None", "operatingExpenses": "357435000", "investmentIncomeNet": "None", "netInterestIncome": "None", "interestIncome": "None", "interestExpense": "2200000", "nonInterestIncome": "None", "otherNonOperatingIncome": "5875000", "depreciation": "None", "depreciationAndAmortization": "32784000", "incomeBeforeTax": "90456000", "incomeTaxExpense": "27067000", "interestAndDebtExpense": "None", "netIncomeFromContinuingOperations": "63389000", "comprehensiveIncomeNetOfTax": "None", "ebit": "92656000", "ebitda": "125440000", "netIncome": "65250000"}, {"fiscalDateEnding": "2015-12-31", "reportedCurrency": "USD", "grossProfit": "440474000", "totalRevenue": "2847934000", "costOfRevenue": "2407460000", "costofGoodsAndServicesSold": "2407460000", "operatingIncome": "59450000", "sellingGeneralAndAdministrative": "449400000", "researchAndDevelopment": "None", "operatingExpenses": "381024000", "investmentIncomeNet": "None", "netInterestIncome": "None", "interestIncome": "None", "interestExpense": "3543000", "nonInterestIncome": "None", "otherNonOperatingIncome": "1880000", "depreciation": "None", "depreciationAndAmortization": "33893000", "incomeBeforeTax": "57787000", "incomeTaxExpense": "7481000", "interestAndDebtExpense": "None", "netIncomeFromContinuingOperations": "50306000", "comprehensiveIncomeNetOfTax": "None", "ebit": "61330000", "ebitda": "95223000", "netIncome": "46514000"}, {"fiscalDateEnding": "2015-09-30", "reportedCurrency": "USD", "grossProfit": "473351000", "totalRevenue": "3116954000", "costOfRevenue": "2643603000", "costofGoodsAndServicesSold": "2643603000", "operatingIncome": "53826000", "sellingGeneralAndAdministrative": "320000000", "researchAndDevelopment": "1533000", "operatingExpenses": "419525000", "investmentIncomeNet": "None", "netInterestIncome": "None", "interestIncome": "None", "interestExpense": "4129000", "nonInterestIncome": "None", "otherNonOperatingIncome": "-405000", "depreciation": "None", "depreciationAndAmortization": "35484000", "incomeBeforeTax": "49291000", "incomeTaxExpense": "12022000", "interestAndDebtExpense": "None", "netIncomeFromContinuingOperations": "37269000", "comprehensiveIncomeNetOfTax": "None", "ebit": "53420000", "ebitda": "88904000", "netIncome": "29863000"}, {"fiscalDateEnding": "2015-06-30", "reportedCurrency": "USD", "grossProfit": "484597000", "totalRevenue": "2907541000", "costOfRevenue": "2422944000", "costofGoodsAndServicesSold": "2422944000", "operatingIncome": "100434000", "sellingGeneralAndAdministrative": "340500000", "researchAndDevelopment": "None", "operatingExpenses": "384163000", "investmentIncomeNet": "None", "netInterestIncome": "None", "interestIncome": "None", "interestExpense": "5509000", "nonInterestIncome": "None", "otherNonOperatingIncome": "2263000", "depreciation": "None", "depreciationAndAmortization": "37118000", "incomeBeforeTax": "97188000", "incomeTaxExpense": "-120000", "interestAndDebtExpense": "None", "netIncomeFromContinuingOperations": "97308000", "comprehensiveIncomeNetOfTax": "None", "ebit": "102697000", "ebitda": "139815000", "netIncome": "91062000"}, {"fiscalDateEnding": "2015-03-31", "reportedCurrency": "USD", "grossProfit": "490944000", "totalRevenue": "2903332000", "costOfRevenue": "2412388000", "costofGoodsAndServicesSold": "2412388000", "operatingIncome": "133045000", "sellingGeneralAndAdministrative": "343900000", "researchAndDevelopment": "None", "operatingExpenses": "357899000", "investmentIncomeNet": "None", "netInterestIncome": "None", "interestIncome": "None", "interestExpense": "4548000", "nonInterestIncome": "None", "otherNonOperatingIncome": "465000", "depreciation": "None", "depreciationAndAmortization": "37703000", "incomeBeforeTax": "128962000", "incomeTaxExpense": "40852000", "interestAndDebtExpense": "None", "netIncomeFromContinuingOperations": "88110000", "comprehensiveIncomeNetOfTax": "None", "ebit": "133510000", "ebitda": "171213000", "netIncome": "81967000"}, {"fiscalDateEnding": "2014-12-31", "reportedCurrency": "USD", "grossProfit": "519446000", "totalRevenue": "3187005000", "costOfRevenue": "2667559000", "costofGoodsAndServicesSold": "2667559000", "operatingIncome": "158223000", "sellingGeneralAndAdministrative": "361200000", "researchAndDevelopment": "None", "operatingExpenses": "361223000", "investmentIncomeNet": "None", "netInterestIncome": "None", "interestIncome": "None", "interestExpense": "5318000", "nonInterestIncome": "None", "otherNonOperatingIncome": "1790000", "depreciation": "None", "depreciationAndAmortization": "38987000", "incomeBeforeTax": "154695000", "incomeTaxExpense": "48500000", "interestAndDebtExpense": "None", "netIncomeFromContinuingOperations": "106195000", "comprehensiveIncomeNetOfTax": "None", "ebit": "160013000", "ebitda": "199000000", "netIncome": "100079000"}, {"fiscalDateEnding": "2014-09-30", "reportedCurrency": "USD", "grossProfit": "541800000", "totalRevenue": "3218442000", "costOfRevenue": "2676642000", "costofGoodsAndServicesSold": "2676642000", "operatingIncome": "136650000", "sellingGeneralAndAdministrative": "405200000", "researchAndDevelopment": "1533000", "operatingExpenses": "405150000", "investmentIncomeNet": "None", "netInterestIncome": "None", "interestIncome": "None", "interestExpense": "947000", "nonInterestIncome": "None", "otherNonOperatingIncome": "9102000", "depreciation": "None", "depreciationAndAmortization": "39382000", "incomeBeforeTax": "144805000", "incomeTaxExpense": "53751000", "interestAndDebtExpense": "None", "netIncomeFromContinuingOperations": "91054000", "comprehensiveIncomeNetOfTax": "None", "ebit": "145751000", "ebitda": "185133000", "netIncome": "86074000"}, {"fiscalDateEnding": "2014-06-30", "reportedCurrency": "USD", "grossProfit": "561739000", "totalRevenue": "3231791000", "costOfRevenue": "2670052000", "costofGoodsAndServicesSold": "2670052000", "operatingIncome": "123937000", "sellingGeneralAndAdministrative": "437800000", "researchAndDevelopment": "None", "operatingExpenses": "437802000", "investmentIncomeNet": "None", "netInterestIncome": "None", "interestIncome": "None", "interestExpense": "5565000", "nonInterestIncome": "None", "otherNonOperatingIncome": "-326000", "depreciation": "None", "depreciationAndAmortization": "39325000", "incomeBeforeTax": "118046000", "incomeTaxExpense": "46737000", "interestAndDebtExpense": "None", "netIncomeFromContinuingOperations": "71309000", "comprehensiveIncomeNetOfTax": "None", "ebit": "123611000", "ebitda": "162936000", "netIncome": "64842000"}, {"fiscalDateEnding": "2014-03-31", "reportedCurrency": "USD", "grossProfit": "516553000", "totalRevenue": "3176033000", "costOfRevenue": "2659480000", "costofGoodsAndServicesSold": "2659480000", "operatingIncome": "122434000", "sellingGeneralAndAdministrative": "394100000", "researchAndDevelopment": "None", "operatingExpenses": "394119000", "investmentIncomeNet": "None", "netInterestIncome": "None", "interestIncome": "None", "interestExpense": "5116000", "nonInterestIncome": "None", "otherNonOperatingIncome": "15076000", "depreciation": "None", "depreciationAndAmortization": "38419000", "incomeBeforeTax": "132394000", "incomeTaxExpense": "41594000", "interestAndDebtExpense": "None", "netIncomeFromContinuingOperations": "90800000", "comprehensiveIncomeNetOfTax": "None", "ebit": "99091000", "ebitda": "137510000", "netIncome": "83460000"}, {"fiscalDateEnding": "2013-12-31", "reportedCurrency": "USD", "grossProfit": "453691000", "totalRevenue": "3068891000", "costOfRevenue": "2615200000", "costofGoodsAndServicesSold": "2615200000", "operatingIncome": "145047000", "sellingGeneralAndAdministrative": "308600000", "researchAndDevelopment": "None", "operatingExpenses": "308644000", "investmentIncomeNet": "None", "netInterestIncome": "None", "interestIncome": "None", "interestExpense": "191000", "nonInterestIncome": "None", "otherNonOperatingIncome": "1683000", "depreciation": "None", "depreciationAndAmortization": "28286000", "incomeBeforeTax": "146921000", "incomeTaxExpense": "47972000", "interestAndDebtExpense": "None", "netIncomeFromContinuingOperations": "98949000", "comprehensiveIncomeNetOfTax": "None", "ebit": "145047000", "ebitda": "173333000", "netIncome": "93732000"}, {"fiscalDateEnding": "2013-09-30", "reportedCurrency": "USD", "grossProfit": "474691000", "totalRevenue": "3142656000", "costOfRevenue": "2667965000", "costofGoodsAndServicesSold": "2667965000", "operatingIncome": "175148000", "sellingGeneralAndAdministrative": "299500000", "researchAndDevelopment": "1533000", "operatingExpenses": "299543000", "investmentIncomeNet": "None", "netInterestIncome": "None", "interestIncome": "None", "interestExpense": "3391000", "nonInterestIncome": "None", "otherNonOperatingIncome": "3149000", "depreciation": "None", "depreciationAndAmortization": "26719000", "incomeBeforeTax": "174906000", "incomeTaxExpense": "58425000", "interestAndDebtExpense": "None", "netIncomeFromContinuingOperations": "116481000", "comprehensiveIncomeNetOfTax": "None", "ebit": "178297000", "ebitda": "205016000", "netIncome": "110811000"}, {"fiscalDateEnding": "2013-06-30", "reportedCurrency": "USD", "grossProfit": "467004000", "totalRevenue": "3080995000", "costOfRevenue": "2613991000", "costofGoodsAndServicesSold": "2613991000", "operatingIncome": "168359000", "sellingGeneralAndAdministrative": "298600000", "researchAndDevelopment": "None", "operatingExpenses": "298645000", "investmentIncomeNet": "None", "netInterestIncome": "None", "interestIncome": "None", "interestExpense": "2786000", "nonInterestIncome": "None", "otherNonOperatingIncome": "2850000", "depreciation": "None", "depreciationAndAmortization": "24383000", "incomeBeforeTax": "168423000", "incomeTaxExpense": "56334000", "interestAndDebtExpense": "None", "netIncomeFromContinuingOperations": "112089000", "comprehensiveIncomeNetOfTax": "None", "ebit": "171209000", "ebitda": "195592000", "netIncome": "108871000"}, {"fiscalDateEnding": "2013-03-31", "reportedCurrency": "USD", "grossProfit": "464901000", "totalRevenue": "2835084000", "costOfRevenue": "2370183000", "costofGoodsAndServicesSold": "2370183000", "operatingIncome": "165203000", "sellingGeneralAndAdministrative": "299700000", "researchAndDevelopment": "None", "operatingExpenses": "299698000", "investmentIncomeNet": "None", "netInterestIncome": "None", "interestIncome": "None", "interestExpense": "3035000", "nonInterestIncome": "None", "otherNonOperatingIncome": "-260000", "depreciation": "None", "depreciationAndAmortization": "23297000", "incomeBeforeTax": "161908000", "incomeTaxExpense": "54819000", "interestAndDebtExpense": "None", "netIncomeFromContinuingOperations": "107089000", "comprehensiveIncomeNetOfTax": "None", "ebit": "164943000", "ebitda": "188240000", "netIncome": "104401000"}, {"fiscalDateEnding": "2012-12-31", "reportedCurrency": "USD", "grossProfit": "435723000", "totalRevenue": "2759641000", "costOfRevenue": "2323918000", "costofGoodsAndServicesSold": "2323918000", "operatingIncome": "160269000", "sellingGeneralAndAdministrative": "275500000", "researchAndDevelopment": "None", "operatingExpenses": "275454000", "investmentIncomeNet": "None", "netInterestIncome": "None", "interestIncome": "None", "interestExpense": "3694000", "nonInterestIncome": "None", "otherNonOperatingIncome": "-264000", "depreciation": "None", "depreciationAndAmortization": "24475000", "incomeBeforeTax": "156311000", "incomeTaxExpense": "51788000", "interestAndDebtExpense": "None", "netIncomeFromContinuingOperations": "104523000", "comprehensiveIncomeNetOfTax": "None", "ebit": "160005000", "ebitda": "184480000", "netIncome": "99010000"}, {"fiscalDateEnding": "2012-09-30", "reportedCurrency": "USD", "grossProfit": "446662000", "totalRevenue": "2786285000", "costOfRevenue": "2339623000", "costofGoodsAndServicesSold": "2339623000", "operatingIncome": "167617000", "sellingGeneralAndAdministrative": "279000000", "researchAndDevelopment": "None", "operatingExpenses": "279045000", "investmentIncomeNet": "None", "netInterestIncome": "None", "interestIncome": "None", "interestExpense": "2538000", "nonInterestIncome": "None", "otherNonOperatingIncome": "5017000", "depreciation": "None", "depreciationAndAmortization": "25643000", "incomeBeforeTax": "170096000", "incomeTaxExpense": "59014000", "interestAndDebtExpense": "None", "netIncomeFromContinuingOperations": "111082000", "comprehensiveIncomeNetOfTax": "None", "ebit": "172634000", "ebitda": "198277000", "netIncome": "107411000"}, {"fiscalDateEnding": "2012-06-30", "reportedCurrency": "USD", "grossProfit": "433081000", "totalRevenue": "2772874000", "costOfRevenue": "2339793000", "costofGoodsAndServicesSold": "2339793000", "operatingIncome": "153366000", "sellingGeneralAndAdministrative": "279700000", "researchAndDevelopment": "None", "operatingExpenses": "279715000", "investmentIncomeNet": "None", "netInterestIncome": "None", "interestIncome": "None", "interestExpense": "2990000", "nonInterestIncome": "None", "otherNonOperatingIncome": "995000", "depreciation": "None", "depreciationAndAmortization": "24673000", "incomeBeforeTax": "151371000", "incomeTaxExpense": "50381000", "interestAndDebtExpense": "None", "netIncomeFromContinuingOperations": "100990000", "comprehensiveIncomeNetOfTax": "None", "ebit": "154361000", "ebitda": "179034000", "netIncome": "97900000"}, {"fiscalDateEnding": "2012-03-31", "reportedCurrency": "USD", "grossProfit": "426204000", "totalRevenue": "2702851000", "costOfRevenue": "2276647000", "costofGoodsAndServicesSold": "2276647000", "operatingIncome": "133138000", "sellingGeneralAndAdministrative": "293100000", "researchAndDevelopment": "None", "operatingExpenses": "293066000", "investmentIncomeNet": "None", "netInterestIncome": "None", "interestIncome": "None", "interestExpense": "2496000", "nonInterestIncome": "None", "otherNonOperatingIncome": "1673000", "depreciation": "None", "depreciationAndAmortization": "25272000", "incomeBeforeTax": "132315000", "incomeTaxExpense": "44869000", "interestAndDebtExpense": "None", "netIncomeFromContinuingOperations": "87446000", "comprehensiveIncomeNetOfTax": "None", "ebit": "134811000", "ebitda": "160083000", "netIncome": "83933000"}, {"fiscalDateEnding": "2011-12-31", "reportedCurrency": "USD", "grossProfit": "421042000", "totalRevenue": "2631768000", "costOfRevenue": "2210726000", "costofGoodsAndServicesSold": "2210726000", "operatingIncome": "141952000", "sellingGeneralAndAdministrative": "279100000", "researchAndDevelopment": "None", "operatingExpenses": "279090000", "investmentIncomeNet": "None", "netInterestIncome": "None", "interestIncome": "None", "interestExpense": "3662000", "nonInterestIncome": "None", "otherNonOperatingIncome": "1264000", "depreciation": "None", "depreciationAndAmortization": "25236000", "incomeBeforeTax": "139554000", "incomeTaxExpense": "48118000", "interestAndDebtExpense": "None", "netIncomeFromContinuingOperations": "91436000", "comprehensiveIncomeNetOfTax": "None", "ebit": "143216000", "ebitda": "168452000", "netIncome": "89710000"}, {"fiscalDateEnding": "2011-09-30", "reportedCurrency": "USD", "grossProfit": "426562000", "totalRevenue": "2723295000", "costOfRevenue": "2296733000", "costofGoodsAndServicesSold": "2296733000", "operatingIncome": "147904000", "sellingGeneralAndAdministrative": "278658000", "researchAndDevelopment": "None", "operatingExpenses": "278658000", "investmentIncomeNet": "None", "netInterestIncome": "None", "interestIncome": "None", "interestExpense": "2684000", "nonInterestIncome": "None", "otherNonOperatingIncome": "-64000", "depreciation": "None", "depreciationAndAmortization": "26227000", "incomeBeforeTax": "145156000", "incomeTaxExpense": "49909000", "interestAndDebtExpense": "None", "netIncomeFromContinuingOperations": "95247000", "comprehensiveIncomeNetOfTax": "None", "ebit": "147840000", "ebitda": "174067000", "netIncome": "94280000"}, {"fiscalDateEnding": "2011-06-30", "reportedCurrency": "USD", "grossProfit": "412712000", "totalRevenue": "2744178000", "costOfRevenue": "2331466000", "costofGoodsAndServicesSold": "2331466000", "operatingIncome": "139380000", "sellingGeneralAndAdministrative": "273300000", "researchAndDevelopment": "None", "operatingExpenses": "273332000", "investmentIncomeNet": "None", "netInterestIncome": "None", "interestIncome": "None", "interestExpense": "2568000", "nonInterestIncome": "None", "otherNonOperatingIncome": "4489000", "depreciation": "None", "depreciationAndAmortization": "25176000", "incomeBeforeTax": "141301000", "incomeTaxExpense": "49365000", "interestAndDebtExpense": "None", "netIncomeFromContinuingOperations": "91936000", "comprehensiveIncomeNetOfTax": "None", "ebit": "143869000", "ebitda": "169045000", "netIncome": "90676000"}, {"fiscalDateEnding": "2011-03-31", "reportedCurrency": "USD", "grossProfit": "389181000", "totalRevenue": "2558016000", "costOfRevenue": "2168835000", "costofGoodsAndServicesSold": "2168835000", "operatingIncome": "128015000", "sellingGeneralAndAdministrative": "261200000", "researchAndDevelopment": "None", "operatingExpenses": "261166000", "investmentIncomeNet": "None", "netInterestIncome": "None", "interestIncome": "None", "interestExpense": "2720000", "nonInterestIncome": "None", "otherNonOperatingIncome": "1186000", "depreciation": "None", "depreciationAndAmortization": "23734000", "incomeBeforeTax": "126481000", "incomeTaxExpense": "45140000", "interestAndDebtExpense": "None", "netIncomeFromContinuingOperations": "81341000", "comprehensiveIncomeNetOfTax": "None", "ebit": "129201000", "ebitda": "152935000", "netIncome": "80250000"}, {"fiscalDateEnding": "2010-12-31", "reportedCurrency": "USD", "grossProfit": "331038", "totalRevenue": "2356175", "costOfRevenue": "2025137", "costofGoodsAndServicesSold": "2025137", "operatingIncome": "103619", "sellingGeneralAndAdministrative": "227419000", "researchAndDevelopment": "None", "operatingExpenses": "227419", "investmentIncomeNet": "None", "netInterestIncome": "None", "interestIncome": "None", "interestExpense": "827", "nonInterestIncome": "None", "otherNonOperatingIncome": "931000", "depreciation": "None", "depreciationAndAmortization": "20233000", "incomeBeforeTax": "103723", "incomeTaxExpense": "37026", "interestAndDebtExpense": "None", "netIncomeFromContinuingOperations": "66697000", "comprehensiveIncomeNetOfTax": "None", "ebit": "104550000", "ebitda": "124783000", "netIncome": "65823"}, {"fiscalDateEnding": "2010-09-30", "reportedCurrency": "USD", "grossProfit": "348027000", "totalRevenue": "2343033000", "costOfRevenue": "1995006000", "costofGoodsAndServicesSold": "1995006000", "operatingIncome": "120698000", "sellingGeneralAndAdministrative": "228500000", "researchAndDevelopment": "None", "operatingExpenses": "228512000", "investmentIncomeNet": "None", "netInterestIncome": "None", "interestIncome": "None", "interestExpense": "383000", "nonInterestIncome": "None", "otherNonOperatingIncome": "1255000", "depreciation": "None", "depreciationAndAmortization": "22781000", "incomeBeforeTax": "120387000", "incomeTaxExpense": "43308000", "interestAndDebtExpense": "None", "netIncomeFromContinuingOperations": "77079000", "comprehensiveIncomeNetOfTax": "None", "ebit": "120770000", "ebitda": "143551000", "netIncome": "76994000"}, {"fiscalDateEnding": "2010-06-30", "reportedCurrency": "USD", "grossProfit": "272188000", "totalRevenue": "2507725000", "costOfRevenue": "2235537000", "costofGoodsAndServicesSold": "2235537000", "operatingIncome": "45083000", "sellingGeneralAndAdministrative": "227100000", "researchAndDevelopment": "None", "operatingExpenses": "227105000", "investmentIncomeNet": "None", "netInterestIncome": "None", "interestIncome": "None", "interestExpense": "8174000", "nonInterestIncome": "None", "otherNonOperatingIncome": "330000", "depreciation": "None", "depreciationAndAmortization": "20873000", "incomeBeforeTax": "37239000", "incomeTaxExpense": "17999000", "interestAndDebtExpense": "None", "netIncomeFromContinuingOperations": "19240000", "comprehensiveIncomeNetOfTax": "None", "ebit": "45413000", "ebitda": "66286000", "netIncome": "19043000"}, {"fiscalDateEnding": "2010-03-31", "reportedCurrency": "USD", "grossProfit": "363181000", "totalRevenue": "2586974000", "costOfRevenue": "2223793000", "costofGoodsAndServicesSold": "2223793000", "operatingIncome": "122004000", "sellingGeneralAndAdministrative": "241200000", "researchAndDevelopment": "None", "operatingExpenses": "241177000", "investmentIncomeNet": "None", "netInterestIncome": "None", "interestIncome": "None", "interestExpense": "705000", "nonInterestIncome": "None", "otherNonOperatingIncome": "-139000", "depreciation": "None", "depreciationAndAmortization": "22062000", "incomeBeforeTax": "121160000", "incomeTaxExpense": "43593000", "interestAndDebtExpense": "None", "netIncomeFromContinuingOperations": "77567000", "comprehensiveIncomeNetOfTax": "None", "ebit": "121865000", "ebitda": "143927000", "netIncome": "77500000"}, {"fiscalDateEnding": "2009-12-31", "reportedCurrency": "USD", "grossProfit": "349209000", "totalRevenue": "2477785000", "costOfRevenue": "2128576000", "costofGoodsAndServicesSold": "2128576000", "operatingIncome": "113481000", "sellingGeneralAndAdministrative": "242613709", "researchAndDevelopment": "None", "operatingExpenses": "235728000", "investmentIncomeNet": "None", "netInterestIncome": "None", "interestIncome": "None", "interestExpense": "612000", "nonInterestIncome": "None", "otherNonOperatingIncome": "279000", "depreciation": "None", "depreciationAndAmortization": "22779000", "incomeBeforeTax": "113148000", "incomeTaxExpense": "40747000", "interestAndDebtExpense": "None", "netIncomeFromContinuingOperations": "72401000", "comprehensiveIncomeNetOfTax": "None", "ebit": "113760000", "ebitda": "136539000", "netIncome": "72437000"}, {"fiscalDateEnding": "2009-09-30", "reportedCurrency": "USD", "grossProfit": "347977000", "totalRevenue": "2552547000", "costOfRevenue": "2204570000", "costofGoodsAndServicesSold": "2204570000", "operatingIncome": "125632000", "sellingGeneralAndAdministrative": "225800000", "researchAndDevelopment": "None", "operatingExpenses": "225834000", "investmentIncomeNet": "None", "netInterestIncome": "None", "interestIncome": "None", "interestExpense": "488000", "nonInterestIncome": "None", "otherNonOperatingIncome": "None", "depreciation": "None", "depreciationAndAmortization": "29699000", "incomeBeforeTax": "123933000", "incomeTaxExpense": "44616000", "interestAndDebtExpense": "None", "netIncomeFromContinuingOperations": "None", "comprehensiveIncomeNetOfTax": "None", "ebit": "124421000", "ebitda": "154120000", "netIncome": "79317000"}, {"fiscalDateEnding": "2009-06-30", "reportedCurrency": "USD", "grossProfit": "371863000", "totalRevenue": "2706724000", "costOfRevenue": "2334861000", "costofGoodsAndServicesSold": "2334861000", "operatingIncome": "146674000", "sellingGeneralAndAdministrative": "225189000", "researchAndDevelopment": "None", "operatingExpenses": "225189000", "investmentIncomeNet": "None", "netInterestIncome": "None", "interestIncome": "None", "interestExpense": "402000", "nonInterestIncome": "None", "otherNonOperatingIncome": "2009000", "depreciation": "None", "depreciationAndAmortization": "19239000", "incomeBeforeTax": "148281000", "incomeTaxExpense": "53381000", "interestAndDebtExpense": "None", "netIncomeFromContinuingOperations": "94900000", "comprehensiveIncomeNetOfTax": "None", "ebit": "148469000", "ebitda": "167708000", "netIncome": "94900000"}, {"fiscalDateEnding": "2009-03-31", "reportedCurrency": "USD", "grossProfit": "403624000", "totalRevenue": "2975452000", "costOfRevenue": "2571828000", "costofGoodsAndServicesSold": "2571828000", "operatingIncome": "173277000", "sellingGeneralAndAdministrative": "232936000", "researchAndDevelopment": "None", "operatingExpenses": "232936000", "investmentIncomeNet": "None", "netInterestIncome": "None", "interestIncome": "None", "interestExpense": "797000", "nonInterestIncome": "None", "otherNonOperatingIncome": "None", "depreciation": "None", "depreciationAndAmortization": "18605000", "incomeBeforeTax": "170744000", "incomeTaxExpense": "61457000", "interestAndDebtExpense": "None", "netIncomeFromContinuingOperations": "None", "comprehensiveIncomeNetOfTax": "None", "ebit": "171424000", "ebitda": "190029000", "netIncome": "109287000"}, {"fiscalDateEnding": "2008-12-31", "reportedCurrency": "USD", "grossProfit": "437419000", "totalRevenue": "3232653000", "costOfRevenue": "2795234000", "costofGoodsAndServicesSold": "2795234000", "operatingIncome": "183694000", "sellingGeneralAndAdministrative": "256351000", "researchAndDevelopment": "None", "operatingExpenses": "256351000", "investmentIncomeNet": "None", "netInterestIncome": "None", "interestIncome": "None", "interestExpense": "1229000", "nonInterestIncome": "None", "otherNonOperatingIncome": "None", "depreciation": "None", "depreciationAndAmortization": "18799000", "incomeBeforeTax": "181815000", "incomeTaxExpense": "65465000", "interestAndDebtExpense": "None", "netIncomeFromContinuingOperations": "None", "comprehensiveIncomeNetOfTax": "None", "ebit": "182810000", "ebitda": "201609000", "netIncome": "116350000"}, {"fiscalDateEnding": "2008-09-30", "reportedCurrency": "USD", "grossProfit": "460278000", "totalRevenue": "3196621000", "costOfRevenue": "2736343000", "costofGoodsAndServicesSold": "2736343000", "operatingIncome": "181488000", "sellingGeneralAndAdministrative": "281498000", "researchAndDevelopment": "None", "operatingExpenses": "281498000", "investmentIncomeNet": "None", "netInterestIncome": "None", "interestIncome": "None", "interestExpense": "None", "nonInterestIncome": "None", "otherNonOperatingIncome": "None", "depreciation": "None", "depreciationAndAmortization": "19601000", "incomeBeforeTax": "178725000", "incomeTaxExpense": "64342000", "interestAndDebtExpense": "None", "netIncomeFromContinuingOperations": "None", "comprehensiveIncomeNetOfTax": "None", "ebit": "181488000", "ebitda": "201089000", "netIncome": "114383000"}, {"fiscalDateEnding": "2008-06-30", "reportedCurrency": "USD", "grossProfit": "451644000", "totalRevenue": "2918927000", "costOfRevenue": "2467283000", "costofGoodsAndServicesSold": "2467283000", "operatingIncome": "170307000", "sellingGeneralAndAdministrative": "282773000", "researchAndDevelopment": "None", "operatingExpenses": "282773000", "investmentIncomeNet": "None", "netInterestIncome": "None", "interestIncome": "None", "interestExpense": "987000", "nonInterestIncome": "None", "otherNonOperatingIncome": "None", "depreciation": "None", "depreciationAndAmortization": "19420000", "incomeBeforeTax": "169807000", "incomeTaxExpense": "61130000", "interestAndDebtExpense": "None", "netIncomeFromContinuingOperations": "None", "comprehensiveIncomeNetOfTax": "None", "ebit": "170794000", "ebitda": "190214000", "netIncome": "108677000"}, {"fiscalDateEnding": "2008-03-31", "reportedCurrency": "USD", "grossProfit": "434594000", "totalRevenue": "2664794000", "costOfRevenue": "2230200000", "costofGoodsAndServicesSold": "2230200000", "operatingIncome": "155859000", "sellingGeneralAndAdministrative": "280442000", "researchAndDevelopment": "None", "operatingExpenses": "280442000", "investmentIncomeNet": "None", "netInterestIncome": "None", "interestIncome": "None", "interestExpense": "569000", "nonInterestIncome": "None", "otherNonOperatingIncome": "None", "depreciation": "None", "depreciationAndAmortization": "17440000", "incomeBeforeTax": "155174000", "incomeTaxExpense": "55862000", "interestAndDebtExpense": "None", "netIncomeFromContinuingOperations": "None", "comprehensiveIncomeNetOfTax": "None", "ebit": "155743000", "ebitda": "173183000", "netIncome": "99312000"}, {"fiscalDateEnding": "2007-12-31", "reportedCurrency": "USD", "grossProfit": "387970000", "totalRevenue": "2471817000", "costOfRevenue": "2083847000", "costofGoodsAndServicesSold": "2083847000", "operatingIncome": "132086000", "sellingGeneralAndAdministrative": "246714000", "researchAndDevelopment": "None", "operatingExpenses": "246714000", "investmentIncomeNet": "None", "netInterestIncome": "None", "interestIncome": "None", "interestExpense": "None", "nonInterestIncome": "None", "otherNonOperatingIncome": "None", "depreciation": "None", "depreciationAndAmortization": "16665000", "incomeBeforeTax": "153705000", "incomeTaxExpense": "55335000", "interestAndDebtExpense": "None", "netIncomeFromContinuingOperations": "None", "comprehensiveIncomeNetOfTax": "None", "ebit": "132086000", "ebitda": "148751000", "netIncome": "98370000"}, {"fiscalDateEnding": "2007-09-30", "reportedCurrency": "USD", "grossProfit": "332459000", "totalRevenue": "2280069000", "costOfRevenue": "1947610000", "costofGoodsAndServicesSold": "1947610000", "operatingIncome": "131108000", "sellingGeneralAndAdministrative": "203070000", "researchAndDevelopment": "None", "operatingExpenses": "203070000", "investmentIncomeNet": "None", "netInterestIncome": "None", "interestIncome": "None", "interestExpense": "None", "nonInterestIncome": "None", "otherNonOperatingIncome": "None", "depreciation": "None", "depreciationAndAmortization": "14351000", "incomeBeforeTax": "131015000", "incomeTaxExpense": "47123000", "interestAndDebtExpense": "None", "netIncomeFromContinuingOperations": "None", "comprehensiveIncomeNetOfTax": "None", "ebit": "131108000", "ebitda": "145459000", "netIncome": "83892000"}, {"fiscalDateEnding": "2007-06-30", "reportedCurrency": "USD", "grossProfit": "316616000", "totalRevenue": "2083689000", "costOfRevenue": "1767073000", "costofGoodsAndServicesSold": "1767073000", "operatingIncome": "116960000", "sellingGeneralAndAdministrative": "200912000", "researchAndDevelopment": "None", "operatingExpenses": "200912000", "investmentIncomeNet": "None", "netInterestIncome": "None", "interestIncome": "None", "interestExpense": "2175000", "nonInterestIncome": "None", "otherNonOperatingIncome": "None", "depreciation": "None", "depreciationAndAmortization": "14573000", "incomeBeforeTax": "116863000", "incomeTaxExpense": "42113000", "interestAndDebtExpense": "None", "netIncomeFromContinuingOperations": "None", "comprehensiveIncomeNetOfTax": "None", "ebit": "101131000", "ebitda": "115704000", "netIncome": "74750000"}, {"fiscalDateEnding": "2007-03-31", "reportedCurrency": "USD", "grossProfit": "290824000", "totalRevenue": "2091704000", "costOfRevenue": "1800880000", "costofGoodsAndServicesSold": "1800880000", "operatingIncome": "103268000", "sellingGeneralAndAdministrative": "188335000", "researchAndDevelopment": "None", "operatingExpenses": "188335000", "investmentIncomeNet": "None", "netInterestIncome": "None", "interestIncome": "None", "interestExpense": "1954000", "nonInterestIncome": "None", "otherNonOperatingIncome": "None", "depreciation": "None", "depreciationAndAmortization": "13839000", "incomeBeforeTax": "105041000", "incomeTaxExpense": "37815000", "interestAndDebtExpense": "None", "netIncomeFromContinuingOperations": "None", "comprehensiveIncomeNetOfTax": "None", "ebit": "88650000", "ebitda": "102489000", "netIncome": "67226000"}, {"fiscalDateEnding": "2006-12-31", "reportedCurrency": "USD", "grossProfit": "361449000", "totalRevenue": "2108507000", "costOfRevenue": "1747058000", "costofGoodsAndServicesSold": "1747058000", "operatingIncome": "95679000", "sellingGeneralAndAdministrative": "177076000", "researchAndDevelopment": "None", "operatingExpenses": "267075000", "investmentIncomeNet": "None", "netInterestIncome": "None", "interestIncome": "None", "interestExpense": "None", "nonInterestIncome": "None", "otherNonOperatingIncome": "None", "depreciation": "None", "depreciationAndAmortization": "12907000", "incomeBeforeTax": "95723000", "incomeTaxExpense": "34461000", "interestAndDebtExpense": "None", "netIncomeFromContinuingOperations": "None", "comprehensiveIncomeNetOfTax": "None", "ebit": "95679000", "ebitda": "108586000", "netIncome": "61262000"}, {"fiscalDateEnding": "2006-09-30", "reportedCurrency": "USD", "grossProfit": "252709000", "totalRevenue": "1979291000", "costOfRevenue": "1726582000", "costofGoodsAndServicesSold": "1726582000", "operatingIncome": "85773000", "sellingGeneralAndAdministrative": "167577000", "researchAndDevelopment": "None", "operatingExpenses": "167577000", "investmentIncomeNet": "None", "netInterestIncome": "None", "interestIncome": "None", "interestExpense": "None", "nonInterestIncome": "None", "otherNonOperatingIncome": "None", "depreciation": "None", "depreciationAndAmortization": "12548000", "incomeBeforeTax": "89416000", "incomeTaxExpense": "30690000", "interestAndDebtExpense": "None", "netIncomeFromContinuingOperations": "None", "comprehensiveIncomeNetOfTax": "None", "ebit": "85773000", "ebitda": "98321000", "netIncome": "58726000"}, {"fiscalDateEnding": "2006-06-30", "reportedCurrency": "USD", "grossProfit": "243265000", "totalRevenue": "1926071000", "costOfRevenue": "1682806000", "costofGoodsAndServicesSold": "1682806000", "operatingIncome": "81109000", "sellingGeneralAndAdministrative": "163694000", "researchAndDevelopment": "None", "operatingExpenses": "163694000", "investmentIncomeNet": "None", "netInterestIncome": "None", "interestIncome": "None", "interestExpense": "1951000", "nonInterestIncome": "None", "otherNonOperatingIncome": "None", "depreciation": "None", "depreciationAndAmortization": "12069000", "incomeBeforeTax": "79094000", "incomeTaxExpense": "28462000", "interestAndDebtExpense": "None", "netIncomeFromContinuingOperations": "None", "comprehensiveIncomeNetOfTax": "None", "ebit": "67502000", "ebitda": "79571000", "netIncome": "50632000"}, {"fiscalDateEnding": "2006-03-31", "reportedCurrency": "USD", "grossProfit": "226337000", "totalRevenue": "1832450000", "costOfRevenue": "1606113000", "costofGoodsAndServicesSold": "1606113000", "operatingIncome": "70216000", "sellingGeneralAndAdministrative": "156897000", "researchAndDevelopment": "None", "operatingExpenses": "156897000", "investmentIncomeNet": "None", "netInterestIncome": "None", "interestIncome": "None", "interestExpense": "1768000", "nonInterestIncome": "None", "otherNonOperatingIncome": "None", "depreciation": "None", "depreciationAndAmortization": "12094000", "incomeBeforeTax": "69550000", "incomeTaxExpense": "25050000", "interestAndDebtExpense": "None", "netIncomeFromContinuingOperations": "None", "comprehensiveIncomeNetOfTax": "None", "ebit": "57346000", "ebitda": "69440000", "netIncome": "44500000"}, {"fiscalDateEnding": "2005-12-31", "reportedCurrency": "USD", "grossProfit": "211937000", "totalRevenue": "1683458000", "costOfRevenue": "1471521000", "costofGoodsAndServicesSold": "1471521000", "operatingIncome": "68440000", "sellingGeneralAndAdministrative": "144524000", "researchAndDevelopment": "None", "operatingExpenses": "144524000", "investmentIncomeNet": "None", "netInterestIncome": "None", "interestIncome": "None", "interestExpense": "None", "nonInterestIncome": "None", "otherNonOperatingIncome": "None", "depreciation": "None", "depreciationAndAmortization": "11551000", "incomeBeforeTax": "67227000", "incomeTaxExpense": "24202000", "interestAndDebtExpense": "None", "netIncomeFromContinuingOperations": "None", "comprehensiveIncomeNetOfTax": "None", "ebit": "68440000", "ebitda": "79991000", "netIncome": "43025000"}, {"fiscalDateEnding": "2005-09-30", "reportedCurrency": "USD", "grossProfit": "207213000", "totalRevenue": "1519459000", "costOfRevenue": "1312246000", "costofGoodsAndServicesSold": "1312246000", "operatingIncome": "67758000", "sellingGeneralAndAdministrative": "139870000", "researchAndDevelopment": "None", "operatingExpenses": "139870000", "investmentIncomeNet": "None", "netInterestIncome": "None", "interestIncome": "None", "interestExpense": "None", "nonInterestIncome": "None", "otherNonOperatingIncome": "None", "depreciation": "None", "depreciationAndAmortization": "12618000", "incomeBeforeTax": "66933000", "incomeTaxExpense": "24153000", "interestAndDebtExpense": "None", "netIncomeFromContinuingOperations": "None", "comprehensiveIncomeNetOfTax": "None", "ebit": "67758000", "ebitda": "80376000", "netIncome": "42780000"}, {"fiscalDateEnding": "2005-06-30", "reportedCurrency": "USD", "grossProfit": "208877000", "totalRevenue": "1449047000", "costOfRevenue": "1240170000", "costofGoodsAndServicesSold": "1240170000", "operatingIncome": "64598000", "sellingGeneralAndAdministrative": "145104000", "researchAndDevelopment": "None", "operatingExpenses": "145104000", "investmentIncomeNet": "None", "netInterestIncome": "None", "interestIncome": "None", "interestExpense": "1486000", "nonInterestIncome": "None", "otherNonOperatingIncome": "None", "depreciation": "None", "depreciationAndAmortization": "15852000", "incomeBeforeTax": "62576000", "incomeTaxExpense": "22526000", "interestAndDebtExpense": "None", "netIncomeFromContinuingOperations": "None", "comprehensiveIncomeNetOfTax": "None", "ebit": "64598000", "ebitda": "80450000", "netIncome": "40050000"}, {"fiscalDateEnding": "2005-03-31", "reportedCurrency": "USD", "grossProfit": "201476000", "totalRevenue": "1383195000", "costOfRevenue": "1181719000", "costofGoodsAndServicesSold": "1181719000", "operatingIncome": "58887000", "sellingGeneralAndAdministrative": "143837000", "researchAndDevelopment": "None", "operatingExpenses": "143837000", "investmentIncomeNet": "None", "netInterestIncome": "None", "interestIncome": "None", "interestExpense": "1647000", "nonInterestIncome": "None", "otherNonOperatingIncome": "None", "depreciation": "None", "depreciationAndAmortization": "7605000", "incomeBeforeTax": "55721000", "incomeTaxExpense": "20061000", "interestAndDebtExpense": "None", "netIncomeFromContinuingOperations": "None", "comprehensiveIncomeNetOfTax": "None", "ebit": "58887000", "ebitda": "66492000", "netIncome": "35660000"}, {"fiscalDateEnding": "2004-12-31", "reportedCurrency": "USD", "grossProfit": "188738000", "totalRevenue": "1283300000", "costOfRevenue": "1094562000", "costofGoodsAndServicesSold": "1094562000", "operatingIncome": "53524000", "sellingGeneralAndAdministrative": "136019000", "researchAndDevelopment": "None", "operatingExpenses": "136019000", "investmentIncomeNet": "None", "netInterestIncome": "None", "interestIncome": "None", "interestExpense": "1895000", "nonInterestIncome": "None", "otherNonOperatingIncome": "None", "depreciation": "None", "depreciationAndAmortization": "11460000", "incomeBeforeTax": "50829000", "incomeTaxExpense": "18299000", "interestAndDebtExpense": "None", "netIncomeFromContinuingOperations": "None", "comprehensiveIncomeNetOfTax": "None", "ebit": "41259000", "ebitda": "52719000", "netIncome": "32530000"}]}