{"symbol": "BKNG", "annualReports": [{"fiscalDateEnding": "2024-12-31", "reportedCurrency": "USD", "grossProfit": "23739000000", "totalRevenue": "23739000000", "costOfRevenue": "None", "costofGoodsAndServicesSold": "None", "operatingIncome": "7555000000", "sellingGeneralAndAdministrative": "1036000000", "researchAndDevelopment": "None", "operatingExpenses": "16184000000", "investmentIncomeNet": "None", "netInterestIncome": "-181000000", "interestIncome": "1114000000", "interestExpense": "1295000000", "nonInterestIncome": "None", "otherNonOperatingIncome": "None", "depreciation": "None", "depreciationAndAmortization": "591000000", "incomeBeforeTax": "7292000000", "incomeTaxExpense": "1410000000", "interestAndDebtExpense": "None", "netIncomeFromContinuingOperations": "5882000000", "comprehensiveIncomeNetOfTax": "None", "ebit": "5997000000", "ebitda": "6588000000", "netIncome": "5882000000"}, {"fiscalDateEnding": "2023-12-31", "reportedCurrency": "USD", "grossProfit": "21360000000", "totalRevenue": "21365000000", "costOfRevenue": "5000000", "costofGoodsAndServicesSold": "5000000", "operatingIncome": "5835000000", "sellingGeneralAndAdministrative": "4849000000", "researchAndDevelopment": "None", "operatingExpenses": "15530000000", "investmentIncomeNet": "None", "netInterestIncome": "80000000", "interestIncome": "914000000", "interestExpense": "897000000", "nonInterestIncome": "None", "otherNonOperatingIncome": "None", "depreciation": "None", "depreciationAndAmortization": "665000000", "incomeBeforeTax": "5481000000", "incomeTaxExpense": "1192000000", "interestAndDebtExpense": "None", "netIncomeFromContinuingOperations": "5302000000", "comprehensiveIncomeNetOfTax": "None", "ebit": "6378000000", "ebitda": "7043000000", "netIncome": "4289000000"}, {"fiscalDateEnding": "2022-12-31", "reportedCurrency": "USD", "grossProfit": "16483000000", "totalRevenue": "17090000000", "costOfRevenue": "607000000", "costofGoodsAndServicesSold": "607000000", "operatingIncome": "5102000000", "sellingGeneralAndAdministrative": "3925000000", "researchAndDevelopment": "None", "operatingExpenses": "12187000000", "investmentIncomeNet": "None", "netInterestIncome": "-172000000", "interestIncome": "219000000", "interestExpense": "391000000", "nonInterestIncome": "None", "otherNonOperatingIncome": "-788000000", "depreciation": "None", "depreciationAndAmortization": "607000000", "incomeBeforeTax": "3923000000", "incomeTaxExpense": "865000000", "interestAndDebtExpense": "None", "netIncomeFromContinuingOperations": "3058000000", "comprehensiveIncomeNetOfTax": "None", "ebit": "4314000000", "ebitda": "4921000000", "netIncome": "3058000000"}, {"fiscalDateEnding": "2021-12-31", "reportedCurrency": "USD", "grossProfit": "10359000000", "totalRevenue": "10958000000", "costOfRevenue": "599000000", "costofGoodsAndServicesSold": "599000000", "operatingIncome": "1812000000", "sellingGeneralAndAdministrative": "3346000000", "researchAndDevelopment": "None", "operatingExpenses": "8449000000", "investmentIncomeNet": "None", "netInterestIncome": "-318000000", "interestIncome": "16000000", "interestExpense": "334000000", "nonInterestIncome": "None", "otherNonOperatingIncome": "-697000000", "depreciation": "None", "depreciationAndAmortization": "599000000", "incomeBeforeTax": "1465000000", "incomeTaxExpense": "300000000", "interestAndDebtExpense": "None", "netIncomeFromContinuingOperations": "1165000000", "comprehensiveIncomeNetOfTax": "None", "ebit": "1799000000", "ebitda": "2398000000", "netIncome": "1165000000"}, {"fiscalDateEnding": "2020-12-31", "reportedCurrency": "USD", "grossProfit": "6154000000", "totalRevenue": "6796000000", "costOfRevenue": "642000000", "costofGoodsAndServicesSold": "642000000", "operatingIncome": "2134000000", "sellingGeneralAndAdministrative": "2824000000", "researchAndDevelopment": "None", "operatingExpenses": "6216000000", "investmentIncomeNet": "None", "netInterestIncome": "-356000000", "interestIncome": "54000000", "interestExpense": "356000000", "nonInterestIncome": "None", "otherNonOperatingIncome": "1554000000", "depreciation": "None", "depreciationAndAmortization": "642000000", "incomeBeforeTax": "567000000", "incomeTaxExpense": "508000000", "interestAndDebtExpense": "None", "netIncomeFromContinuingOperations": "59000000", "comprehensiveIncomeNetOfTax": "None", "ebit": "923000000", "ebitda": "1565000000", "netIncome": "59000000"}, {"fiscalDateEnding": "2019-12-31", "reportedCurrency": "USD", "grossProfit": "14425000000", "totalRevenue": "15066000000", "costOfRevenue": "641000000", "costofGoodsAndServicesSold": "641000000", "operatingIncome": "5345000000", "sellingGeneralAndAdministrative": "3330000000", "researchAndDevelopment": "285000000", "operatingExpenses": "9721000000", "investmentIncomeNet": "None", "netInterestIncome": "-114000000", "interestIncome": "152000000", "interestExpense": "266000000", "nonInterestIncome": "None", "otherNonOperatingIncome": "879000000", "depreciation": "None", "depreciationAndAmortization": "641000000", "incomeBeforeTax": "5958000000", "incomeTaxExpense": "1093000000", "interestAndDebtExpense": "None", "netIncomeFromContinuingOperations": "4865000000", "comprehensiveIncomeNetOfTax": "None", "ebit": "6224000000", "ebitda": "6865000000", "netIncome": "4865000000"}, {"fiscalDateEnding": "2018-12-31", "reportedCurrency": "USD", "grossProfit": "14101000000", "totalRevenue": "14527000000", "costOfRevenue": "426000000", "costofGoodsAndServicesSold": "426000000", "operatingIncome": "5341000000", "sellingGeneralAndAdministrative": "2974000000", "researchAndDevelopment": "233000000", "operatingExpenses": "9186000000", "investmentIncomeNet": "None", "netInterestIncome": "-82000000", "interestIncome": "187000000", "interestExpense": "269000000", "nonInterestIncome": "None", "otherNonOperatingIncome": "-237000000", "depreciation": "None", "depreciationAndAmortization": "426000000", "incomeBeforeTax": "4835000000", "incomeTaxExpense": "837000000", "interestAndDebtExpense": "None", "netIncomeFromContinuingOperations": "3998000000", "comprehensiveIncomeNetOfTax": "None", "ebit": "5341000000", "ebitda": "5767000000", "netIncome": "3998000000"}, {"fiscalDateEnding": "2017-12-31", "reportedCurrency": "USD", "grossProfit": "12430545000", "totalRevenue": "12681082000", "costOfRevenue": "250537000", "costofGoodsAndServicesSold": "250537000", "operatingIncome": "4537992000", "sellingGeneralAndAdministrative": "2434466000", "researchAndDevelopment": "189344000", "operatingExpenses": "7892553000", "investmentIncomeNet": "None", "netInterestIncome": "-96782000", "interestIncome": "157194000", "interestExpense": "253976000", "nonInterestIncome": "None", "otherNonOperatingIncome": "114306000", "depreciation": "None", "depreciationAndAmortization": "363000000", "incomeBeforeTax": "4398322000", "incomeTaxExpense": "2057557000", "interestAndDebtExpense": "None", "netIncomeFromContinuingOperations": "2340765000", "comprehensiveIncomeNetOfTax": "None", "ebit": "4543000000", "ebitda": "4906000000", "netIncome": "2340765000"}, {"fiscalDateEnding": "2016-12-31", "reportedCurrency": "USD", "grossProfit": "10314692000", "totalRevenue": "10743006000", "costOfRevenue": "428314000", "costofGoodsAndServicesSold": "428314000", "operatingIncome": "2906313000", "sellingGeneralAndAdministrative": "1948334000", "researchAndDevelopment": "142393000", "operatingExpenses": "6467679000", "investmentIncomeNet": "None", "netInterestIncome": "-112954000", "interestIncome": "94946000", "interestExpense": "207900000", "nonInterestIncome": "None", "otherNonOperatingIncome": "14825000", "depreciation": "None", "depreciationAndAmortization": "309135000", "incomeBeforeTax": "2713238000", "incomeTaxExpense": "578251000", "interestAndDebtExpense": "None", "netIncomeFromContinuingOperations": "2134987000", "comprehensiveIncomeNetOfTax": "None", "ebit": "2921138000", "ebitda": "3230273000", "netIncome": "2134987000"}, {"fiscalDateEnding": "2015-12-31", "reportedCurrency": "USD", "grossProfit": "8591807000", "totalRevenue": "9223987000", "costOfRevenue": "632180000", "costofGoodsAndServicesSold": "632180000", "operatingIncome": "3258907000", "sellingGeneralAndAdministrative": "1695263000", "researchAndDevelopment": "113617000", "operatingExpenses": "5332900000", "investmentIncomeNet": "None", "netInterestIncome": "None", "interestIncome": "130587000", "interestExpense": "160229000", "nonInterestIncome": "None", "otherNonOperatingIncome": "29642000", "depreciation": "None", "depreciationAndAmortization": "272494000", "incomeBeforeTax": "3128320000", "incomeTaxExpense": "576960000", "interestAndDebtExpense": "None", "netIncomeFromContinuingOperations": "2551360000", "comprehensiveIncomeNetOfTax": "None", "ebit": "3236507000", "ebitda": "3509001000", "netIncome": "2551360000"}, {"fiscalDateEnding": "2014-12-31", "reportedCurrency": "USD", "grossProfit": "7584130000", "totalRevenue": "8441971000", "costOfRevenue": "857841000", "costofGoodsAndServicesSold": "857841000", "operatingIncome": "3073312000", "sellingGeneralAndAdministrative": "1400558000", "researchAndDevelopment": "97498000", "operatingExpenses": "4510818000", "investmentIncomeNet": "None", "netInterestIncome": "None", "interestIncome": "None", "interestExpense": "88353000", "nonInterestIncome": "None", "otherNonOperatingIncome": "4489000", "depreciation": "None", "depreciationAndAmortization": "207820000", "incomeBeforeTax": "2989448000", "incomeTaxExpense": "567695000", "interestAndDebtExpense": "None", "netIncomeFromContinuingOperations": "2421753000", "comprehensiveIncomeNetOfTax": "None", "ebit": "3080212000", "ebitda": "3288032000", "netIncome": "2421753000"}, {"fiscalDateEnding": "2013-12-31", "reportedCurrency": "USD", "grossProfit": "5715886000", "totalRevenue": "6793306000", "costOfRevenue": "1077420000", "costofGoodsAndServicesSold": "1077420000", "operatingIncome": "2412414000", "sellingGeneralAndAdministrative": "1023576000", "researchAndDevelopment": "71890000", "operatingExpenses": "3303472000", "investmentIncomeNet": "None", "netInterestIncome": "None", "interestIncome": "None", "interestExpense": "83289000", "nonInterestIncome": "None", "otherNonOperatingIncome": "-32588000", "depreciation": "None", "depreciationAndAmortization": "117975000", "incomeBeforeTax": "2296537000", "incomeTaxExpense": "403739000", "interestAndDebtExpense": "None", "netIncomeFromContinuingOperations": "1892798000", "comprehensiveIncomeNetOfTax": "None", "ebit": "2447114000", "ebitda": "2565089000", "netIncome": "1892663000"}, {"fiscalDateEnding": "2012-12-31", "reportedCurrency": "USD", "grossProfit": "4083681000", "totalRevenue": "5260956000", "costOfRevenue": "1177275000", "costofGoodsAndServicesSold": "1177275000", "operatingIncome": "1829793000", "sellingGeneralAndAdministrative": "683684000", "researchAndDevelopment": "43685000", "operatingExpenses": "2253888000", "investmentIncomeNet": "None", "netInterestIncome": "None", "interestIncome": "None", "interestExpense": "62064000", "nonInterestIncome": "None", "otherNonOperatingIncome": "-5860000", "depreciation": "None", "depreciationAndAmortization": "65141000", "incomeBeforeTax": "1761869000", "incomeTaxExpense": "337832000", "interestAndDebtExpense": "None", "netIncomeFromContinuingOperations": "1424037000", "comprehensiveIncomeNetOfTax": "None", "ebit": "1823933000", "ebitda": "1889074000", "netIncome": "1419566000"}, {"fiscalDateEnding": "2011-12-31", "reportedCurrency": "USD", "grossProfit": "3079880000", "totalRevenue": "4355610000", "costOfRevenue": "1275730000", "costofGoodsAndServicesSold": "1275730000", "operatingIncome": "1398922000", "sellingGeneralAndAdministrative": "475947000", "researchAndDevelopment": "33813000", "operatingExpenses": "1680958000", "investmentIncomeNet": "None", "netInterestIncome": "None", "interestIncome": "None", "interestExpense": "31721000", "nonInterestIncome": "None", "otherNonOperatingIncome": "593000", "depreciation": "None", "depreciationAndAmortization": "53824000", "incomeBeforeTax": "1367794000", "incomeTaxExpense": "308663000", "interestAndDebtExpense": "None", "netIncomeFromContinuingOperations": "1059131000", "comprehensiveIncomeNetOfTax": "None", "ebit": "1399515000", "ebitda": "1453339000", "netIncome": "1056371000"}, {"fiscalDateEnding": "2010-12-31", "reportedCurrency": "USD", "grossProfit": "1908971000", "totalRevenue": "3084905000", "costOfRevenue": "1175934000", "costofGoodsAndServicesSold": "1175934000", "operatingIncome": "786797000", "sellingGeneralAndAdministrative": "351256000", "researchAndDevelopment": "20998000", "operatingExpenses": "1122174000", "investmentIncomeNet": "None", "netInterestIncome": "None", "interestIncome": "None", "interestExpense": "29944000", "nonInterestIncome": "None", "otherNonOperatingIncome": "-10570000", "depreciation": "None", "depreciationAndAmortization": "50464000", "incomeBeforeTax": "746283000", "incomeTaxExpense": "218141000", "interestAndDebtExpense": "None", "netIncomeFromContinuingOperations": "528142000", "comprehensiveIncomeNetOfTax": "None", "ebit": "774827000", "ebitda": "825291000", "netIncome": "527541000"}, {"fiscalDateEnding": "2009-12-31", "reportedCurrency": "USD", "grossProfit": "1260763000", "totalRevenue": "2338212000", "costOfRevenue": "1077449000", "costofGoodsAndServicesSold": "1077449000", "operatingIncome": "470835000", "sellingGeneralAndAdministrative": "248707000", "researchAndDevelopment": "19139000", "operatingExpenses": "789928000", "investmentIncomeNet": "None", "netInterestIncome": "None", "interestIncome": "None", "interestExpense": "24084000", "nonInterestIncome": "None", "otherNonOperatingIncome": "None", "depreciation": "None", "depreciationAndAmortization": "39193000", "incomeBeforeTax": "442302000", "incomeTaxExpense": "-47168000", "interestAndDebtExpense": "None", "netIncomeFromContinuingOperations": "None", "comprehensiveIncomeNetOfTax": "None", "ebit": "465186000", "ebitda": "504379000", "netIncome": "489472000"}, {"fiscalDateEnding": "2008-12-31", "reportedCurrency": "USD", "grossProfit": "955971000", "totalRevenue": "1884806000", "costOfRevenue": "928835000", "costofGoodsAndServicesSold": "928835000", "operatingIncome": "289474000", "sellingGeneralAndAdministrative": "55267000", "researchAndDevelopment": "17956000", "operatingExpenses": "666497000", "investmentIncomeNet": "None", "netInterestIncome": "None", "interestIncome": "None", "interestExpense": "9375000", "nonInterestIncome": "None", "otherNonOperatingIncome": "None", "depreciation": "None", "depreciationAndAmortization": "43068000", "incomeBeforeTax": "295569000", "incomeTaxExpense": "98408000", "interestAndDebtExpense": "None", "netIncomeFromContinuingOperations": "None", "comprehensiveIncomeNetOfTax": "None", "ebit": "310158000", "ebitda": "353226000", "netIncome": "193473000"}, {"fiscalDateEnding": "2007-12-31", "reportedCurrency": "USD", "grossProfit": "639412000", "totalRevenue": "1409409000", "costOfRevenue": "769997000", "costofGoodsAndServicesSold": "769997000", "operatingIncome": "137935000", "sellingGeneralAndAdministrative": "241987000", "researchAndDevelopment": "13779000", "operatingExpenses": "501477000", "investmentIncomeNet": "None", "netInterestIncome": "None", "interestIncome": "None", "interestExpense": "10412000", "nonInterestIncome": "None", "otherNonOperatingIncome": "None", "depreciation": "None", "depreciationAndAmortization": "40701000", "incomeBeforeTax": "150023000", "incomeTaxExpense": "-12059000", "interestAndDebtExpense": "None", "netIncomeFromContinuingOperations": "None", "comprehensiveIncomeNetOfTax": "None", "ebit": "157234000", "ebitda": "197935000", "netIncome": "157082000"}, {"fiscalDateEnding": "2006-12-31", "reportedCurrency": "USD", "grossProfit": "401099000", "totalRevenue": "1123103000", "costOfRevenue": "722004000", "costofGoodsAndServicesSold": "722004000", "operatingIncome": "61986000", "sellingGeneralAndAdministrative": "159876000", "researchAndDevelopment": "None", "operatingExpenses": "338978000", "investmentIncomeNet": "None", "netInterestIncome": "None", "interestIncome": "None", "interestExpense": "7060000", "nonInterestIncome": "None", "otherNonOperatingIncome": "None", "depreciation": "None", "depreciationAndAmortization": "36831000", "incomeBeforeTax": "65632000", "incomeTaxExpense": "-12388000", "interestAndDebtExpense": "None", "netIncomeFromContinuingOperations": "None", "comprehensiveIncomeNetOfTax": "None", "ebit": "62121000", "ebitda": "98952000", "netIncome": "74466000"}, {"fiscalDateEnding": "2005-12-31", "reportedCurrency": "USD", "grossProfit": "267863000", "totalRevenue": "962660000", "costOfRevenue": "694797000", "costofGoodsAndServicesSold": "694797000", "operatingIncome": "35884000", "sellingGeneralAndAdministrative": "115457000", "researchAndDevelopment": "None", "operatingExpenses": "230315000", "investmentIncomeNet": "None", "netInterestIncome": "None", "interestIncome": "None", "interestExpense": "5075000", "nonInterestIncome": "None", "otherNonOperatingIncome": "None", "depreciation": "None", "depreciationAndAmortization": "28778000", "incomeBeforeTax": "35703000", "incomeTaxExpense": "-156277000", "interestAndDebtExpense": "None", "netIncomeFromContinuingOperations": "None", "comprehensiveIncomeNetOfTax": "None", "ebit": "37548000", "ebitda": "66326000", "netIncome": "192729000"}], "quarterlyReports": [{"fiscalDateEnding": "2024-12-31", "reportedCurrency": "USD", "grossProfit": "5471000000", "totalRevenue": "5471000000", "costOfRevenue": "None", "costofGoodsAndServicesSold": "None", "operatingIncome": "1729000000", "sellingGeneralAndAdministrative": "1016000000", "researchAndDevelopment": "None", "operatingExpenses": "3742000000", "investmentIncomeNet": "None", "netInterestIncome": "-256000000", "interestIncome": "251000000", "interestExpense": "507000000", "nonInterestIncome": "None", "otherNonOperatingIncome": "None", "depreciation": "None", "depreciationAndAmortization": "203000000", "incomeBeforeTax": "1564000000", "incomeTaxExpense": "496000000", "interestAndDebtExpense": "None", "netIncomeFromContinuingOperations": "1068000000", "comprehensiveIncomeNetOfTax": "None", "ebit": "2071000000", "ebitda": "2274000000", "netIncome": "1068000000"}, {"fiscalDateEnding": "2024-09-30", "reportedCurrency": "USD", "grossProfit": "7804000000", "totalRevenue": "7994000000", "costOfRevenue": "190000000", "costofGoodsAndServicesSold": "190000000", "operatingIncome": "3179000000", "sellingGeneralAndAdministrative": "1443000000", "researchAndDevelopment": "None", "operatingExpenses": "4815000000", "investmentIncomeNet": "None", "netInterestIncome": "22000000", "interestIncome": "327000000", "interestExpense": "305000000", "nonInterestIncome": "None", "otherNonOperatingIncome": "None", "depreciation": "None", "depreciationAndAmortization": "190000000", "incomeBeforeTax": "2869000000", "incomeTaxExpense": "352000000", "interestAndDebtExpense": "None", "netIncomeFromContinuingOperations": "2517000000", "comprehensiveIncomeNetOfTax": "None", "ebit": "3174000000", "ebitda": "3364000000", "netIncome": "2517000000"}, {"fiscalDateEnding": "2024-06-30", "reportedCurrency": "USD", "grossProfit": "5717000000", "totalRevenue": "5859000000", "costOfRevenue": "142000000", "costofGoodsAndServicesSold": "142000000", "operatingIncome": "1856000000", "sellingGeneralAndAdministrative": "919000000", "researchAndDevelopment": "None", "operatingExpenses": "3861000000", "investmentIncomeNet": "None", "netInterestIncome": "29000000", "interestIncome": "293000000", "interestExpense": "264000000", "nonInterestIncome": "None", "otherNonOperatingIncome": "None", "depreciation": "None", "depreciationAndAmortization": "142000000", "incomeBeforeTax": "1922000000", "incomeTaxExpense": "401000000", "interestAndDebtExpense": "None", "netIncomeFromContinuingOperations": "1521000000", "comprehensiveIncomeNetOfTax": "None", "ebit": "1874000000", "ebitda": "2016000000", "netIncome": "1521000000"}, {"fiscalDateEnding": "2024-03-31", "reportedCurrency": "USD", "grossProfit": "4238000000", "totalRevenue": "4415000000", "costOfRevenue": "177000000", "costofGoodsAndServicesSold": "177000000", "operatingIncome": "791000000", "sellingGeneralAndAdministrative": "1012000000", "researchAndDevelopment": "None", "operatingExpenses": "3447000000", "investmentIncomeNet": "None", "netInterestIncome": "24000000", "interestIncome": "243000000", "interestExpense": "219000000", "nonInterestIncome": "None", "otherNonOperatingIncome": "None", "depreciation": "None", "depreciationAndAmortization": "177000000", "incomeBeforeTax": "937000000", "incomeTaxExpense": "161000000", "interestAndDebtExpense": "None", "netIncomeFromContinuingOperations": "776000000", "comprehensiveIncomeNetOfTax": "None", "ebit": "1156000000", "ebitda": "1333000000", "netIncome": "776000000"}, {"fiscalDateEnding": "2023-12-31", "reportedCurrency": "USD", "grossProfit": "4609000000", "totalRevenue": "4784000000", "costOfRevenue": "175000000", "costofGoodsAndServicesSold": "175000000", "operatingIncome": "610000000", "sellingGeneralAndAdministrative": "1607000000", "researchAndDevelopment": "None", "operatingExpenses": "3999000000", "investmentIncomeNet": "None", "netInterestIncome": "29000000", "interestIncome": "237000000", "interestExpense": "208000000", "nonInterestIncome": "None", "otherNonOperatingIncome": "None", "depreciation": "None", "depreciationAndAmortization": "175000000", "incomeBeforeTax": "411000000", "incomeTaxExpense": "189000000", "interestAndDebtExpense": "None", "netIncomeFromContinuingOperations": "222000000", "comprehensiveIncomeNetOfTax": "None", "ebit": "619000000", "ebitda": "794000000", "netIncome": "222000000"}, {"fiscalDateEnding": "2023-09-30", "reportedCurrency": "USD", "grossProfit": "7172000000", "totalRevenue": "7341000000", "costOfRevenue": "169000000", "costofGoodsAndServicesSold": "169000000", "operatingIncome": "3103000000", "sellingGeneralAndAdministrative": "1175000000", "researchAndDevelopment": "None", "operatingExpenses": "4236000000", "investmentIncomeNet": "None", "netInterestIncome": "35000000", "interestIncome": "289000000", "interestExpense": "254000000", "nonInterestIncome": "None", "otherNonOperatingIncome": "None", "depreciation": "None", "depreciationAndAmortization": "169000000", "incomeBeforeTax": "3149000000", "incomeTaxExpense": "638000000", "interestAndDebtExpense": "None", "netIncomeFromContinuingOperations": "2511000000", "comprehensiveIncomeNetOfTax": "None", "ebit": "3403000000", "ebitda": "3572000000", "netIncome": "2511000000"}, {"fiscalDateEnding": "2023-06-30", "reportedCurrency": "USD", "grossProfit": "5302000000", "totalRevenue": "5462000000", "costOfRevenue": "160000000", "costofGoodsAndServicesSold": "160000000", "operatingIncome": "1673000000", "sellingGeneralAndAdministrative": "1056000000", "researchAndDevelopment": "None", "operatingExpenses": "3788000000", "investmentIncomeNet": "None", "netInterestIncome": "25000000", "interestIncome": "266000000", "interestExpense": "241000000", "nonInterestIncome": "None", "otherNonOperatingIncome": "186000000", "depreciation": "None", "depreciationAndAmortization": "160000000", "incomeBeforeTax": "1618000000", "incomeTaxExpense": "328000000", "interestAndDebtExpense": "None", "netIncomeFromContinuingOperations": "1290000000", "comprehensiveIncomeNetOfTax": "None", "ebit": "1859000000", "ebitda": "2019000000", "netIncome": "1290000000"}, {"fiscalDateEnding": "2023-03-31", "reportedCurrency": "USD", "grossProfit": "3617000000", "totalRevenue": "3778000000", "costOfRevenue": "161000000", "costofGoodsAndServicesSold": "161000000", "operatingIncome": "450000000", "sellingGeneralAndAdministrative": "1148000000", "researchAndDevelopment": "None", "operatingExpenses": "3327000000", "investmentIncomeNet": "None", "netInterestIncome": "-194000000", "interestIncome": "228000000", "interestExpense": "194000000", "nonInterestIncome": "None", "otherNonOperatingIncome": "47000000", "depreciation": "None", "depreciationAndAmortization": "161000000", "incomeBeforeTax": "303000000", "incomeTaxExpense": "37000000", "interestAndDebtExpense": "None", "netIncomeFromContinuingOperations": "266000000", "comprehensiveIncomeNetOfTax": "None", "ebit": "497000000", "ebitda": "658000000", "netIncome": "266000000"}, {"fiscalDateEnding": "2022-12-31", "reportedCurrency": "USD", "grossProfit": "3886000000", "totalRevenue": "4049000000", "costOfRevenue": "163000000", "costofGoodsAndServicesSold": "163000000", "operatingIncome": "1345000000", "sellingGeneralAndAdministrative": "1031000000", "researchAndDevelopment": "None", "operatingExpenses": "2943000000", "investmentIncomeNet": "None", "netInterestIncome": "-14000000", "interestIncome": "131000000", "interestExpense": "145000000", "nonInterestIncome": "None", "otherNonOperatingIncome": "252000000", "depreciation": "None", "depreciationAndAmortization": "163000000", "incomeBeforeTax": "1452000000", "incomeTaxExpense": "217000000", "interestAndDebtExpense": "None", "netIncomeFromContinuingOperations": "1235000000", "comprehensiveIncomeNetOfTax": "None", "ebit": "1597000000", "ebitda": "1760000000", "netIncome": "1235000000"}, {"fiscalDateEnding": "2022-09-30", "reportedCurrency": "USD", "grossProfit": "5907000000", "totalRevenue": "6052000000", "costOfRevenue": "145000000", "costofGoodsAndServicesSold": "145000000", "operatingIncome": "2583000000", "sellingGeneralAndAdministrative": "1027000000", "researchAndDevelopment": "None", "operatingExpenses": "3471000000", "investmentIncomeNet": "None", "netInterestIncome": "-41000000", "interestIncome": "61000000", "interestExpense": "102000000", "nonInterestIncome": "None", "otherNonOperatingIncome": "-305000000", "depreciation": "None", "depreciationAndAmortization": "145000000", "incomeBeforeTax": "2176000000", "incomeTaxExpense": "510000000", "interestAndDebtExpense": "None", "netIncomeFromContinuingOperations": "1666000000", "comprehensiveIncomeNetOfTax": "None", "ebit": "2278000000", "ebitda": "2423000000", "netIncome": "1666000000"}, {"fiscalDateEnding": "2022-06-30", "reportedCurrency": "USD", "grossProfit": "4145000000", "totalRevenue": "4294000000", "costOfRevenue": "149000000", "costofGoodsAndServicesSold": "149000000", "operatingIncome": "1000000000", "sellingGeneralAndAdministrative": "979000000", "researchAndDevelopment": "None", "operatingExpenses": "3288000000", "investmentIncomeNet": "None", "netInterestIncome": "-52000000", "interestIncome": "24000000", "interestExpense": "76000000", "nonInterestIncome": "None", "otherNonOperatingIncome": "220000000", "depreciation": "None", "depreciationAndAmortization": "149000000", "incomeBeforeTax": "1144000000", "incomeTaxExpense": "287000000", "interestAndDebtExpense": "None", "netIncomeFromContinuingOperations": "857000000", "comprehensiveIncomeNetOfTax": "None", "ebit": "1220000000", "ebitda": "1369000000", "netIncome": "857000000"}, {"fiscalDateEnding": "2022-03-31", "reportedCurrency": "USD", "grossProfit": "2545000000", "totalRevenue": "2695000000", "costOfRevenue": "150000000", "costofGoodsAndServicesSold": "150000000", "operatingIncome": "174000000", "sellingGeneralAndAdministrative": "888000000", "researchAndDevelopment": "None", "operatingExpenses": "2485000000", "investmentIncomeNet": "None", "netInterestIncome": "-68000000", "interestIncome": "None", "interestExpense": "68000000", "nonInterestIncome": "None", "otherNonOperatingIncome": "-955000000", "depreciation": "None", "depreciationAndAmortization": "150000000", "incomeBeforeTax": "-849000000", "incomeTaxExpense": "-149000000", "interestAndDebtExpense": "None", "netIncomeFromContinuingOperations": "-700000000", "comprehensiveIncomeNetOfTax": "None", "ebit": "-781000000", "ebitda": "-631000000", "netIncome": "-700000000"}, {"fiscalDateEnding": "2021-12-31", "reportedCurrency": "USD", "grossProfit": "2840000000", "totalRevenue": "2981000000", "costOfRevenue": "141000000", "costofGoodsAndServicesSold": "141000000", "operatingIncome": "848000000", "sellingGeneralAndAdministrative": "796000000", "researchAndDevelopment": "None", "operatingExpenses": "2129000000", "investmentIncomeNet": "None", "netInterestIncome": "-71000000", "interestIncome": "4000000", "interestExpense": "75000000", "nonInterestIncome": "None", "otherNonOperatingIncome": "43000000", "depreciation": "None", "depreciationAndAmortization": "141000000", "incomeBeforeTax": "816000000", "incomeTaxExpense": "198000000", "interestAndDebtExpense": "None", "netIncomeFromContinuingOperations": "618000000", "comprehensiveIncomeNetOfTax": "None", "ebit": "891000000", "ebitda": "1032000000", "netIncome": "618000000"}, {"fiscalDateEnding": "2021-09-30", "reportedCurrency": "USD", "grossProfit": "4530000000", "totalRevenue": "4676000000", "costOfRevenue": "146000000", "costofGoodsAndServicesSold": "146000000", "operatingIncome": "2015000000", "sellingGeneralAndAdministrative": "879000000", "researchAndDevelopment": "None", "operatingExpenses": "2661000000", "investmentIncomeNet": "None", "netInterestIncome": "-76000000", "interestIncome": "4000000", "interestExpense": "80000000", "nonInterestIncome": "None", "otherNonOperatingIncome": "-967000000", "depreciation": "None", "depreciationAndAmortization": "146000000", "incomeBeforeTax": "968000000", "incomeTaxExpense": "199000000", "interestAndDebtExpense": "None", "netIncomeFromContinuingOperations": "769000000", "comprehensiveIncomeNetOfTax": "None", "ebit": "1048000000", "ebitda": "1194000000", "netIncome": "769000000"}, {"fiscalDateEnding": "2021-06-30", "reportedCurrency": "USD", "grossProfit": "2006000000", "totalRevenue": "2160000000", "costOfRevenue": "154000000", "costofGoodsAndServicesSold": "154000000", "operatingIncome": "-56000000", "sellingGeneralAndAdministrative": "913000000", "researchAndDevelopment": "None", "operatingExpenses": "2215000000", "investmentIncomeNet": "None", "netInterestIncome": "-77000000", "interestIncome": "4000000", "interestExpense": "81000000", "nonInterestIncome": "None", "otherNonOperatingIncome": "96000000", "depreciation": "None", "depreciationAndAmortization": "154000000", "incomeBeforeTax": "-41000000", "incomeTaxExpense": "126000000", "interestAndDebtExpense": "None", "netIncomeFromContinuingOperations": "-167000000", "comprehensiveIncomeNetOfTax": "None", "ebit": "40000000", "ebitda": "194000000", "netIncome": "-167000000"}, {"fiscalDateEnding": "2021-03-31", "reportedCurrency": "USD", "grossProfit": "983000000", "totalRevenue": "1141000000", "costOfRevenue": "158000000", "costofGoodsAndServicesSold": "158000000", "operatingIncome": "-311000000", "sellingGeneralAndAdministrative": "758000000", "researchAndDevelopment": "None", "operatingExpenses": "1444000000", "investmentIncomeNet": "None", "netInterestIncome": "-94000000", "interestIncome": "4000000", "interestExpense": "98000000", "nonInterestIncome": "None", "otherNonOperatingIncome": "131000000", "depreciation": "None", "depreciationAndAmortization": "158000000", "incomeBeforeTax": "-278000000", "incomeTaxExpense": "-223000000", "interestAndDebtExpense": "None", "netIncomeFromContinuingOperations": "-55000000", "comprehensiveIncomeNetOfTax": "None", "ebit": "-180000000", "ebitda": "-22000000", "netIncome": "-55000000"}, {"fiscalDateEnding": "2020-12-31", "reportedCurrency": "USD", "grossProfit": "670000000", "totalRevenue": "1238000000", "costOfRevenue": "568000000", "costofGoodsAndServicesSold": "568000000", "operatingIncome": "-153000000", "sellingGeneralAndAdministrative": "699000000", "researchAndDevelopment": "None", "operatingExpenses": "1317000000", "investmentIncomeNet": "None", "netInterestIncome": "-98000000", "interestIncome": "5000000", "interestExpense": "98000000", "nonInterestIncome": "None", "otherNonOperatingIncome": "496000000", "depreciation": "None", "depreciationAndAmortization": "161000000", "incomeBeforeTax": "245000000", "incomeTaxExpense": "410000000", "interestAndDebtExpense": "None", "netIncomeFromContinuingOperations": "-165000000", "comprehensiveIncomeNetOfTax": "None", "ebit": "343000000", "ebitda": "504000000", "netIncome": "-165000000"}, {"fiscalDateEnding": "2020-09-30", "reportedCurrency": "USD", "grossProfit": "2101000000", "totalRevenue": "2640000000", "costOfRevenue": "539000000", "costofGoodsAndServicesSold": "539000000", "operatingIncome": "315000000", "sellingGeneralAndAdministrative": "736000000", "researchAndDevelopment": "None", "operatingExpenses": "1711000000", "investmentIncomeNet": "None", "netInterestIncome": "-93000000", "interestIncome": "5000000", "interestExpense": "98000000", "nonInterestIncome": "None", "otherNonOperatingIncome": "618000000", "depreciation": "None", "depreciationAndAmortization": "115000000", "incomeBeforeTax": "835000000", "incomeTaxExpense": "34000000", "interestAndDebtExpense": "None", "netIncomeFromContinuingOperations": "801000000", "comprehensiveIncomeNetOfTax": "None", "ebit": "934000000", "ebitda": "1049000000", "netIncome": "801000000"}, {"fiscalDateEnding": "2020-06-30", "reportedCurrency": "USD", "grossProfit": "178000000", "totalRevenue": "630000000", "costOfRevenue": "452000000", "costofGoodsAndServicesSold": "452000000", "operatingIncome": "-484000000", "sellingGeneralAndAdministrative": "626000000", "researchAndDevelopment": "None", "operatingExpenses": "1080000000", "investmentIncomeNet": "None", "netInterestIncome": "-84000000", "interestIncome": "12000000", "interestExpense": "96000000", "nonInterestIncome": "None", "otherNonOperatingIncome": "789000000", "depreciation": "None", "depreciationAndAmortization": "157000000", "incomeBeforeTax": "209000000", "incomeTaxExpense": "87000000", "interestAndDebtExpense": "None", "netIncomeFromContinuingOperations": "122000000", "comprehensiveIncomeNetOfTax": "None", "ebit": "305000000", "ebitda": "462000000", "netIncome": "122000000"}, {"fiscalDateEnding": "2020-03-31", "reportedCurrency": "USD", "grossProfit": "1804000000", "totalRevenue": "2288000000", "costOfRevenue": "484000000", "costofGoodsAndServicesSold": "484000000", "operatingIncome": "-309000000", "sellingGeneralAndAdministrative": "763000000", "researchAndDevelopment": "None", "operatingExpenses": "2108000000", "investmentIncomeNet": "None", "netInterestIncome": "-32000000", "interestIncome": "32000000", "interestExpense": "64000000", "nonInterestIncome": "None", "otherNonOperatingIncome": "-349000000", "depreciation": "None", "depreciationAndAmortization": "163000000", "incomeBeforeTax": "-722000000", "incomeTaxExpense": "-23000000", "interestAndDebtExpense": "None", "netIncomeFromContinuingOperations": "-699000000", "comprehensiveIncomeNetOfTax": "None", "ebit": "-658000000", "ebitda": "-495000000", "netIncome": "-699000000"}, {"fiscalDateEnding": "2019-12-31", "reportedCurrency": "USD", "grossProfit": "712000000", "totalRevenue": "3339000000", "costOfRevenue": "2627000000", "costofGoodsAndServicesSold": "2627000000", "operatingIncome": "1172000000", "sellingGeneralAndAdministrative": "842000000", "researchAndDevelopment": "79000000", "operatingExpenses": "2167000000", "investmentIncomeNet": "None", "netInterestIncome": "-23000000", "interestIncome": "39000000", "interestExpense": "62000000", "nonInterestIncome": "None", "otherNonOperatingIncome": "310000000", "depreciation": "None", "depreciationAndAmortization": "117000000", "incomeBeforeTax": "1420000000", "incomeTaxExpense": "249000000", "interestAndDebtExpense": "None", "netIncomeFromContinuingOperations": "1171000000", "comprehensiveIncomeNetOfTax": "None", "ebit": "1172000000", "ebitda": "1289000000", "netIncome": "1171000000"}, {"fiscalDateEnding": "2019-09-30", "reportedCurrency": "USD", "grossProfit": "4474000000", "totalRevenue": "5040000000", "costOfRevenue": "566000000", "costofGoodsAndServicesSold": "566000000", "operatingIncome": "2370000000", "sellingGeneralAndAdministrative": "862000000", "researchAndDevelopment": "71000000", "operatingExpenses": "2670000000", "investmentIncomeNet": "None", "netInterestIncome": "-26000000", "interestIncome": "44000000", "interestExpense": "70000000", "nonInterestIncome": "None", "otherNonOperatingIncome": "63000000", "depreciation": "None", "depreciationAndAmortization": "159000000", "incomeBeforeTax": "2363000000", "incomeTaxExpense": "413000000", "interestAndDebtExpense": "None", "netIncomeFromContinuingOperations": "1950000000", "comprehensiveIncomeNetOfTax": "None", "ebit": "2433000000", "ebitda": "2592000000", "netIncome": "1950000000"}, {"fiscalDateEnding": "2019-06-30", "reportedCurrency": "USD", "grossProfit": "3231000000", "totalRevenue": "3850000000", "costOfRevenue": "619000000", "costofGoodsAndServicesSold": "619000000", "operatingIncome": "1247000000", "sellingGeneralAndAdministrative": "869000000", "researchAndDevelopment": "70000000", "operatingExpenses": "2603000000", "investmentIncomeNet": "None", "netInterestIncome": "-34000000", "interestIncome": "34000000", "interestExpense": "68000000", "nonInterestIncome": "None", "otherNonOperatingIncome": "28000000", "depreciation": "None", "depreciationAndAmortization": "119000000", "incomeBeforeTax": "1207000000", "incomeTaxExpense": "228000000", "interestAndDebtExpense": "None", "netIncomeFromContinuingOperations": "979000000", "comprehensiveIncomeNetOfTax": "None", "ebit": "1247000000", "ebitda": "1366000000", "netIncome": "979000000"}, {"fiscalDateEnding": "2019-03-31", "reportedCurrency": "USD", "grossProfit": "2336000000", "totalRevenue": "2837000000", "costOfRevenue": "501000000", "costofGoodsAndServicesSold": "501000000", "operatingIncome": "556000000", "sellingGeneralAndAdministrative": "757000000", "researchAndDevelopment": "65000000", "operatingExpenses": "2281000000", "investmentIncomeNet": "None", "netInterestIncome": "-31000000", "interestIncome": "412000000", "interestExpense": "66000000", "nonInterestIncome": "None", "otherNonOperatingIncome": "478000000", "depreciation": "None", "depreciationAndAmortization": "158000000", "incomeBeforeTax": "968000000", "incomeTaxExpense": "203000000", "interestAndDebtExpense": "None", "netIncomeFromContinuingOperations": "765000000", "comprehensiveIncomeNetOfTax": "None", "ebit": "1034000000", "ebitda": "1192000000", "netIncome": "765000000"}, {"fiscalDateEnding": "2018-12-31", "reportedCurrency": "USD", "grossProfit": "1125000000", "totalRevenue": "3213000000", "costOfRevenue": "2088000000", "costofGoodsAndServicesSold": "2088000000", "operatingIncome": "1143000000", "sellingGeneralAndAdministrative": "734000000", "researchAndDevelopment": "56000000", "operatingExpenses": "2070000000", "investmentIncomeNet": "None", "netInterestIncome": "None", "interestIncome": "None", "interestExpense": "66000000", "nonInterestIncome": "None", "otherNonOperatingIncome": "-445257000", "depreciation": "None", "depreciationAndAmortization": "109000000", "incomeBeforeTax": "632000000", "incomeTaxExpense": "-14000000", "interestAndDebtExpense": "None", "netIncomeFromContinuingOperations": "645840000", "comprehensiveIncomeNetOfTax": "None", "ebit": "698000000", "ebitda": "807000000", "netIncome": "646000000"}, {"fiscalDateEnding": "2018-09-30", "reportedCurrency": "USD", "grossProfit": "4312090000", "totalRevenue": "4849090000", "costOfRevenue": "537000000", "costofGoodsAndServicesSold": "537000000", "operatingIncome": "2246589000", "sellingGeneralAndAdministrative": "777705000", "researchAndDevelopment": "57742000", "operatingExpenses": "2602501000", "investmentIncomeNet": "None", "netInterestIncome": "None", "interestIncome": "None", "interestExpense": "68170000", "nonInterestIncome": "None", "otherNonOperatingIncome": "62427000", "depreciation": "None", "depreciationAndAmortization": "107641000", "incomeBeforeTax": "2240846000", "incomeTaxExpense": "473268000", "interestAndDebtExpense": "None", "netIncomeFromContinuingOperations": "1767578000", "comprehensiveIncomeNetOfTax": "None", "ebit": "2309016000", "ebitda": "2416657000", "netIncome": "1767578000"}, {"fiscalDateEnding": "2018-06-30", "reportedCurrency": "USD", "grossProfit": "3015094000", "totalRevenue": "3537094000", "costOfRevenue": "522000000", "costofGoodsAndServicesSold": "522000000", "operatingIncome": "1221255000", "sellingGeneralAndAdministrative": "739953000", "researchAndDevelopment": "58950000", "operatingExpenses": "2315839000", "investmentIncomeNet": "None", "netInterestIncome": "None", "interestIncome": "None", "interestExpense": "64837000", "nonInterestIncome": "None", "otherNonOperatingIncome": "52493000", "depreciation": "None", "depreciationAndAmortization": "106666000", "incomeBeforeTax": "1208911000", "incomeTaxExpense": "231539000", "interestAndDebtExpense": "None", "netIncomeFromContinuingOperations": "977372000", "comprehensiveIncomeNetOfTax": "None", "ebit": "1273748000", "ebitda": "1380414000", "netIncome": "977372000"}, {"fiscalDateEnding": "2018-03-31", "reportedCurrency": "USD", "grossProfit": "2429201000", "totalRevenue": "2928201000", "costOfRevenue": "499000000", "costofGoodsAndServicesSold": "499000000", "operatingIncome": "730235000", "sellingGeneralAndAdministrative": "721467000", "researchAndDevelopment": "60441000", "operatingExpenses": "2197966000", "investmentIncomeNet": "None", "netInterestIncome": "None", "interestIncome": "None", "interestExpense": "70235000", "nonInterestIncome": "None", "otherNonOperatingIncome": "93337000", "depreciation": "None", "depreciationAndAmortization": "103090000", "incomeBeforeTax": "753337000", "incomeTaxExpense": "146127000", "interestAndDebtExpense": "None", "netIncomeFromContinuingOperations": "607210000", "comprehensiveIncomeNetOfTax": "None", "ebit": "823572000", "ebitda": "926662000", "netIncome": "607210000"}, {"fiscalDateEnding": "2017-12-31", "reportedCurrency": "USD", "grossProfit": "2769943000", "totalRevenue": "2803093000", "costOfRevenue": "33150000", "costofGoodsAndServicesSold": "33150000", "operatingIncome": "986470000", "sellingGeneralAndAdministrative": "661609000", "researchAndDevelopment": "56667000", "operatingExpenses": "1783473000", "investmentIncomeNet": "None", "netInterestIncome": "None", "interestIncome": "None", "interestExpense": "70979000", "nonInterestIncome": "None", "otherNonOperatingIncome": "25259000", "depreciation": "None", "depreciationAndAmortization": "97562000", "incomeBeforeTax": "940750000", "incomeTaxExpense": "1496208000", "interestAndDebtExpense": "None", "netIncomeFromContinuingOperations": "-555458000", "comprehensiveIncomeNetOfTax": "None", "ebit": "1011729000", "ebitda": "1109291000", "netIncome": "-555458000"}, {"fiscalDateEnding": "2017-09-30", "reportedCurrency": "USD", "grossProfit": "4374553000", "totalRevenue": "4434029000", "costOfRevenue": "59476000", "costofGoodsAndServicesSold": "59476000", "operatingIncome": "2101801000", "sellingGeneralAndAdministrative": "674162000", "researchAndDevelopment": "47901000", "operatingExpenses": "2272752000", "investmentIncomeNet": "None", "netInterestIncome": "None", "interestIncome": "None", "interestExpense": "66338000", "nonInterestIncome": "None", "otherNonOperatingIncome": "31382000", "depreciation": "None", "depreciationAndAmortization": "95910000", "incomeBeforeTax": "2066845000", "incomeTaxExpense": "346454000", "interestAndDebtExpense": "None", "netIncomeFromContinuingOperations": "1720391000", "comprehensiveIncomeNetOfTax": "None", "ebit": "2101801000", "ebitda": "2197711000", "netIncome": "1720391000"}, {"fiscalDateEnding": "2017-06-30", "reportedCurrency": "USD", "grossProfit": "2951814000", "totalRevenue": "3024556000", "costOfRevenue": "72742000", "costofGoodsAndServicesSold": "72742000", "operatingIncome": "893259000", "sellingGeneralAndAdministrative": "572173000", "researchAndDevelopment": "44831000", "operatingExpenses": "2058555000", "investmentIncomeNet": "None", "netInterestIncome": "None", "interestIncome": "None", "interestExpense": "60942000", "nonInterestIncome": "None", "otherNonOperatingIncome": "30800000", "depreciation": "None", "depreciationAndAmortization": "85872000", "incomeBeforeTax": "863117000", "incomeTaxExpense": "142908000", "interestAndDebtExpense": "None", "netIncomeFromContinuingOperations": "720209000", "comprehensiveIncomeNetOfTax": "None", "ebit": "893259000", "ebitda": "979131000", "netIncome": "720209000"}, {"fiscalDateEnding": "2017-03-31", "reportedCurrency": "USD", "grossProfit": "2334235000", "totalRevenue": "2419404000", "costOfRevenue": "85169000", "costofGoodsAndServicesSold": "85169000", "operatingIncome": "556462000", "sellingGeneralAndAdministrative": "526522000", "researchAndDevelopment": "39945000", "operatingExpenses": "1777773000", "investmentIncomeNet": "None", "netInterestIncome": "None", "interestIncome": "None", "interestExpense": "55717000", "nonInterestIncome": "None", "otherNonOperatingIncome": "26865000", "depreciation": "None", "depreciationAndAmortization": "83430000", "incomeBeforeTax": "527610000", "incomeTaxExpense": "71987000", "interestAndDebtExpense": "None", "netIncomeFromContinuingOperations": "455623000", "comprehensiveIncomeNetOfTax": "None", "ebit": "556462000", "ebitda": "639892000", "netIncome": "455623000"}, {"fiscalDateEnding": "2016-12-31", "reportedCurrency": "USD", "grossProfit": "2276361000", "totalRevenue": "2348433000", "costOfRevenue": "72072000", "costofGoodsAndServicesSold": "72072000", "operatingIncome": "790361000", "sellingGeneralAndAdministrative": "514472000", "researchAndDevelopment": "37419000", "operatingExpenses": "1486000000", "investmentIncomeNet": "None", "netInterestIncome": "None", "interestIncome": "None", "interestExpense": "55236000", "nonInterestIncome": "None", "otherNonOperatingIncome": "27538000", "depreciation": "None", "depreciationAndAmortization": "79807000", "incomeBeforeTax": "762663000", "incomeTaxExpense": "88755000", "interestAndDebtExpense": "None", "netIncomeFromContinuingOperations": "673908000", "comprehensiveIncomeNetOfTax": "None", "ebit": "785261000", "ebitda": "865068000", "netIncome": "673908000"}, {"fiscalDateEnding": "2016-09-30", "reportedCurrency": "USD", "grossProfit": "3589063000", "totalRevenue": "3690552000", "costOfRevenue": "101489000", "costofGoodsAndServicesSold": "101489000", "operatingIncome": "833227000", "sellingGeneralAndAdministrative": "498585000", "researchAndDevelopment": "36389000", "operatingExpenses": "1815136000", "investmentIncomeNet": "None", "netInterestIncome": "None", "interestIncome": "None", "interestExpense": "55480000", "nonInterestIncome": "None", "otherNonOperatingIncome": "19787000", "depreciation": "None", "depreciationAndAmortization": "78745000", "incomeBeforeTax": "797534000", "incomeTaxExpense": "291517000", "interestAndDebtExpense": "None", "netIncomeFromContinuingOperations": "506017000", "comprehensiveIncomeNetOfTax": "None", "ebit": "1773927000", "ebitda": "1852672000", "netIncome": "506017000"}, {"fiscalDateEnding": "2016-06-30", "reportedCurrency": "USD", "grossProfit": "2429818000", "totalRevenue": "2555902000", "costOfRevenue": "126084000", "costofGoodsAndServicesSold": "126084000", "operatingIncome": "732407000", "sellingGeneralAndAdministrative": "481093000", "researchAndDevelopment": "35797000", "operatingExpenses": "1697411000", "investmentIncomeNet": "None", "netInterestIncome": "None", "interestIncome": "None", "interestExpense": "50290000", "nonInterestIncome": "None", "otherNonOperatingIncome": "10431000", "depreciation": "None", "depreciationAndAmortization": "77712000", "incomeBeforeTax": "692548000", "incomeTaxExpense": "111910000", "interestAndDebtExpense": "None", "netIncomeFromContinuingOperations": "580638000", "comprehensiveIncomeNetOfTax": "None", "ebit": "732407000", "ebitda": "810119000", "netIncome": "580638000"}, {"fiscalDateEnding": "2016-03-31", "reportedCurrency": "USD", "grossProfit": "2019450000", "totalRevenue": "2148119000", "costOfRevenue": "128669000", "costofGoodsAndServicesSold": "128669000", "operatingIncome": "550318000", "sellingGeneralAndAdministrative": "454184000", "researchAndDevelopment": "32788000", "operatingExpenses": "1469132000", "investmentIncomeNet": "None", "netInterestIncome": "None", "interestIncome": "None", "interestExpense": "46894000", "nonInterestIncome": "None", "otherNonOperatingIncome": "-42931000", "depreciation": "None", "depreciationAndAmortization": "72871000", "incomeBeforeTax": "460493000", "incomeTaxExpense": "86069000", "interestAndDebtExpense": "None", "netIncomeFromContinuingOperations": "374424000", "comprehensiveIncomeNetOfTax": "None", "ebit": "550318000", "ebitda": "623189000", "netIncome": "374424000"}, {"fiscalDateEnding": "2015-12-31", "reportedCurrency": "USD", "grossProfit": "1879383000", "totalRevenue": "1999995000", "costOfRevenue": "120612000", "costofGoodsAndServicesSold": "120612000", "operatingIncome": "657900000", "sellingGeneralAndAdministrative": "451618000", "researchAndDevelopment": "32270000", "operatingExpenses": "1221483000", "investmentIncomeNet": "None", "netInterestIncome": "None", "interestIncome": "None", "interestExpense": "43767000", "nonInterestIncome": "None", "otherNonOperatingIncome": "2397000", "depreciation": "None", "depreciationAndAmortization": "70764000", "incomeBeforeTax": "616530000", "incomeTaxExpense": "112261000", "interestAndDebtExpense": "None", "netIncomeFromContinuingOperations": "504269000", "comprehensiveIncomeNetOfTax": "None", "ebit": "657900000", "ebitda": "728664000", "netIncome": "504269000"}, {"fiscalDateEnding": "2015-09-30", "reportedCurrency": "USD", "grossProfit": "2947282000", "totalRevenue": "3102901000", "costOfRevenue": "155619000", "costofGoodsAndServicesSold": "155619000", "operatingIncome": "1488707000", "sellingGeneralAndAdministrative": "443865000", "researchAndDevelopment": "28830000", "operatingExpenses": "1458575000", "investmentIncomeNet": "None", "netInterestIncome": "None", "interestIncome": "None", "interestExpense": "41436000", "nonInterestIncome": "None", "otherNonOperatingIncome": "8899000", "depreciation": "None", "depreciationAndAmortization": "69054000", "incomeBeforeTax": "1456170000", "incomeTaxExpense": "259438000", "interestAndDebtExpense": "None", "netIncomeFromContinuingOperations": "1196732000", "comprehensiveIncomeNetOfTax": "None", "ebit": "1482707000", "ebitda": "1551761000", "netIncome": "1196732000"}, {"fiscalDateEnding": "2015-06-30", "reportedCurrency": "USD", "grossProfit": "2092906000", "totalRevenue": "2280397000", "costOfRevenue": "187491000", "costofGoodsAndServicesSold": "187491000", "operatingIncome": "678331000", "sellingGeneralAndAdministrative": "415257000", "researchAndDevelopment": "27156000", "operatingExpenses": "1414575000", "investmentIncomeNet": "None", "netInterestIncome": "None", "interestIncome": "None", "interestExpense": "41547000", "nonInterestIncome": "None", "otherNonOperatingIncome": "11593000", "depreciation": "None", "depreciationAndAmortization": "67674000", "incomeBeforeTax": "648377000", "incomeTaxExpense": "131345000", "interestAndDebtExpense": "None", "netIncomeFromContinuingOperations": "517032000", "comprehensiveIncomeNetOfTax": "None", "ebit": "678331000", "ebitda": "746005000", "netIncome": "517032000"}, {"fiscalDateEnding": "2015-03-31", "reportedCurrency": "USD", "grossProfit": "1672236000", "totalRevenue": "1840694000", "costOfRevenue": "168458000", "costofGoodsAndServicesSold": "168458000", "operatingIncome": "433969000", "sellingGeneralAndAdministrative": "384523000", "researchAndDevelopment": "25361000", "operatingExpenses": "1238267000", "investmentIncomeNet": "None", "netInterestIncome": "None", "interestIncome": "None", "interestExpense": "33479000", "nonInterestIncome": "None", "otherNonOperatingIncome": "6753000", "depreciation": "None", "depreciationAndAmortization": "65002000", "incomeBeforeTax": "407243000", "incomeTaxExpense": "73916000", "interestAndDebtExpense": "None", "netIncomeFromContinuingOperations": "333327000", "comprehensiveIncomeNetOfTax": "None", "ebit": "417569000", "ebitda": "482571000", "netIncome": "333327000"}, {"fiscalDateEnding": "2014-12-31", "reportedCurrency": "USD", "grossProfit": "1674685000", "totalRevenue": "1840097000", "costOfRevenue": "165412000", "costofGoodsAndServicesSold": "165412000", "operatingIncome": "578867000", "sellingGeneralAndAdministrative": "390686000", "researchAndDevelopment": "25430000", "operatingExpenses": "1095818000", "investmentIncomeNet": "None", "netInterestIncome": "None", "interestIncome": "None", "interestExpense": "30549000", "nonInterestIncome": "None", "otherNonOperatingIncome": "3723000", "depreciation": "None", "depreciationAndAmortization": "71558000", "incomeBeforeTax": "552041000", "incomeTaxExpense": "100210000", "interestAndDebtExpense": "None", "netIncomeFromContinuingOperations": "451831000", "comprehensiveIncomeNetOfTax": "None", "ebit": "585767000", "ebitda": "657325000", "netIncome": "451831000"}, {"fiscalDateEnding": "2014-09-30", "reportedCurrency": "USD", "grossProfit": "2619978000", "totalRevenue": "2836497000", "costOfRevenue": "216519000", "costofGoodsAndServicesSold": "216519000", "operatingIncome": "1322705000", "sellingGeneralAndAdministrative": "382175000", "researchAndDevelopment": "24802000", "operatingExpenses": "1297273000", "investmentIncomeNet": "None", "netInterestIncome": "None", "interestIncome": "None", "interestExpense": "22953000", "nonInterestIncome": "None", "otherNonOperatingIncome": "5837000", "depreciation": "None", "depreciationAndAmortization": "57599000", "incomeBeforeTax": "1305589000", "incomeTaxExpense": "243336000", "interestAndDebtExpense": "None", "netIncomeFromContinuingOperations": "1062253000", "comprehensiveIncomeNetOfTax": "None", "ebit": "1322705000", "ebitda": "1380304000", "netIncome": "1062253000"}, {"fiscalDateEnding": "2014-06-30", "reportedCurrency": "USD", "grossProfit": "1882996000", "totalRevenue": "2123575000", "costOfRevenue": "240579000", "costofGoodsAndServicesSold": "240579000", "operatingIncome": "733014000", "sellingGeneralAndAdministrative": "336961000", "researchAndDevelopment": "24042000", "operatingExpenses": "1149982000", "investmentIncomeNet": "None", "netInterestIncome": "None", "interestIncome": "None", "interestExpense": "17106000", "nonInterestIncome": "None", "otherNonOperatingIncome": "-143000", "depreciation": "None", "depreciationAndAmortization": "40287000", "incomeBeforeTax": "715765000", "incomeTaxExpense": "139314000", "interestAndDebtExpense": "None", "netIncomeFromContinuingOperations": "576451000", "comprehensiveIncomeNetOfTax": "None", "ebit": "733014000", "ebitda": "773301000", "netIncome": "576451000"}, {"fiscalDateEnding": "2014-03-31", "reportedCurrency": "USD", "grossProfit": "1406471000", "totalRevenue": "1641802000", "costOfRevenue": "235331000", "costofGoodsAndServicesSold": "235331000", "operatingIncome": "438726000", "sellingGeneralAndAdministrative": "290736000", "researchAndDevelopment": "23224000", "operatingExpenses": "967745000", "investmentIncomeNet": "None", "netInterestIncome": "None", "interestIncome": "None", "interestExpense": "17745000", "nonInterestIncome": "None", "otherNonOperatingIncome": "-4928000", "depreciation": "None", "depreciationAndAmortization": "38376000", "incomeBeforeTax": "416053000", "incomeTaxExpense": "84835000", "interestAndDebtExpense": "None", "netIncomeFromContinuingOperations": "331218000", "comprehensiveIncomeNetOfTax": "None", "ebit": "438726000", "ebitda": "477102000", "netIncome": "331218000"}, {"fiscalDateEnding": "2013-12-31", "reportedCurrency": "USD", "grossProfit": "1333301000", "totalRevenue": "1541153000", "costOfRevenue": "207852000", "costofGoodsAndServicesSold": "207852000", "operatingIncome": "500847000", "sellingGeneralAndAdministrative": "310006000", "researchAndDevelopment": "23173000", "operatingExpenses": "832454000", "investmentIncomeNet": "None", "netInterestIncome": "None", "interestIncome": "None", "interestExpense": "22192000", "nonInterestIncome": "None", "otherNonOperatingIncome": "-28468000", "depreciation": "None", "depreciationAndAmortization": "37121000", "incomeBeforeTax": "450187000", "incomeTaxExpense": "72110000", "interestAndDebtExpense": "None", "netIncomeFromContinuingOperations": "378077000", "comprehensiveIncomeNetOfTax": "None", "ebit": "506447000", "ebitda": "543568000", "netIncome": "378077000"}, {"fiscalDateEnding": "2013-09-30", "reportedCurrency": "USD", "grossProfit": "1989065000", "totalRevenue": "2269903000", "costOfRevenue": "280838000", "costofGoodsAndServicesSold": "280838000", "operatingIncome": "1046897000", "sellingGeneralAndAdministrative": "268092000", "researchAndDevelopment": "18536000", "operatingExpenses": "942168000", "investmentIncomeNet": "None", "netInterestIncome": "None", "interestIncome": "None", "interestExpense": "24135000", "nonInterestIncome": "None", "otherNonOperatingIncome": "-2411000", "depreciation": "None", "depreciationAndAmortization": "35747000", "incomeBeforeTax": "1020351000", "incomeTaxExpense": "187362000", "interestAndDebtExpense": "None", "netIncomeFromContinuingOperations": "832989000", "comprehensiveIncomeNetOfTax": "None", "ebit": "1046997000", "ebitda": "1082744000", "netIncome": "832989000"}, {"fiscalDateEnding": "2013-06-30", "reportedCurrency": "USD", "grossProfit": "1383855000", "totalRevenue": "1680238000", "costOfRevenue": "296383000", "costofGoodsAndServicesSold": "296383000", "operatingIncome": "554831000", "sellingGeneralAndAdministrative": "247877000", "researchAndDevelopment": "16959000", "operatingExpenses": "829024000", "investmentIncomeNet": "None", "netInterestIncome": "None", "interestIncome": "None", "interestExpense": "19633000", "nonInterestIncome": "None", "otherNonOperatingIncome": "359000", "depreciation": "None", "depreciationAndAmortization": "26027000", "incomeBeforeTax": "535557000", "incomeTaxExpense": "98117000", "interestAndDebtExpense": "None", "netIncomeFromContinuingOperations": "437440000", "comprehensiveIncomeNetOfTax": "None", "ebit": "555190000", "ebitda": "581217000", "netIncome": "437326000"}, {"fiscalDateEnding": "2013-03-31", "reportedCurrency": "USD", "grossProfit": "1009665000", "totalRevenue": "1302012000", "costOfRevenue": "292347000", "costofGoodsAndServicesSold": "292347000", "operatingIncome": "309839000", "sellingGeneralAndAdministrative": "197601000", "researchAndDevelopment": "13222000", "operatingExpenses": "699826000", "investmentIncomeNet": "None", "netInterestIncome": "None", "interestIncome": "None", "interestExpense": "17329000", "nonInterestIncome": "None", "otherNonOperatingIncome": "-2068000", "depreciation": "None", "depreciationAndAmortization": "19080000", "incomeBeforeTax": "290442000", "incomeTaxExpense": "46150000", "interestAndDebtExpense": "None", "netIncomeFromContinuingOperations": "244292000", "comprehensiveIncomeNetOfTax": "None", "ebit": "310713000", "ebitda": "329793000", "netIncome": "244271000"}, {"fiscalDateEnding": "2012-12-31", "reportedCurrency": "USD", "grossProfit": "939750000", "totalRevenue": "1190640000", "costOfRevenue": "250890000", "costofGoodsAndServicesSold": "250890000", "operatingIncome": "374315000", "sellingGeneralAndAdministrative": "185026000", "researchAndDevelopment": "11711000", "operatingExpenses": "565435000", "investmentIncomeNet": "None", "netInterestIncome": "None", "interestIncome": "None", "interestExpense": "16856000", "nonInterestIncome": "None", "otherNonOperatingIncome": "-1437000", "depreciation": "None", "depreciationAndAmortization": "17628000", "incomeBeforeTax": "356022000", "incomeTaxExpense": "66427000", "interestAndDebtExpense": "None", "netIncomeFromContinuingOperations": "289594000", "comprehensiveIncomeNetOfTax": "None", "ebit": "375171000", "ebitda": "392799000", "netIncome": "288663000"}, {"fiscalDateEnding": "2012-09-30", "reportedCurrency": "USD", "grossProfit": "1396501000", "totalRevenue": "1706310000", "costOfRevenue": "309809000", "costofGoodsAndServicesSold": "309809000", "operatingIncome": "755592000", "sellingGeneralAndAdministrative": "177497000", "researchAndDevelopment": "10799000", "operatingExpenses": "640909000", "investmentIncomeNet": "None", "netInterestIncome": "None", "interestIncome": "None", "interestExpense": "17067000", "nonInterestIncome": "None", "otherNonOperatingIncome": "-7351000", "depreciation": "None", "depreciationAndAmortization": "16008000", "incomeBeforeTax": "731174000", "incomeTaxExpense": "131201000", "interestAndDebtExpense": "None", "netIncomeFromContinuingOperations": "599973000", "comprehensiveIncomeNetOfTax": "None", "ebit": "756497000", "ebitda": "772505000", "netIncome": "596586000"}, {"fiscalDateEnding": "2012-06-30", "reportedCurrency": "USD", "grossProfit": "1004142000", "totalRevenue": "1326759000", "costOfRevenue": "322617000", "costofGoodsAndServicesSold": "322617000", "operatingIncome": "458355000", "sellingGeneralAndAdministrative": "147837000", "researchAndDevelopment": "10440000", "operatingExpenses": "545787000", "investmentIncomeNet": "None", "netInterestIncome": "None", "interestIncome": "None", "interestExpense": "16882000", "nonInterestIncome": "None", "otherNonOperatingIncome": "4206000", "depreciation": "None", "depreciationAndAmortization": "15663000", "incomeBeforeTax": "445679000", "incomeTaxExpense": "93025000", "interestAndDebtExpense": "None", "netIncomeFromContinuingOperations": "352654000", "comprehensiveIncomeNetOfTax": "None", "ebit": "462561000", "ebitda": "478224000", "netIncome": "352347000"}, {"fiscalDateEnding": "2012-03-31", "reportedCurrency": "USD", "grossProfit": "743288000", "totalRevenue": "1037247000", "costOfRevenue": "293959000", "costofGoodsAndServicesSold": "293959000", "operatingIncome": "241531000", "sellingGeneralAndAdministrative": "141350000", "researchAndDevelopment": "10735000", "operatingExpenses": "501757000", "investmentIncomeNet": "None", "netInterestIncome": "None", "interestIncome": "None", "interestExpense": "11258000", "nonInterestIncome": "None", "otherNonOperatingIncome": "-1278000", "depreciation": "None", "depreciationAndAmortization": "15842000", "incomeBeforeTax": "228995000", "incomeTaxExpense": "47179000", "interestAndDebtExpense": "None", "netIncomeFromContinuingOperations": "181816000", "comprehensiveIncomeNetOfTax": "None", "ebit": "242629000", "ebitda": "258471000", "netIncome": "181970000"}, {"fiscalDateEnding": "2011-12-31", "reportedCurrency": "USD", "grossProfit": "724698000", "totalRevenue": "990771000", "costOfRevenue": "266073000", "costofGoodsAndServicesSold": "266073000", "operatingIncome": "303778000", "sellingGeneralAndAdministrative": "133163000", "researchAndDevelopment": "10357000", "operatingExpenses": "420920000", "investmentIncomeNet": "None", "netInterestIncome": "None", "interestIncome": "None", "interestExpense": "8332000", "nonInterestIncome": "None", "otherNonOperatingIncome": "3214000", "depreciation": "None", "depreciationAndAmortization": "13737000", "incomeBeforeTax": "298660000", "incomeTaxExpense": "72704000", "interestAndDebtExpense": "None", "netIncomeFromContinuingOperations": "225955000", "comprehensiveIncomeNetOfTax": "None", "ebit": "306992000", "ebitda": "320729000", "netIncome": "225716000"}, {"fiscalDateEnding": "2011-09-30", "reportedCurrency": "USD", "grossProfit": "1100148000", "totalRevenue": "1452804000", "costOfRevenue": "352656000", "costofGoodsAndServicesSold": "352656000", "operatingIncome": "616378000", "sellingGeneralAndAdministrative": "126180000", "researchAndDevelopment": "8548000", "operatingExpenses": "483770000", "investmentIncomeNet": "None", "netInterestIncome": "None", "interestIncome": "None", "interestExpense": "7879000", "nonInterestIncome": "None", "otherNonOperatingIncome": "3353000", "depreciation": "None", "depreciationAndAmortization": "13957000", "incomeBeforeTax": "611852000", "incomeTaxExpense": "138966000", "interestAndDebtExpense": "None", "netIncomeFromContinuingOperations": "472886000", "comprehensiveIncomeNetOfTax": "None", "ebit": "619731000", "ebitda": "633688000", "netIncome": "469499000"}, {"fiscalDateEnding": "2011-06-30", "reportedCurrency": "USD", "grossProfit": "749227000", "totalRevenue": "1102716000", "costOfRevenue": "353489000", "costofGoodsAndServicesSold": "353489000", "operatingIncome": "324708000", "sellingGeneralAndAdministrative": "115502000", "researchAndDevelopment": "8239000", "operatingExpenses": "424519000", "investmentIncomeNet": "None", "netInterestIncome": "None", "interestIncome": "None", "interestExpense": "7795000", "nonInterestIncome": "None", "otherNonOperatingIncome": "-322000", "depreciation": "None", "depreciationAndAmortization": "13651000", "incomeBeforeTax": "316591000", "incomeTaxExpense": "60314000", "interestAndDebtExpense": "None", "netIncomeFromContinuingOperations": "256277000", "comprehensiveIncomeNetOfTax": "None", "ebit": "324386000", "ebitda": "338037000", "netIncome": "256368000"}, {"fiscalDateEnding": "2011-03-31", "reportedCurrency": "USD", "grossProfit": "505808000", "totalRevenue": "809320000", "costOfRevenue": "303512000", "costofGoodsAndServicesSold": "303512000", "operatingIncome": "154059000", "sellingGeneralAndAdministrative": "101100000", "researchAndDevelopment": "6670000", "operatingExpenses": "351749000", "investmentIncomeNet": "None", "netInterestIncome": "None", "interestIncome": "None", "interestExpense": "7715000", "nonInterestIncome": "None", "otherNonOperatingIncome": "-5652000", "depreciation": "None", "depreciationAndAmortization": "12479000", "incomeBeforeTax": "140692000", "incomeTaxExpense": "36679000", "interestAndDebtExpense": "None", "netIncomeFromContinuingOperations": "104013000", "comprehensiveIncomeNetOfTax": "None", "ebit": "155480000", "ebitda": "167959000", "netIncome": "104790000"}, {"fiscalDateEnding": "2010-12-31", "reportedCurrency": "USD", "grossProfit": "478412000", "totalRevenue": "731314000", "costOfRevenue": "252902000", "costofGoodsAndServicesSold": "252902000", "operatingIncome": "188960000", "sellingGeneralAndAdministrative": "100397000", "researchAndDevelopment": "6148000", "operatingExpenses": "289452000", "investmentIncomeNet": "None", "netInterestIncome": "None", "interestIncome": "None", "interestExpense": "7578000", "nonInterestIncome": "None", "otherNonOperatingIncome": "None", "depreciation": "None", "depreciationAndAmortization": "14203000", "incomeBeforeTax": "180905000", "incomeTaxExpense": "45794000", "interestAndDebtExpense": "None", "netIncomeFromContinuingOperations": "0", "comprehensiveIncomeNetOfTax": "None", "ebit": "188483000", "ebitda": "202686000", "netIncome": "135729000"}, {"fiscalDateEnding": "2010-09-30", "reportedCurrency": "USD", "grossProfit": "666188000", "totalRevenue": "1001757000", "costOfRevenue": "335569000", "costofGoodsAndServicesSold": "335569000", "operatingIncome": "336769000", "sellingGeneralAndAdministrative": "97737000", "researchAndDevelopment": "5347000", "operatingExpenses": "329419000", "investmentIncomeNet": "None", "netInterestIncome": "None", "interestIncome": "None", "interestExpense": "8293000", "nonInterestIncome": "None", "otherNonOperatingIncome": "-9797000", "depreciation": "None", "depreciationAndAmortization": "14795000", "incomeBeforeTax": "318679000", "incomeTaxExpense": "94119000", "interestAndDebtExpense": "None", "netIncomeFromContinuingOperations": "224560000", "comprehensiveIncomeNetOfTax": "None", "ebit": "337687000", "ebitda": "352482000", "netIncome": "222980000"}, {"fiscalDateEnding": "2010-06-30", "reportedCurrency": "USD", "grossProfit": "445255000", "totalRevenue": "767439000", "costOfRevenue": "322184000", "costofGoodsAndServicesSold": "322184000", "operatingIncome": "173159000", "sellingGeneralAndAdministrative": "85312000", "researchAndDevelopment": "4895000", "operatingExpenses": "272096000", "investmentIncomeNet": "None", "netInterestIncome": "None", "interestIncome": "None", "interestExpense": "9267000", "nonInterestIncome": "None", "otherNonOperatingIncome": "1979000", "depreciation": "None", "depreciationAndAmortization": "11687000", "incomeBeforeTax": "165871000", "incomeTaxExpense": "51275000", "interestAndDebtExpense": "None", "netIncomeFromContinuingOperations": "114596000", "comprehensiveIncomeNetOfTax": "None", "ebit": "175138000", "ebitda": "186825000", "netIncome": "114957000"}, {"fiscalDateEnding": "2010-03-31", "reportedCurrency": "USD", "grossProfit": "319116000", "totalRevenue": "584394000", "costOfRevenue": "265278000", "costofGoodsAndServicesSold": "265278000", "operatingIncome": "87909000", "sellingGeneralAndAdministrative": "67810000", "researchAndDevelopment": "4608000", "operatingExpenses": "231207000", "investmentIncomeNet": "None", "netInterestIncome": "None", "interestIncome": "None", "interestExpense": "4806000", "nonInterestIncome": "None", "otherNonOperatingIncome": "None", "depreciation": "None", "depreciationAndAmortization": "9779000", "incomeBeforeTax": "80828000", "incomeTaxExpense": "26953000", "interestAndDebtExpense": "None", "netIncomeFromContinuingOperations": "0", "comprehensiveIncomeNetOfTax": "None", "ebit": "88764000", "ebitda": "98543000", "netIncome": "53875000"}, {"fiscalDateEnding": "2009-12-31", "reportedCurrency": "USD", "grossProfit": "313189000", "totalRevenue": "541753000", "costOfRevenue": "228564000", "costofGoodsAndServicesSold": "228564000", "operatingIncome": "117862000", "sellingGeneralAndAdministrative": "64493000", "researchAndDevelopment": "5137000", "operatingExpenses": "195327000", "investmentIncomeNet": "None", "netInterestIncome": "None", "interestIncome": "None", "interestExpense": "4863000", "nonInterestIncome": "None", "otherNonOperatingIncome": "None", "depreciation": "None", "depreciationAndAmortization": "10011000", "incomeBeforeTax": "108138000", "incomeTaxExpense": "29683000", "interestAndDebtExpense": "None", "netIncomeFromContinuingOperations": "0", "comprehensiveIncomeNetOfTax": "None", "ebit": "118390000", "ebitda": "128401000", "netIncome": "78455000"}, {"fiscalDateEnding": "2009-09-30", "reportedCurrency": "USD", "grossProfit": "434006000", "totalRevenue": "730660000", "costOfRevenue": "296654000", "costofGoodsAndServicesSold": "296654000", "operatingIncome": "200755000", "sellingGeneralAndAdministrative": "70326000", "researchAndDevelopment": "4777000", "operatingExpenses": "233251000", "investmentIncomeNet": "None", "netInterestIncome": "None", "interestIncome": "None", "interestExpense": "5911000", "nonInterestIncome": "None", "otherNonOperatingIncome": "None", "depreciation": "None", "depreciationAndAmortization": "10098000", "incomeBeforeTax": "194095000", "incomeTaxExpense": "-124887000", "interestAndDebtExpense": "None", "netIncomeFromContinuingOperations": "0", "comprehensiveIncomeNetOfTax": "None", "ebit": "201226000", "ebitda": "211324000", "netIncome": "318982000"}, {"fiscalDateEnding": "2009-06-30", "reportedCurrency": "USD", "grossProfit": "305238000", "totalRevenue": "603741000", "costOfRevenue": "298503000", "costofGoodsAndServicesSold": "298503000", "operatingIncome": "109375000", "sellingGeneralAndAdministrative": "59592000", "researchAndDevelopment": "4697000", "operatingExpenses": "195863000", "investmentIncomeNet": "None", "netInterestIncome": "None", "interestIncome": "None", "interestExpense": "6505000", "nonInterestIncome": "None", "otherNonOperatingIncome": "None", "depreciation": "None", "depreciationAndAmortization": "9723000", "incomeBeforeTax": "99473000", "incomeTaxExpense": "32495000", "interestAndDebtExpense": "None", "netIncomeFromContinuingOperations": "0", "comprehensiveIncomeNetOfTax": "None", "ebit": "109858000", "ebitda": "119581000", "netIncome": "67011000"}, {"fiscalDateEnding": "2009-03-31", "reportedCurrency": "USD", "grossProfit": "208330000", "totalRevenue": "462058000", "costOfRevenue": "253728000", "costofGoodsAndServicesSold": "253728000", "operatingIncome": "42842000", "sellingGeneralAndAdministrative": "54298000", "researchAndDevelopment": "4527000", "operatingExpenses": "165488000", "investmentIncomeNet": "None", "netInterestIncome": "None", "interestIncome": "None", "interestExpense": "6805000", "nonInterestIncome": "None", "otherNonOperatingIncome": "None", "depreciation": "None", "depreciationAndAmortization": "9361000", "incomeBeforeTax": "40595000", "incomeTaxExpense": "15541000", "interestAndDebtExpense": "None", "netIncomeFromContinuingOperations": "0", "comprehensiveIncomeNetOfTax": "None", "ebit": "47400000", "ebitda": "56761000", "netIncome": "25023000"}, {"fiscalDateEnding": "2008-12-31", "reportedCurrency": "USD", "grossProfit": "205065000", "totalRevenue": "406042000", "costOfRevenue": "200977000", "costofGoodsAndServicesSold": "200977000", "operatingIncome": "48833000", "sellingGeneralAndAdministrative": "13657000", "researchAndDevelopment": "0", "operatingExpenses": "156232000", "investmentIncomeNet": "None", "netInterestIncome": "None", "interestIncome": "None", "interestExpense": "9375000", "nonInterestIncome": "None", "otherNonOperatingIncome": "None", "depreciation": "None", "depreciationAndAmortization": "10444000", "incomeBeforeTax": "53129000", "incomeTaxExpense": "19827000", "interestAndDebtExpense": "None", "netIncomeFromContinuingOperations": "0", "comprehensiveIncomeNetOfTax": "None", "ebit": "64303000", "ebitda": "74747000", "netIncome": "33255000"}, {"fiscalDateEnding": "2008-09-30", "reportedCurrency": "USD", "grossProfit": "316078000", "totalRevenue": "561609000", "costOfRevenue": "245531000", "costofGoodsAndServicesSold": "245531000", "operatingIncome": "127922000", "sellingGeneralAndAdministrative": "84637000", "researchAndDevelopment": "0", "operatingExpenses": "188156000", "investmentIncomeNet": "None", "netInterestIncome": "None", "interestIncome": "None", "interestExpense": "7739000", "nonInterestIncome": "None", "otherNonOperatingIncome": "None", "depreciation": "None", "depreciationAndAmortization": "9275000", "incomeBeforeTax": "132720000", "incomeTaxExpense": "42852000", "interestAndDebtExpense": "None", "netIncomeFromContinuingOperations": "0", "comprehensiveIncomeNetOfTax": "None", "ebit": "126082000", "ebitda": "135357000", "netIncome": "87968000"}, {"fiscalDateEnding": "2008-06-30", "reportedCurrency": "USD", "grossProfit": "253725000", "totalRevenue": "513976000", "costOfRevenue": "260251000", "costofGoodsAndServicesSold": "260251000", "operatingIncome": "80954000", "sellingGeneralAndAdministrative": "78919000", "researchAndDevelopment": "0", "operatingExpenses": "172771000", "investmentIncomeNet": "None", "netInterestIncome": "None", "interestIncome": "None", "interestExpense": "9521000", "nonInterestIncome": "None", "otherNonOperatingIncome": "None", "depreciation": "None", "depreciationAndAmortization": "11953000", "incomeBeforeTax": "81538000", "incomeTaxExpense": "26211000", "interestAndDebtExpense": "None", "netIncomeFromContinuingOperations": "0", "comprehensiveIncomeNetOfTax": "None", "ebit": "82959000", "ebitda": "94912000", "netIncome": "54096000"}, {"fiscalDateEnding": "2008-03-31", "reportedCurrency": "USD", "grossProfit": "181103000", "totalRevenue": "403180000", "costOfRevenue": "222077000", "costofGoodsAndServicesSold": "222077000", "operatingIncome": "31765000", "sellingGeneralAndAdministrative": "69154000", "researchAndDevelopment": "0", "operatingExpenses": "149338000", "investmentIncomeNet": "None", "netInterestIncome": "None", "interestIncome": "None", "interestExpense": "10061000", "nonInterestIncome": "None", "otherNonOperatingIncome": "None", "depreciation": "None", "depreciationAndAmortization": "11396000", "incomeBeforeTax": "28182000", "incomeTaxExpense": "9518000", "interestAndDebtExpense": "None", "netIncomeFromContinuingOperations": "0", "comprehensiveIncomeNetOfTax": "None", "ebit": "30082000", "ebitda": "41478000", "netIncome": "18154000"}, {"fiscalDateEnding": "2007-12-31", "reportedCurrency": "USD", "grossProfit": "160153000", "totalRevenue": "334853000", "costOfRevenue": "174700000", "costofGoodsAndServicesSold": "174700000", "operatingIncome": "44012000", "sellingGeneralAndAdministrative": "41553000", "researchAndDevelopment": "0", "operatingExpenses": "116141000", "investmentIncomeNet": "None", "netInterestIncome": "None", "interestIncome": "None", "interestExpense": "10412000", "nonInterestIncome": "None", "otherNonOperatingIncome": "None", "depreciation": "None", "depreciationAndAmortization": "11712000", "incomeBeforeTax": "45145000", "incomeTaxExpense": "11228000", "interestAndDebtExpense": "None", "netIncomeFromContinuingOperations": "0", "comprehensiveIncomeNetOfTax": "None", "ebit": "44012000", "ebitda": "55724000", "netIncome": "32862000"}, {"fiscalDateEnding": "2007-09-30", "reportedCurrency": "USD", "grossProfit": "202331000", "totalRevenue": "417287000", "costOfRevenue": "214956000", "costofGoodsAndServicesSold": "214956000", "operatingIncome": "78084000", "sellingGeneralAndAdministrative": "52859000", "researchAndDevelopment": "0", "operatingExpenses": "124247000", "investmentIncomeNet": "None", "netInterestIncome": "None", "interestIncome": "None", "interestExpense": "2607000", "nonInterestIncome": "None", "otherNonOperatingIncome": "None", "depreciation": "None", "depreciationAndAmortization": "9916000", "incomeBeforeTax": "80224000", "incomeTaxExpense": "-26657000", "interestAndDebtExpense": "None", "netIncomeFromContinuingOperations": "0", "comprehensiveIncomeNetOfTax": "None", "ebit": "77299000", "ebitda": "87215000", "netIncome": "104365000"}, {"fiscalDateEnding": "2007-06-30", "reportedCurrency": "USD", "grossProfit": "157211000", "totalRevenue": "355880000", "costOfRevenue": "198669000", "costofGoodsAndServicesSold": "198669000", "operatingIncome": "47574000", "sellingGeneralAndAdministrative": "47889000", "researchAndDevelopment": "0", "operatingExpenses": "109637000", "investmentIncomeNet": "None", "netInterestIncome": "None", "interestIncome": "None", "interestExpense": "2484000", "nonInterestIncome": "None", "otherNonOperatingIncome": "None", "depreciation": "None", "depreciationAndAmortization": "9805000", "incomeBeforeTax": "50870000", "incomeTaxExpense": "14964000", "interestAndDebtExpense": "None", "netIncomeFromContinuingOperations": "0", "comprehensiveIncomeNetOfTax": "None", "ebit": "47574000", "ebitda": "57379000", "netIncome": "34572000"}, {"fiscalDateEnding": "2007-03-31", "reportedCurrency": "USD", "grossProfit": "119717000", "totalRevenue": "301389000", "costOfRevenue": "181672000", "costofGoodsAndServicesSold": "181672000", "operatingIncome": "-31735000", "sellingGeneralAndAdministrative": "99686000", "researchAndDevelopment": "0", "operatingExpenses": "151452000", "investmentIncomeNet": "None", "netInterestIncome": "None", "interestIncome": "None", "interestExpense": "2470000", "nonInterestIncome": "None", "otherNonOperatingIncome": "None", "depreciation": "None", "depreciationAndAmortization": "9268000", "incomeBeforeTax": "-26216000", "incomeTaxExpense": "-11593000", "interestAndDebtExpense": "None", "netIncomeFromContinuingOperations": "0", "comprehensiveIncomeNetOfTax": "None", "ebit": "-31735000", "ebitda": "-22467000", "netIncome": "-14716000"}, {"fiscalDateEnding": "2006-12-31", "reportedCurrency": "USD", "grossProfit": "99517000", "totalRevenue": "260071000", "costOfRevenue": "160554000", "costofGoodsAndServicesSold": "160554000", "operatingIncome": "12576000", "sellingGeneralAndAdministrative": "44685000", "researchAndDevelopment": "0", "operatingExpenses": "86941000", "investmentIncomeNet": "None", "netInterestIncome": "None", "interestIncome": "None", "interestExpense": "7060000", "nonInterestIncome": "None", "otherNonOperatingIncome": "None", "depreciation": "None", "depreciationAndAmortization": "9780000", "incomeBeforeTax": "14660000", "incomeTaxExpense": "889000", "interestAndDebtExpense": "None", "netIncomeFromContinuingOperations": "0", "comprehensiveIncomeNetOfTax": "None", "ebit": "12576000", "ebitda": "22356000", "netIncome": "13232000"}, {"fiscalDateEnding": "2006-09-30", "reportedCurrency": "USD", "grossProfit": "123547000", "totalRevenue": "313467000", "costOfRevenue": "189920000", "costofGoodsAndServicesSold": "189920000", "operatingIncome": "31602000", "sellingGeneralAndAdministrative": "42056000", "researchAndDevelopment": "0", "operatingExpenses": "91945000", "investmentIncomeNet": "None", "netInterestIncome": "None", "interestIncome": "None", "interestExpense": "1550000", "nonInterestIncome": "None", "otherNonOperatingIncome": "None", "depreciation": "None", "depreciationAndAmortization": "9340000", "incomeBeforeTax": "33032000", "incomeTaxExpense": "-18113000", "interestAndDebtExpense": "None", "netIncomeFromContinuingOperations": "0", "comprehensiveIncomeNetOfTax": "None", "ebit": "30926000", "ebitda": "40266000", "netIncome": "48817000"}, {"fiscalDateEnding": "2006-06-30", "reportedCurrency": "USD", "grossProfit": "105804000", "totalRevenue": "307651000", "costOfRevenue": "201847000", "costofGoodsAndServicesSold": "201847000", "operatingIncome": "19037000", "sellingGeneralAndAdministrative": "39053000", "researchAndDevelopment": "0", "operatingExpenses": "86767000", "investmentIncomeNet": "None", "netInterestIncome": "None", "interestIncome": "None", "interestExpense": "1554000", "nonInterestIncome": "None", "otherNonOperatingIncome": "None", "depreciation": "None", "depreciationAndAmortization": "9066000", "incomeBeforeTax": "18982000", "incomeTaxExpense": "5578000", "interestAndDebtExpense": "None", "netIncomeFromContinuingOperations": "0", "comprehensiveIncomeNetOfTax": "None", "ebit": "19037000", "ebitda": "28103000", "netIncome": "12517000"}, {"fiscalDateEnding": "2006-03-31", "reportedCurrency": "USD", "grossProfit": "72231000", "totalRevenue": "241914000", "costOfRevenue": "169683000", "costofGoodsAndServicesSold": "169683000", "operatingIncome": "-1229000", "sellingGeneralAndAdministrative": "34080000", "researchAndDevelopment": "0", "operatingExpenses": "73325000", "investmentIncomeNet": "None", "netInterestIncome": "None", "interestIncome": "None", "interestExpense": "1498000", "nonInterestIncome": "None", "otherNonOperatingIncome": "None", "depreciation": "None", "depreciationAndAmortization": "8645000", "incomeBeforeTax": "-1041000", "incomeTaxExpense": "-741000", "interestAndDebtExpense": "None", "netIncomeFromContinuingOperations": "0", "comprehensiveIncomeNetOfTax": "None", "ebit": "-1094000", "ebitda": "7551000", "netIncome": "-99000"}, {"fiscalDateEnding": "2005-12-31", "reportedCurrency": "USD", "grossProfit": "64919000", "totalRevenue": "203913000", "costOfRevenue": "138994000", "costofGoodsAndServicesSold": "138994000", "operatingIncome": "6034000", "sellingGeneralAndAdministrative": "30161000", "researchAndDevelopment": "0", "operatingExpenses": "58885000", "investmentIncomeNet": "None", "netInterestIncome": "None", "interestIncome": "None", "interestExpense": "5075000", "nonInterestIncome": "None", "otherNonOperatingIncome": "None", "depreciation": "None", "depreciationAndAmortization": "8469000", "incomeBeforeTax": "5917000", "incomeTaxExpense": "2250000", "interestAndDebtExpense": "None", "netIncomeFromContinuingOperations": "0", "comprehensiveIncomeNetOfTax": "None", "ebit": "6034000", "ebitda": "14503000", "netIncome": "3790000"}, {"fiscalDateEnding": "2005-09-30", "reportedCurrency": "USD", "grossProfit": "80002000", "totalRevenue": "258797000", "costOfRevenue": "178795000", "costofGoodsAndServicesSold": "178795000", "operatingIncome": "12892000", "sellingGeneralAndAdministrative": "30787000", "researchAndDevelopment": "0", "operatingExpenses": "65110000", "investmentIncomeNet": "None", "netInterestIncome": "None", "interestIncome": "None", "interestExpense": "1245000", "nonInterestIncome": "None", "otherNonOperatingIncome": "None", "depreciation": "None", "depreciationAndAmortization": "8369000", "incomeBeforeTax": "12672000", "incomeTaxExpense": "-158573000", "interestAndDebtExpense": "None", "netIncomeFromContinuingOperations": "0", "comprehensiveIncomeNetOfTax": "None", "ebit": "14892000", "ebitda": "23261000", "netIncome": "171570000"}, {"fiscalDateEnding": "2005-06-30", "reportedCurrency": "USD", "grossProfit": "65234000", "totalRevenue": "266557000", "costOfRevenue": "201323000", "costofGoodsAndServicesSold": "201323000", "operatingIncome": "11790000", "sellingGeneralAndAdministrative": "28103000", "researchAndDevelopment": "0", "operatingExpenses": "53444000", "investmentIncomeNet": "None", "netInterestIncome": "None", "interestIncome": "None", "interestExpense": "1239000", "nonInterestIncome": "None", "otherNonOperatingIncome": "None", "depreciation": "None", "depreciationAndAmortization": "5771000", "incomeBeforeTax": "12712000", "incomeTaxExpense": "336000", "interestAndDebtExpense": "None", "netIncomeFromContinuingOperations": "0", "comprehensiveIncomeNetOfTax": "None", "ebit": "11790000", "ebitda": "17561000", "netIncome": "12376000"}, {"fiscalDateEnding": "2005-03-31", "reportedCurrency": "USD", "grossProfit": "57707000", "totalRevenue": "233392000", "costOfRevenue": "175685000", "costofGoodsAndServicesSold": "175685000", "operatingIncome": "5167000", "sellingGeneralAndAdministrative": "26406000", "researchAndDevelopment": "0", "operatingExpenses": "52876000", "investmentIncomeNet": "None", "netInterestIncome": "None", "interestIncome": "None", "interestExpense": "1293000", "nonInterestIncome": "None", "otherNonOperatingIncome": "None", "depreciation": "None", "depreciationAndAmortization": "6169000", "incomeBeforeTax": "4676000", "incomeTaxExpense": "-290000", "interestAndDebtExpense": "None", "netIncomeFromContinuingOperations": "0", "comprehensiveIncomeNetOfTax": "None", "ebit": "4831000", "ebitda": "11000000", "netIncome": "4992000"}, {"fiscalDateEnding": "2004-12-31", "reportedCurrency": "USD", "grossProfit": "49898000", "totalRevenue": "194970000", "costOfRevenue": "145072000", "costofGoodsAndServicesSold": "145072000", "operatingIncome": "5133000", "sellingGeneralAndAdministrative": "16390000", "researchAndDevelopment": "0", "operatingExpenses": "44765000", "investmentIncomeNet": "None", "netInterestIncome": "None", "interestIncome": "None", "interestExpense": "3722000", "nonInterestIncome": "None", "otherNonOperatingIncome": "None", "depreciation": "None", "depreciationAndAmortization": "4067000", "incomeBeforeTax": "5307000", "incomeTaxExpense": "-260000", "interestAndDebtExpense": "None", "netIncomeFromContinuingOperations": "0", "comprehensiveIncomeNetOfTax": "None", "ebit": "697000", "ebitda": "4764000", "netIncome": "5001000"}]}