{"symbol": "BK", "annualReports": [{"fiscalDateEnding": "2024-12-31", "reportedCurrency": "USD", "grossProfit": "18258000000", "totalRevenue": "18258000000", "costOfRevenue": "None", "costofGoodsAndServicesSold": "None", "operatingIncome": "None", "sellingGeneralAndAdministrative": "6890000000", "researchAndDevelopment": "None", "operatingExpenses": "18258000000", "investmentIncomeNet": "None", "netInterestIncome": "4312000000", "interestIncome": "25607000000", "interestExpense": "21295000000", "nonInterestIncome": "None", "otherNonOperatingIncome": "None", "depreciation": "None", "depreciationAndAmortization": "1803000000", "incomeBeforeTax": "5848000000", "incomeTaxExpense": "1305000000", "interestAndDebtExpense": "None", "netIncomeFromContinuingOperations": "4543000000", "comprehensiveIncomeNetOfTax": "None", "ebit": "None", "ebitda": "None", "netIncome": "4530000000"}, {"fiscalDateEnding": "2023-12-31", "reportedCurrency": "USD", "grossProfit": "17293000000", "totalRevenue": "17293000000", "costOfRevenue": "90000000", "costofGoodsAndServicesSold": "90000000", "operatingIncome": "6486000000", "sellingGeneralAndAdministrative": "6828000000", "researchAndDevelopment": "None", "operatingExpenses": "17293000000", "investmentIncomeNet": "None", "netInterestIncome": "4300000000", "interestIncome": "17882000000", "interestExpense": "16303000000", "nonInterestIncome": "None", "otherNonOperatingIncome": "None", "depreciation": "None", "depreciationAndAmortization": "1748000000", "incomeBeforeTax": "4088000000", "incomeTaxExpense": "800000000", "interestAndDebtExpense": "None", "netIncomeFromContinuingOperations": "3628000000", "comprehensiveIncomeNetOfTax": "None", "ebit": "4088000000", "ebitda": "5836000000", "netIncome": "3286000000"}, {"fiscalDateEnding": "2022-12-31", "reportedCurrency": "USD", "grossProfit": "16034000000", "totalRevenue": "16034000000", "costOfRevenue": "None", "costofGoodsAndServicesSold": "None", "operatingIncome": "8524000000", "sellingGeneralAndAdministrative": "6800000000", "researchAndDevelopment": "None", "operatingExpenses": "-7510000000", "investmentIncomeNet": "None", "netInterestIncome": "3504000000", "interestIncome": "3504000000", "interestExpense": "3614000000", "nonInterestIncome": "None", "otherNonOperatingIncome": "None", "depreciation": "None", "depreciationAndAmortization": "1636000000", "incomeBeforeTax": "3328000000", "incomeTaxExpense": "768000000", "interestAndDebtExpense": "None", "netIncomeFromContinuingOperations": "2560000000", "comprehensiveIncomeNetOfTax": "None", "ebit": "3328000000", "ebitda": "4964000000", "netIncome": "2573000000"}, {"fiscalDateEnding": "2021-12-31", "reportedCurrency": "USD", "grossProfit": "15633000000", "totalRevenue": "15633000000", "costOfRevenue": "None", "costofGoodsAndServicesSold": "None", "operatingIncome": "4636000000", "sellingGeneralAndAdministrative": "6337000000", "researchAndDevelopment": "None", "operatingExpenses": "-10997000000", "investmentIncomeNet": "None", "netInterestIncome": "2618000000", "interestIncome": "2845000000", "interestExpense": "227000000", "nonInterestIncome": "None", "otherNonOperatingIncome": "None", "depreciation": "None", "depreciationAndAmortization": "1867000000", "incomeBeforeTax": "4648000000", "incomeTaxExpense": "877000000", "interestAndDebtExpense": "None", "netIncomeFromContinuingOperations": "3771000000", "comprehensiveIncomeNetOfTax": "None", "ebit": "4648000000", "ebitda": "6515000000", "netIncome": "3759000000"}, {"fiscalDateEnding": "2020-12-31", "reportedCurrency": "USD", "grossProfit": "15472000000", "totalRevenue": "15472000000", "costOfRevenue": "None", "costofGoodsAndServicesSold": "None", "operatingIncome": "4459000000", "sellingGeneralAndAdministrative": "5966000000", "researchAndDevelopment": "None", "operatingExpenses": "-11013000000", "investmentIncomeNet": "None", "netInterestIncome": "2977000000", "interestIncome": "4109000000", "interestExpense": "1132000000", "nonInterestIncome": "None", "otherNonOperatingIncome": "84000000", "depreciation": "None", "depreciationAndAmortization": "1630000000", "incomeBeforeTax": "4468000000", "incomeTaxExpense": "842000000", "interestAndDebtExpense": "None", "netIncomeFromContinuingOperations": "3626000000", "comprehensiveIncomeNetOfTax": "None", "ebit": "4468000000", "ebitda": "6098000000", "netIncome": "3617000000"}, {"fiscalDateEnding": "2019-12-31", "reportedCurrency": "USD", "grossProfit": "16088000000", "totalRevenue": "16088000000", "costOfRevenue": "None", "costofGoodsAndServicesSold": "None", "operatingIncome": "5561000000", "sellingGeneralAndAdministrative": "6063000000", "researchAndDevelopment": "None", "operatingExpenses": "-10527000000", "investmentIncomeNet": "None", "netInterestIncome": "3188000000", "interestIncome": "7548000000", "interestExpense": "4360000000", "nonInterestIncome": "None", "otherNonOperatingIncome": "56000000", "depreciation": "None", "depreciationAndAmortization": "1315000000", "incomeBeforeTax": "5587000000", "incomeTaxExpense": "1120000000", "interestAndDebtExpense": "None", "netIncomeFromContinuingOperations": "4467000000", "comprehensiveIncomeNetOfTax": "None", "ebit": "5587000000", "ebitda": "6902000000", "netIncome": "4441000000"}, {"fiscalDateEnding": "2018-12-31", "reportedCurrency": "USD", "grossProfit": "15124000000", "totalRevenue": "15124000000", "costOfRevenue": "-862000000", "costofGoodsAndServicesSold": "-862000000", "operatingIncome": "8025000000", "sellingGeneralAndAdministrative": "6033000000", "researchAndDevelopment": "0", "operatingExpenses": "-7961000000", "investmentIncomeNet": "None", "netInterestIncome": "3611000000", "interestIncome": "6432000000", "interestExpense": "2821000000", "nonInterestIncome": "None", "otherNonOperatingIncome": "-13000000", "depreciation": "None", "depreciationAndAmortization": "2111000000", "incomeBeforeTax": "4610000000", "incomeTaxExpense": "496000000", "interestAndDebtExpense": "None", "netIncomeFromContinuingOperations": "4254000000", "comprehensiveIncomeNetOfTax": "None", "ebit": "5192000000", "ebitda": "7303000000", "netIncome": "4090000000"}, {"fiscalDateEnding": "2017-12-31", "reportedCurrency": "USD", "grossProfit": "15124000000", "totalRevenue": "15124000000", "costOfRevenue": "1050000000", "costofGoodsAndServicesSold": "1050000000", "operatingIncome": "4586000000", "sellingGeneralAndAdministrative": "5972000000", "researchAndDevelopment": "0", "operatingExpenses": "3117000000", "investmentIncomeNet": "None", "netInterestIncome": "3308000000", "interestIncome": "4382000000", "interestExpense": "1074000000", "nonInterestIncome": "None", "otherNonOperatingIncome": "70000000", "depreciation": "None", "depreciationAndAmortization": "2218000000", "incomeBeforeTax": "4610000000", "incomeTaxExpense": "496000000", "interestAndDebtExpense": "None", "netIncomeFromContinuingOperations": "25980000000", "comprehensiveIncomeNetOfTax": "None", "ebit": "3866000000", "ebitda": "6084000000", "netIncome": "4090000000"}, {"fiscalDateEnding": "2016-12-31", "reportedCurrency": "USD", "grossProfit": "14832000000", "totalRevenue": "14832000000", "costOfRevenue": "426000000", "costofGoodsAndServicesSold": "426000000", "operatingIncome": "4724000000", "sellingGeneralAndAdministrative": "5733000000", "researchAndDevelopment": "0", "operatingExpenses": "2639000000", "investmentIncomeNet": "None", "netInterestIncome": "3138000000", "interestIncome": "3575000000", "interestExpense": "437000000", "nonInterestIncome": "None", "otherNonOperatingIncome": "26000000", "depreciation": "None", "depreciationAndAmortization": "1502000000", "incomeBeforeTax": "4725000000", "incomeTaxExpense": "1177000000", "interestAndDebtExpense": "None", "netIncomeFromContinuingOperations": "24572000000", "comprehensiveIncomeNetOfTax": "None", "ebit": "4725000000", "ebitda": "6227000000", "netIncome": "3547000000"}, {"fiscalDateEnding": "2015-12-31", "reportedCurrency": "USD", "grossProfit": "14813000000", "totalRevenue": "14813000000", "costOfRevenue": "460000000", "costofGoodsAndServicesSold": "460000000", "operatingIncome": "4171000000", "sellingGeneralAndAdministrative": "5837000000", "researchAndDevelopment": "0", "operatingExpenses": "10799000000", "investmentIncomeNet": "None", "netInterestIncome": "3026000000", "interestIncome": "3326000000", "interestExpense": "300000000", "nonInterestIncome": "None", "otherNonOperatingIncome": "86000000", "depreciation": "None", "depreciationAndAmortization": "261000000", "incomeBeforeTax": "4235000000", "incomeTaxExpense": "1013000000", "interestAndDebtExpense": "None", "netIncomeFromContinuingOperations": "24838000000", "comprehensiveIncomeNetOfTax": "None", "ebit": "5431000000", "ebitda": "5692000000", "netIncome": "3158000000"}, {"fiscalDateEnding": "2014-12-31", "reportedCurrency": "USD", "grossProfit": "15264000000", "totalRevenue": "15264000000", "costOfRevenue": "306000000", "costofGoodsAndServicesSold": "306000000", "operatingIncome": "4258000000", "sellingGeneralAndAdministrative": "5845000000", "researchAndDevelopment": "0", "operatingExpenses": "12177000000", "investmentIncomeNet": "None", "netInterestIncome": "None", "interestIncome": "None", "interestExpense": "354000000", "nonInterestIncome": "None", "otherNonOperatingIncome": "163000000", "depreciation": "None", "depreciationAndAmortization": "298000000", "incomeBeforeTax": "4342000000", "incomeTaxExpense": "1093000000", "interestAndDebtExpense": "None", "netIncomeFromContinuingOperations": "2651000000", "comprehensiveIncomeNetOfTax": "None", "ebit": "4557000000", "ebitda": "4855000000", "netIncome": "3165000000"}, {"fiscalDateEnding": "2013-12-31", "reportedCurrency": "USD", "grossProfit": "14548000000", "totalRevenue": "14548000000", "costOfRevenue": "308000000", "costofGoodsAndServicesSold": "308000000", "operatingIncome": "3631000000", "sellingGeneralAndAdministrative": "6019000000", "researchAndDevelopment": "0", "operatingExpenses": "11306000000", "investmentIncomeNet": "None", "netInterestIncome": "None", "interestIncome": "None", "interestExpense": "343000000", "nonInterestIncome": "None", "otherNonOperatingIncome": "183000000", "depreciation": "None", "depreciationAndAmortization": "342000000", "incomeBeforeTax": "3712000000", "incomeTaxExpense": "1520000000", "interestAndDebtExpense": "None", "netIncomeFromContinuingOperations": "2192000000", "comprehensiveIncomeNetOfTax": "None", "ebit": "4824000000", "ebitda": "5166000000", "netIncome": "2111000000"}, {"fiscalDateEnding": "2012-12-31", "reportedCurrency": "USD", "grossProfit": "14555000000", "totalRevenue": "14555000000", "costOfRevenue": "454000000", "costofGoodsAndServicesSold": "454000000", "operatingIncome": "3224000000", "sellingGeneralAndAdministrative": "5761000000", "researchAndDevelopment": "0", "operatingExpenses": "11333000000", "investmentIncomeNet": "None", "netInterestIncome": "None", "interestIncome": "None", "interestExpense": "534000000", "nonInterestIncome": "None", "otherNonOperatingIncome": "189000000", "depreciation": "None", "depreciationAndAmortization": "384000000", "incomeBeforeTax": "3302000000", "incomeTaxExpense": "779000000", "interestAndDebtExpense": "None", "netIncomeFromContinuingOperations": "2523000000", "comprehensiveIncomeNetOfTax": "None", "ebit": "4164000000", "ebitda": "4548000000", "netIncome": "2445000000"}, {"fiscalDateEnding": "2011-12-31", "reportedCurrency": "USD", "grossProfit": "15870000000", "totalRevenue": "15870000000", "costOfRevenue": "605000000", "costofGoodsAndServicesSold": "605000000", "operatingIncome": "3564000000", "sellingGeneralAndAdministrative": "6541000000", "researchAndDevelopment": "0", "operatingExpenses": "-12306000000", "investmentIncomeNet": "None", "netInterestIncome": "None", "interestIncome": "None", "interestExpense": "604000000", "nonInterestIncome": "None", "otherNonOperatingIncome": "200000000", "depreciation": "None", "depreciationAndAmortization": "428000000", "incomeBeforeTax": "3617000000", "incomeTaxExpense": "1048000000", "interestAndDebtExpense": "None", "netIncomeFromContinuingOperations": "2569000000", "comprehensiveIncomeNetOfTax": "None", "ebit": "3965000000", "ebitda": "4393000000", "netIncome": "2516000000"}, {"fiscalDateEnding": "2010-12-31", "reportedCurrency": "USD", "grossProfit": "13498000000", "totalRevenue": "13498000000", "costOfRevenue": "619000000", "costofGoodsAndServicesSold": "619000000", "operatingIncome": "3477000000", "sellingGeneralAndAdministrative": "5215000000", "researchAndDevelopment": "0", "operatingExpenses": "-10021000000", "investmentIncomeNet": "None", "netInterestIncome": "None", "interestIncome": "None", "interestExpense": "608000000", "nonInterestIncome": "None", "otherNonOperatingIncome": "226000000", "depreciation": "None", "depreciationAndAmortization": "421000000", "incomeBeforeTax": "3694000000", "incomeTaxExpense": "1047000000", "interestAndDebtExpense": "None", "netIncomeFromContinuingOperations": "2647000000", "comprehensiveIncomeNetOfTax": "None", "ebit": "3902000000", "ebitda": "4323000000", "netIncome": "2430000000"}, {"fiscalDateEnding": "2009-12-31", "reportedCurrency": "USD", "grossProfit": "7230000000", "totalRevenue": "7230000000", "costOfRevenue": "924000000", "costofGoodsAndServicesSold": "924000000", "operatingIncome": "-2479000000", "sellingGeneralAndAdministrative": "4700000000", "researchAndDevelopment": "0", "operatingExpenses": "-9709000000", "investmentIncomeNet": "None", "netInterestIncome": "None", "interestIncome": "None", "interestExpense": "592000000", "nonInterestIncome": "None", "otherNonOperatingIncome": "None", "depreciation": "None", "depreciationAndAmortization": "711000000", "incomeBeforeTax": "-2208000000", "incomeTaxExpense": "-1395000000", "interestAndDebtExpense": "None", "netIncomeFromContinuingOperations": "-813000000", "comprehensiveIncomeNetOfTax": "None", "ebit": "-2208000000", "ebitda": "-1497000000", "netIncome": "-1084000000"}, {"fiscalDateEnding": "2008-12-31", "reportedCurrency": "USD", "grossProfit": "13135000000", "totalRevenue": "13135000000", "costOfRevenue": "2818000000", "costofGoodsAndServicesSold": "2818000000", "operatingIncome": "1916000000", "sellingGeneralAndAdministrative": "5115000000", "researchAndDevelopment": "None", "operatingExpenses": "-11219000000", "investmentIncomeNet": "None", "netInterestIncome": "None", "interestIncome": "None", "interestExpense": "2687000000", "nonInterestIncome": "None", "otherNonOperatingIncome": "None", "depreciation": "None", "depreciationAndAmortization": "482000000", "incomeBeforeTax": "1939000000", "incomeTaxExpense": "497000000", "interestAndDebtExpense": "None", "netIncomeFromContinuingOperations": "None", "comprehensiveIncomeNetOfTax": "None", "ebit": "2344000000", "ebitda": "2826000000", "netIncome": "1419000000"}, {"fiscalDateEnding": "2007-12-31", "reportedCurrency": "USD", "grossProfit": "11005000000", "totalRevenue": "11005000000", "costOfRevenue": "3441000000", "costofGoodsAndServicesSold": "3441000000", "operatingIncome": "3037000000", "sellingGeneralAndAdministrative": "4120000000", "researchAndDevelopment": "None", "operatingExpenses": "-7968000000", "investmentIncomeNet": "None", "netInterestIncome": "None", "interestIncome": "None", "interestExpense": "3451000000", "nonInterestIncome": "None", "otherNonOperatingIncome": "None", "depreciation": "None", "depreciationAndAmortization": "826000000", "incomeBeforeTax": "3225000000", "incomeTaxExpense": "998000000", "interestAndDebtExpense": "None", "netIncomeFromContinuingOperations": "None", "comprehensiveIncomeNetOfTax": "None", "ebit": "3225000000", "ebitda": "4051000000", "netIncome": "2039000000"}, {"fiscalDateEnding": "2006-12-31", "reportedCurrency": "USD", "grossProfit": "4662000000", "totalRevenue": "4662000000", "costOfRevenue": "2221000000", "costofGoodsAndServicesSold": "2221000000", "operatingIncome": "3705000000", "sellingGeneralAndAdministrative": "2640000000", "researchAndDevelopment": "None", "operatingExpenses": "-957000000", "investmentIncomeNet": "None", "netInterestIncome": "None", "interestIncome": "None", "interestExpense": "2241000000", "nonInterestIncome": "None", "otherNonOperatingIncome": "None", "depreciation": "None", "depreciationAndAmortization": "494000000", "incomeBeforeTax": "2170000000", "incomeTaxExpense": "694000000", "interestAndDebtExpense": "None", "netIncomeFromContinuingOperations": "None", "comprehensiveIncomeNetOfTax": "None", "ebit": "1779000000", "ebitda": "2273000000", "netIncome": "3011000000"}, {"fiscalDateEnding": "2005-12-31", "reportedCurrency": "USD", "grossProfit": "6865000000", "totalRevenue": "6865000000", "costOfRevenue": "1462000000", "costofGoodsAndServicesSold": "1462000000", "operatingIncome": "2367000000", "sellingGeneralAndAdministrative": "2549000000", "researchAndDevelopment": "None", "operatingExpenses": "-4498000000", "investmentIncomeNet": "None", "netInterestIncome": "None", "interestIncome": "None", "interestExpense": "1447000000", "nonInterestIncome": "None", "otherNonOperatingIncome": "None", "depreciation": "None", "depreciationAndAmortization": "526000000", "incomeBeforeTax": "2367000000", "incomeTaxExpense": "796000000", "interestAndDebtExpense": "None", "netIncomeFromContinuingOperations": "None", "comprehensiveIncomeNetOfTax": "None", "ebit": "1978000000", "ebitda": "2504000000", "netIncome": "1571000000"}], "quarterlyReports": [{"fiscalDateEnding": "2024-12-31", "reportedCurrency": "USD", "grossProfit": "4760000000", "totalRevenue": "4760000000", "costOfRevenue": "None", "costofGoodsAndServicesSold": "None", "operatingIncome": "None", "sellingGeneralAndAdministrative": "1682000000", "researchAndDevelopment": "None", "operatingExpenses": "4760000000", "investmentIncomeNet": "None", "netInterestIncome": "1194000000", "interestIncome": "6467000000", "interestExpense": "5273000000", "nonInterestIncome": "None", "otherNonOperatingIncome": "None", "depreciation": "None", "depreciationAndAmortization": "428000000", "incomeBeforeTax": "1472000000", "incomeTaxExpense": "315000000", "interestAndDebtExpense": "None", "netIncomeFromContinuingOperations": "1157000000", "comprehensiveIncomeNetOfTax": "None", "ebit": "None", "ebitda": "None", "netIncome": "1155000000"}, {"fiscalDateEnding": "2024-09-30", "reportedCurrency": "USD", "grossProfit": "4525000000", "totalRevenue": "4558000000", "costOfRevenue": "33000000", "costofGoodsAndServicesSold": "33000000", "operatingIncome": "1465000000", "sellingGeneralAndAdministrative": "1696000000", "researchAndDevelopment": "None", "operatingExpenses": "4558000000", "investmentIncomeNet": "None", "netInterestIncome": "1048000000", "interestIncome": "6652000000", "interestExpense": "5604000000", "nonInterestIncome": "None", "otherNonOperatingIncome": "None", "depreciation": "None", "depreciationAndAmortization": "451000000", "incomeBeforeTax": "1525000000", "incomeTaxExpense": "336000000", "interestAndDebtExpense": "None", "netIncomeFromContinuingOperations": "1189000000", "comprehensiveIncomeNetOfTax": "None", "ebit": "1525000000", "ebitda": "1976000000", "netIncome": "1182000000"}, {"fiscalDateEnding": "2024-06-30", "reportedCurrency": "USD", "grossProfit": "4564000000", "totalRevenue": "4597000000", "costOfRevenue": "33000000", "costofGoodsAndServicesSold": "33000000", "operatingIncome": "1527000000", "sellingGeneralAndAdministrative": "1720000000", "researchAndDevelopment": "None", "operatingExpenses": "3070000000", "investmentIncomeNet": "None", "netInterestIncome": "1030000000", "interestIncome": "6392000000", "interestExpense": "5362000000", "nonInterestIncome": "None", "otherNonOperatingIncome": "None", "depreciation": "None", "depreciationAndAmortization": "13000000", "incomeBeforeTax": "1527000000", "incomeTaxExpense": "357000000", "interestAndDebtExpense": "None", "netIncomeFromContinuingOperations": "1170000000", "comprehensiveIncomeNetOfTax": "None", "ebit": "1970000000", "ebitda": "1983000000", "netIncome": "1168000000"}, {"fiscalDateEnding": "2024-03-31", "reportedCurrency": "USD", "grossProfit": "4402000000", "totalRevenue": "4431000000", "costOfRevenue": "29000000", "costofGoodsAndServicesSold": "29000000", "operatingIncome": "1255000000", "sellingGeneralAndAdministrative": "1821000000", "researchAndDevelopment": "None", "operatingExpenses": "3176000000", "investmentIncomeNet": "None", "netInterestIncome": "1040000000", "interestIncome": "6096000000", "interestExpense": "5056000000", "nonInterestIncome": "None", "otherNonOperatingIncome": "None", "depreciation": "None", "depreciationAndAmortization": "468000000", "incomeBeforeTax": "1324000000", "incomeTaxExpense": "297000000", "interestAndDebtExpense": "None", "netIncomeFromContinuingOperations": "1027000000", "comprehensiveIncomeNetOfTax": "None", "ebit": "1324000000", "ebitda": "1792000000", "netIncome": "1025000000"}, {"fiscalDateEnding": "2023-12-31", "reportedCurrency": "USD", "grossProfit": "4367000000", "totalRevenue": "4367000000", "costOfRevenue": "None", "costofGoodsAndServicesSold": "None", "operatingIncome": "372000000", "sellingGeneralAndAdministrative": "1631000000", "researchAndDevelopment": "None", "operatingExpenses": "3995000000", "investmentIncomeNet": "None", "netInterestIncome": "1101000000", "interestIncome": "5963000000", "interestExpense": "597000000", "nonInterestIncome": "None", "otherNonOperatingIncome": "None", "depreciation": "None", "depreciationAndAmortization": "626000000", "incomeBeforeTax": "359000000", "incomeTaxExpense": "59000000", "interestAndDebtExpense": "None", "netIncomeFromContinuingOperations": "203000000", "comprehensiveIncomeNetOfTax": "None", "ebit": "359000000", "ebitda": "985000000", "netIncome": "162000000"}, {"fiscalDateEnding": "2023-09-30", "reportedCurrency": "USD", "grossProfit": "4256000000", "totalRevenue": "4285000000", "costOfRevenue": "29000000", "costofGoodsAndServicesSold": "29000000", "operatingIncome": "1196000000", "sellingGeneralAndAdministrative": "1714000000", "researchAndDevelopment": "None", "operatingExpenses": "3089000000", "investmentIncomeNet": "None", "netInterestIncome": "1016000000", "interestIncome": "1016000000", "interestExpense": "4503000000", "nonInterestIncome": "None", "otherNonOperatingIncome": "None", "depreciation": "None", "depreciationAndAmortization": "392000000", "incomeBeforeTax": "1282000000", "incomeTaxExpense": "241000000", "interestAndDebtExpense": "None", "netIncomeFromContinuingOperations": "1041000000", "comprehensiveIncomeNetOfTax": "None", "ebit": "1212000000", "ebitda": "1604000000", "netIncome": "1038000000"}, {"fiscalDateEnding": "2023-06-30", "reportedCurrency": "USD", "grossProfit": "4331000000", "totalRevenue": "4361000000", "costOfRevenue": "30000000", "costofGoodsAndServicesSold": "30000000", "operatingIncome": "1250000000", "sellingGeneralAndAdministrative": "1718000000", "researchAndDevelopment": "None", "operatingExpenses": "3111000000", "investmentIncomeNet": "None", "netInterestIncome": "1100000000", "interestIncome": "1100000000", "interestExpense": "4124000000", "nonInterestIncome": "None", "otherNonOperatingIncome": "None", "depreciation": "None", "depreciationAndAmortization": "379000000", "incomeBeforeTax": "1338000000", "incomeTaxExpense": "270000000", "interestAndDebtExpense": "None", "netIncomeFromContinuingOperations": "1068000000", "comprehensiveIncomeNetOfTax": "None", "ebit": "1408000000", "ebitda": "1787000000", "netIncome": "1067000000"}, {"fiscalDateEnding": "2023-03-31", "reportedCurrency": "USD", "grossProfit": "4303000000", "totalRevenue": "4331000000", "costOfRevenue": "28000000", "costofGoodsAndServicesSold": "28000000", "operatingIncome": "1231000000", "sellingGeneralAndAdministrative": "1791000000", "researchAndDevelopment": "None", "operatingExpenses": "3100000000", "investmentIncomeNet": "None", "netInterestIncome": "1128000000", "interestIncome": "1128000000", "interestExpense": "2814000000", "nonInterestIncome": "None", "otherNonOperatingIncome": "None", "depreciation": "None", "depreciationAndAmortization": "351000000", "incomeBeforeTax": "1236000000", "incomeTaxExpense": "260000000", "interestAndDebtExpense": "None", "netIncomeFromContinuingOperations": "976000000", "comprehensiveIncomeNetOfTax": "None", "ebit": "1236000000", "ebitda": "1587000000", "netIncome": "982000000"}, {"fiscalDateEnding": "2022-12-31", "reportedCurrency": "USD", "grossProfit": "3832000000", "totalRevenue": "3832000000", "costOfRevenue": "None", "costofGoodsAndServicesSold": "None", "operatingIncome": "3191000000", "sellingGeneralAndAdministrative": "1802000000", "researchAndDevelopment": "None", "operatingExpenses": "-641000000", "investmentIncomeNet": "None", "netInterestIncome": "1056000000", "interestIncome": "1056000000", "interestExpense": "2141000000", "nonInterestIncome": "None", "otherNonOperatingIncome": "None", "depreciation": "None", "depreciationAndAmortization": "381000000", "incomeBeforeTax": "685000000", "incomeTaxExpense": "142000000", "interestAndDebtExpense": "None", "netIncomeFromContinuingOperations": "543000000", "comprehensiveIncomeNetOfTax": "None", "ebit": "2826000000", "ebitda": "3207000000", "netIncome": "543000000"}, {"fiscalDateEnding": "2022-09-30", "reportedCurrency": "USD", "grossProfit": "4154000000", "totalRevenue": "4154000000", "costOfRevenue": "562000000", "costofGoodsAndServicesSold": "562000000", "operatingIncome": "1327000000", "sellingGeneralAndAdministrative": "1673000000", "researchAndDevelopment": "None", "operatingExpenses": "3679000000", "investmentIncomeNet": "None", "netInterestIncome": "926000000", "interestIncome": "1984000000", "interestExpense": "1058000000", "nonInterestIncome": "None", "otherNonOperatingIncome": "None", "depreciation": "None", "depreciationAndAmortization": "396000000", "incomeBeforeTax": "630000000", "incomeTaxExpense": "242000000", "interestAndDebtExpense": "None", "netIncomeFromContinuingOperations": "388000000", "comprehensiveIncomeNetOfTax": "None", "ebit": "630000000", "ebitda": "1026000000", "netIncome": "319000000"}, {"fiscalDateEnding": "2022-06-30", "reportedCurrency": "USD", "grossProfit": "4138000000", "totalRevenue": "4164000000", "costOfRevenue": "26000000", "costofGoodsAndServicesSold": "26000000", "operatingIncome": "1112000000", "sellingGeneralAndAdministrative": "1623000000", "researchAndDevelopment": "None", "operatingExpenses": "3112000000", "investmentIncomeNet": "None", "netInterestIncome": "824000000", "interestIncome": "1159000000", "interestExpense": "335000000", "nonInterestIncome": "None", "otherNonOperatingIncome": "None", "depreciation": "None", "depreciationAndAmortization": "422000000", "incomeBeforeTax": "1095000000", "incomeTaxExpense": "231000000", "interestAndDebtExpense": "None", "netIncomeFromContinuingOperations": "864000000", "comprehensiveIncomeNetOfTax": "None", "ebit": "1095000000", "ebitda": "1517000000", "netIncome": "835000000"}, {"fiscalDateEnding": "2022-03-31", "reportedCurrency": "USD", "grossProfit": "3824000000", "totalRevenue": "3847000000", "costOfRevenue": "23000000", "costofGoodsAndServicesSold": "23000000", "operatingIncome": "1426000000", "sellingGeneralAndAdministrative": "1702000000", "researchAndDevelopment": "None", "operatingExpenses": "-2398000000", "investmentIncomeNet": "None", "netInterestIncome": "698000000", "interestIncome": "778000000", "interestExpense": "80000000", "nonInterestIncome": "None", "otherNonOperatingIncome": "None", "depreciation": "None", "depreciationAndAmortization": "437000000", "incomeBeforeTax": "918000000", "incomeTaxExpense": "153000000", "interestAndDebtExpense": "None", "netIncomeFromContinuingOperations": "765000000", "comprehensiveIncomeNetOfTax": "None", "ebit": "918000000", "ebitda": "1355000000", "netIncome": "699000000"}, {"fiscalDateEnding": "2021-12-31", "reportedCurrency": "USD", "grossProfit": "3940000000", "totalRevenue": "3940000000", "costOfRevenue": "None", "costofGoodsAndServicesSold": "None", "operatingIncome": "1111000000", "sellingGeneralAndAdministrative": "1633000000", "researchAndDevelopment": "None", "operatingExpenses": "-2829000000", "investmentIncomeNet": "None", "netInterestIncome": "677000000", "interestIncome": "729000000", "interestExpense": "52000000", "nonInterestIncome": "None", "otherNonOperatingIncome": "None", "depreciation": "None", "depreciationAndAmortization": "461000000", "incomeBeforeTax": "1065000000", "incomeTaxExpense": "196000000", "interestAndDebtExpense": "None", "netIncomeFromContinuingOperations": "869000000", "comprehensiveIncomeNetOfTax": "None", "ebit": "1061000000", "ebitda": "1522000000", "netIncome": "822000000"}, {"fiscalDateEnding": "2021-09-30", "reportedCurrency": "USD", "grossProfit": "3930000000", "totalRevenue": "3959000000", "costOfRevenue": "29000000", "costofGoodsAndServicesSold": "29000000", "operatingIncome": "1667000000", "sellingGeneralAndAdministrative": "1584000000", "researchAndDevelopment": "None", "operatingExpenses": "-2263000000", "investmentIncomeNet": "None", "netInterestIncome": "641000000", "interestIncome": "693000000", "interestExpense": "52000000", "nonInterestIncome": "None", "otherNonOperatingIncome": "None", "depreciation": "None", "depreciationAndAmortization": "468000000", "incomeBeforeTax": "1162000000", "incomeTaxExpense": "219000000", "interestAndDebtExpense": "None", "netIncomeFromContinuingOperations": "943000000", "comprehensiveIncomeNetOfTax": "None", "ebit": "1162000000", "ebitda": "1630000000", "netIncome": "881000000"}, {"fiscalDateEnding": "2021-06-30", "reportedCurrency": "USD", "grossProfit": "3855000000", "totalRevenue": "3887000000", "costOfRevenue": "32000000", "costofGoodsAndServicesSold": "32000000", "operatingIncome": "1755000000", "sellingGeneralAndAdministrative": "1518000000", "researchAndDevelopment": "None", "operatingExpenses": "-2100000000", "investmentIncomeNet": "None", "netInterestIncome": "645000000", "interestIncome": "685000000", "interestExpense": "40000000", "nonInterestIncome": "None", "otherNonOperatingIncome": "None", "depreciation": "None", "depreciationAndAmortization": "472000000", "incomeBeforeTax": "1268000000", "incomeTaxExpense": "241000000", "interestAndDebtExpense": "None", "netIncomeFromContinuingOperations": "1027000000", "comprehensiveIncomeNetOfTax": "None", "ebit": "1268000000", "ebitda": "1740000000", "netIncome": "990000000"}, {"fiscalDateEnding": "2021-03-31", "reportedCurrency": "USD", "grossProfit": "3818000000", "totalRevenue": "3847000000", "costOfRevenue": "29000000", "costofGoodsAndServicesSold": "29000000", "operatingIncome": "1673000000", "sellingGeneralAndAdministrative": "1602000000", "researchAndDevelopment": "None", "operatingExpenses": "-2145000000", "investmentIncomeNet": "None", "netInterestIncome": "655000000", "interestIncome": "738000000", "interestExpense": "83000000", "nonInterestIncome": "None", "otherNonOperatingIncome": "None", "depreciation": "None", "depreciationAndAmortization": "466000000", "incomeBeforeTax": "1153000000", "incomeTaxExpense": "221000000", "interestAndDebtExpense": "None", "netIncomeFromContinuingOperations": "932000000", "comprehensiveIncomeNetOfTax": "None", "ebit": "1153000000", "ebitda": "1619000000", "netIncome": "857000000"}, {"fiscalDateEnding": "2020-12-31", "reportedCurrency": "USD", "grossProfit": "3768000000", "totalRevenue": "3768000000", "costOfRevenue": "None", "costofGoodsAndServicesSold": "None", "operatingIncome": "1423000000", "sellingGeneralAndAdministrative": "1554000000", "researchAndDevelopment": "None", "operatingExpenses": "-2345000000", "investmentIncomeNet": "None", "netInterestIncome": "680000000", "interestIncome": "776000000", "interestExpense": "96000000", "nonInterestIncome": "None", "otherNonOperatingIncome": "41000000", "depreciation": "None", "depreciationAndAmortization": "455000000", "incomeBeforeTax": "903000000", "incomeTaxExpense": "148000000", "interestAndDebtExpense": "None", "netIncomeFromContinuingOperations": "755000000", "comprehensiveIncomeNetOfTax": "None", "ebit": "903000000", "ebitda": "1358000000", "netIncome": "701000000"}, {"fiscalDateEnding": "2020-09-30", "reportedCurrency": "USD", "grossProfit": "3732000000", "totalRevenue": "3762000000", "costOfRevenue": "30000000", "costofGoodsAndServicesSold": "30000000", "operatingIncome": "1672000000", "sellingGeneralAndAdministrative": "1466000000", "researchAndDevelopment": "None", "operatingExpenses": "-2060000000", "investmentIncomeNet": "None", "netInterestIncome": "703000000", "interestIncome": "820000000", "interestExpense": "117000000", "nonInterestIncome": "None", "otherNonOperatingIncome": "27000000", "depreciation": "None", "depreciationAndAmortization": "431000000", "incomeBeforeTax": "1157000000", "incomeTaxExpense": "213000000", "interestAndDebtExpense": "None", "netIncomeFromContinuingOperations": "944000000", "comprehensiveIncomeNetOfTax": "None", "ebit": "1157000000", "ebitda": "1588000000", "netIncome": "875000000"}, {"fiscalDateEnding": "2020-06-30", "reportedCurrency": "USD", "grossProfit": "3896000000", "totalRevenue": "3925000000", "costOfRevenue": "29000000", "costofGoodsAndServicesSold": "29000000", "operatingIncome": "1693000000", "sellingGeneralAndAdministrative": "1464000000", "researchAndDevelopment": "None", "operatingExpenses": "-2203000000", "investmentIncomeNet": "None", "netInterestIncome": "780000000", "interestIncome": "943000000", "interestExpense": "163000000", "nonInterestIncome": "None", "otherNonOperatingIncome": "54000000", "depreciation": "None", "depreciationAndAmortization": "390000000", "incomeBeforeTax": "1181000000", "incomeTaxExpense": "216000000", "interestAndDebtExpense": "None", "netIncomeFromContinuingOperations": "965000000", "comprehensiveIncomeNetOfTax": "None", "ebit": "1181000000", "ebitda": "1571000000", "netIncome": "900000000"}, {"fiscalDateEnding": "2020-03-31", "reportedCurrency": "USD", "grossProfit": "3987000000", "totalRevenue": "4017000000", "costOfRevenue": "30000000", "costofGoodsAndServicesSold": "30000000", "operatingIncome": "2329000000", "sellingGeneralAndAdministrative": "1482000000", "researchAndDevelopment": "None", "operatingExpenses": "-1658000000", "investmentIncomeNet": "None", "netInterestIncome": "814000000", "interestIncome": "1570000000", "interestExpense": "756000000", "nonInterestIncome": "None", "otherNonOperatingIncome": "-38000000", "depreciation": "None", "depreciationAndAmortization": "354000000", "incomeBeforeTax": "1227000000", "incomeTaxExpense": "265000000", "interestAndDebtExpense": "None", "netIncomeFromContinuingOperations": "962000000", "comprehensiveIncomeNetOfTax": "None", "ebit": "1227000000", "ebitda": "1581000000", "netIncome": "941000000"}, {"fiscalDateEnding": "2019-12-31", "reportedCurrency": "USD", "grossProfit": "4686000000", "totalRevenue": "4686000000", "costOfRevenue": "None", "costofGoodsAndServicesSold": "None", "operatingIncome": "3035000000", "sellingGeneralAndAdministrative": "1639000000", "researchAndDevelopment": "None", "operatingExpenses": "-1651000000", "investmentIncomeNet": "None", "netInterestIncome": "815000000", "interestIncome": "1721000000", "interestExpense": "906000000", "nonInterestIncome": "None", "otherNonOperatingIncome": "17000000", "depreciation": "None", "depreciationAndAmortization": "344000000", "incomeBeforeTax": "1822000000", "incomeTaxExpense": "373000000", "interestAndDebtExpense": "None", "netIncomeFromContinuingOperations": "1449000000", "comprehensiveIncomeNetOfTax": "None", "ebit": "1822000000", "ebitda": "2166000000", "netIncome": "1385000000"}, {"fiscalDateEnding": "2019-09-30", "reportedCurrency": "USD", "grossProfit": "3731000000", "totalRevenue": "3764000000", "costOfRevenue": "33000000", "costofGoodsAndServicesSold": "33000000", "operatingIncome": "2802000000", "sellingGeneralAndAdministrative": "1479000000", "researchAndDevelopment": "None", "operatingExpenses": "-929000000", "investmentIncomeNet": "None", "netInterestIncome": "730000000", "interestIncome": "1942000000", "interestExpense": "1212000000", "nonInterestIncome": "None", "otherNonOperatingIncome": "3000000", "depreciation": "None", "depreciationAndAmortization": "336000000", "incomeBeforeTax": "1287000000", "incomeTaxExpense": "246000000", "interestAndDebtExpense": "None", "netIncomeFromContinuingOperations": "1041000000", "comprehensiveIncomeNetOfTax": "None", "ebit": "1287000000", "ebitda": "1623000000", "netIncome": "999000000"}, {"fiscalDateEnding": "2019-06-30", "reportedCurrency": "USD", "grossProfit": "3797000000", "totalRevenue": "3830000000", "costOfRevenue": "33000000", "costofGoodsAndServicesSold": "33000000", "operatingIncome": "2747000000", "sellingGeneralAndAdministrative": "1421000000", "researchAndDevelopment": "None", "operatingExpenses": "-1050000000", "investmentIncomeNet": "None", "netInterestIncome": "802000000", "interestIncome": "1965000000", "interestExpense": "1163000000", "nonInterestIncome": "None", "otherNonOperatingIncome": "10000000", "depreciation": "None", "depreciationAndAmortization": "333000000", "incomeBeforeTax": "1285000000", "incomeTaxExpense": "264000000", "interestAndDebtExpense": "None", "netIncomeFromContinuingOperations": "1021000000", "comprehensiveIncomeNetOfTax": "None", "ebit": "1285000000", "ebitda": "1618000000", "netIncome": "965000000"}, {"fiscalDateEnding": "2019-03-31", "reportedCurrency": "USD", "grossProfit": "3777000000", "totalRevenue": "3808000000", "costOfRevenue": "31000000", "costofGoodsAndServicesSold": "31000000", "operatingIncome": "2535000000", "sellingGeneralAndAdministrative": "1524000000", "researchAndDevelopment": "None", "operatingExpenses": "-1242000000", "investmentIncomeNet": "None", "netInterestIncome": "841000000", "interestIncome": "1920000000", "interestExpense": "1079000000", "nonInterestIncome": "None", "otherNonOperatingIncome": "26000000", "depreciation": "None", "depreciationAndAmortization": "302000000", "incomeBeforeTax": "1193000000", "incomeTaxExpense": "237000000", "interestAndDebtExpense": "None", "netIncomeFromContinuingOperations": "956000000", "comprehensiveIncomeNetOfTax": "None", "ebit": "1193000000", "ebitda": "1495000000", "netIncome": "905000000"}, {"fiscalDateEnding": "2018-12-31", "reportedCurrency": "USD", "grossProfit": "3622000000", "totalRevenue": "3622000000", "costOfRevenue": "979000000", "costofGoodsAndServicesSold": "979000000", "operatingIncome": "2286000000", "sellingGeneralAndAdministrative": "1628000000", "researchAndDevelopment": "0", "operatingExpenses": "-1336000000", "investmentIncomeNet": "None", "netInterestIncome": "None", "interestIncome": "None", "interestExpense": "979000000", "nonInterestIncome": "None", "otherNonOperatingIncome": "-24000000", "depreciation": "None", "depreciationAndAmortization": "52000000", "incomeBeforeTax": "728000000", "incomeTaxExpense": "-453000000", "interestAndDebtExpense": "None", "netIncomeFromContinuingOperations": "-4598000000", "comprehensiveIncomeNetOfTax": "None", "ebit": "1514000000", "ebitda": "1566000000", "netIncome": "1175000000"}, {"fiscalDateEnding": "2018-09-30", "reportedCurrency": "USD", "grossProfit": "3937000000", "totalRevenue": "3970000000", "costOfRevenue": "33000000", "costofGoodsAndServicesSold": "33000000", "operatingIncome": "2360000000", "sellingGeneralAndAdministrative": "1478000000", "researchAndDevelopment": "0", "operatingExpenses": "-1577000000", "investmentIncomeNet": "None", "netInterestIncome": "None", "interestIncome": "None", "interestExpense": "743000000", "nonInterestIncome": "None", "otherNonOperatingIncome": "10000000", "depreciation": "None", "depreciationAndAmortization": "48000000", "incomeBeforeTax": "1334000000", "incomeTaxExpense": "220000000", "interestAndDebtExpense": "None", "netIncomeFromContinuingOperations": "1114000000", "comprehensiveIncomeNetOfTax": "None", "ebit": "1620000000", "ebitda": "1668000000", "netIncome": "1068000000"}, {"fiscalDateEnding": "2018-06-30", "reportedCurrency": "USD", "grossProfit": "3998000000", "totalRevenue": "4032000000", "costOfRevenue": "34000000", "costofGoodsAndServicesSold": "34000000", "operatingIncome": "2320000000", "sellingGeneralAndAdministrative": "1489000000", "researchAndDevelopment": "0", "operatingExpenses": "-1678000000", "investmentIncomeNet": "None", "netInterestIncome": "None", "interestIncome": "None", "interestExpense": "637000000", "nonInterestIncome": "None", "otherNonOperatingIncome": "12000000", "depreciation": "None", "depreciationAndAmortization": "48000000", "incomeBeforeTax": "1394000000", "incomeTaxExpense": "286000000", "interestAndDebtExpense": "None", "netIncomeFromContinuingOperations": "1108000000", "comprehensiveIncomeNetOfTax": "None", "ebit": "1688000000", "ebitda": "1736000000", "netIncome": "1048000000"}, {"fiscalDateEnding": "2018-03-31", "reportedCurrency": "USD", "grossProfit": "4037000000", "totalRevenue": "4072000000", "costOfRevenue": "35000000", "costofGoodsAndServicesSold": "35000000", "operatingIncome": "2201000000", "sellingGeneralAndAdministrative": "1576000000", "researchAndDevelopment": "0", "operatingExpenses": "-1836000000", "investmentIncomeNet": "None", "netInterestIncome": "None", "interestIncome": "None", "interestExpense": "462000000", "nonInterestIncome": "None", "otherNonOperatingIncome": "-11000000", "depreciation": "None", "depreciationAndAmortization": "49000000", "incomeBeforeTax": "1444000000", "incomeTaxExpense": "282000000", "interestAndDebtExpense": "None", "netIncomeFromContinuingOperations": "6630000000", "comprehensiveIncomeNetOfTax": "None", "ebit": "1730000000", "ebitda": "1779000000", "netIncome": "1127000000"}, {"fiscalDateEnding": "2017-12-31", "reportedCurrency": "USD", "grossProfit": "3622000000", "totalRevenue": "3622000000", "costOfRevenue": "362000000", "costofGoodsAndServicesSold": "362000000", "operatingIncome": "1468000000", "sellingGeneralAndAdministrative": "1614000000", "researchAndDevelopment": "0", "operatingExpenses": "-2154000000", "investmentIncomeNet": "None", "netInterestIncome": "None", "interestIncome": "None", "interestExpense": "368000000", "nonInterestIncome": "None", "otherNonOperatingIncome": "-1000000", "depreciation": "None", "depreciationAndAmortization": "52000000", "incomeBeforeTax": "728000000", "incomeTaxExpense": "-453000000", "interestAndDebtExpense": "None", "netIncomeFromContinuingOperations": "7163000000", "comprehensiveIncomeNetOfTax": "None", "ebit": "1336000000", "ebitda": "1388000000", "netIncome": "1118000000"}, {"fiscalDateEnding": "2017-09-30", "reportedCurrency": "USD", "grossProfit": "3838000000", "totalRevenue": "3907000000", "costOfRevenue": "69000000", "costofGoodsAndServicesSold": "69000000", "operatingIncome": "1977000000", "sellingGeneralAndAdministrative": "1469000000", "researchAndDevelopment": "0", "operatingExpenses": "-1861000000", "investmentIncomeNet": "None", "netInterestIncome": "None", "interestIncome": "None", "interestExpense": "312000000", "nonInterestIncome": "None", "otherNonOperatingIncome": "28000000", "depreciation": "None", "depreciationAndAmortization": "52000000", "incomeBeforeTax": "1368000000", "incomeTaxExpense": "348000000", "interestAndDebtExpense": "None", "netIncomeFromContinuingOperations": "6334000000", "comprehensiveIncomeNetOfTax": "None", "ebit": "1667000000", "ebitda": "1719000000", "netIncome": "975000000"}, {"fiscalDateEnding": "2017-06-30", "reportedCurrency": "USD", "grossProfit": "3784000000", "totalRevenue": "3852000000", "costOfRevenue": "68000000", "costofGoodsAndServicesSold": "68000000", "operatingIncome": "1826000000", "sellingGeneralAndAdministrative": "1417000000", "researchAndDevelopment": "0", "operatingExpenses": "-1958000000", "investmentIncomeNet": "None", "netInterestIncome": "None", "interestIncome": "None", "interestExpense": "226000000", "nonInterestIncome": "None", "otherNonOperatingIncome": "10000000", "depreciation": "None", "depreciationAndAmortization": "53000000", "incomeBeforeTax": "1308000000", "incomeTaxExpense": "332000000", "interestAndDebtExpense": "None", "netIncomeFromContinuingOperations": "6272000000", "comprehensiveIncomeNetOfTax": "None", "ebit": "1601000000", "ebitda": "1654000000", "netIncome": "913000000"}, {"fiscalDateEnding": "2017-03-31", "reportedCurrency": "USD", "grossProfit": "3679000000", "totalRevenue": "3743000000", "costOfRevenue": "64000000", "costofGoodsAndServicesSold": "64000000", "operatingIncome": "1654000000", "sellingGeneralAndAdministrative": "1472000000", "researchAndDevelopment": "0", "operatingExpenses": "-2025000000", "investmentIncomeNet": "None", "netInterestIncome": "None", "interestIncome": "None", "interestExpense": "168000000", "nonInterestIncome": "None", "otherNonOperatingIncome": "33000000", "depreciation": "None", "depreciationAndAmortization": "52000000", "incomeBeforeTax": "1206000000", "incomeTaxExpense": "269000000", "interestAndDebtExpense": "None", "netIncomeFromContinuingOperations": "6211000000", "comprehensiveIncomeNetOfTax": "None", "ebit": "1501000000", "ebitda": "1553000000", "netIncome": "866000000"}, {"fiscalDateEnding": "2016-12-31", "reportedCurrency": "USD", "grossProfit": "3692000000", "totalRevenue": "3692000000", "costOfRevenue": "104000000", "costofGoodsAndServicesSold": "104000000", "operatingIncome": "1571000000", "sellingGeneralAndAdministrative": "1395000000", "researchAndDevelopment": "0", "operatingExpenses": "-2121000000", "investmentIncomeNet": "None", "netInterestIncome": "None", "interestIncome": "None", "interestExpense": "97000000", "nonInterestIncome": "None", "otherNonOperatingIncome": "5000000", "depreciation": "None", "depreciationAndAmortization": "60000000", "incomeBeforeTax": "1152000000", "incomeTaxExpense": "280000000", "interestAndDebtExpense": "None", "netIncomeFromContinuingOperations": "5570000000", "comprehensiveIncomeNetOfTax": "None", "ebit": "1476000000", "ebitda": "1536000000", "netIncome": "809000000"}, {"fiscalDateEnding": "2016-09-30", "reportedCurrency": "USD", "grossProfit": "3768000000", "totalRevenue": "3836000000", "costOfRevenue": "68000000", "costofGoodsAndServicesSold": "68000000", "operatingIncome": "1720000000", "sellingGeneralAndAdministrative": "1467000000", "researchAndDevelopment": "0", "operatingExpenses": "-2048000000", "investmentIncomeNet": "None", "netInterestIncome": "None", "interestIncome": "None", "interestExpense": "100000000", "nonInterestIncome": "None", "otherNonOperatingIncome": "17000000", "depreciation": "None", "depreciationAndAmortization": "61000000", "incomeBeforeTax": "1317000000", "incomeTaxExpense": "324000000", "interestAndDebtExpense": "None", "netIncomeFromContinuingOperations": "6241000000", "comprehensiveIncomeNetOfTax": "None", "ebit": "1626000000", "ebitda": "1687000000", "netIncome": "959000000"}, {"fiscalDateEnding": "2016-06-30", "reportedCurrency": "USD", "grossProfit": "3610000000", "totalRevenue": "3674000000", "costOfRevenue": "64000000", "costofGoodsAndServicesSold": "64000000", "operatingIncome": "1611000000", "sellingGeneralAndAdministrative": "1412000000", "researchAndDevelopment": "0", "operatingExpenses": "-1999000000", "investmentIncomeNet": "None", "netInterestIncome": "None", "interestIncome": "None", "interestExpense": "123000000", "nonInterestIncome": "None", "otherNonOperatingIncome": "10000000", "depreciation": "None", "depreciationAndAmortization": "59000000", "incomeBeforeTax": "1165000000", "incomeTaxExpense": "290000000", "interestAndDebtExpense": "None", "netIncomeFromContinuingOperations": "6411000000", "comprehensiveIncomeNetOfTax": "None", "ebit": "1611000000", "ebitda": "1670000000", "netIncome": "812000000"}, {"fiscalDateEnding": "2016-03-31", "reportedCurrency": "USD", "grossProfit": "3601000000", "totalRevenue": "3630000000", "costOfRevenue": "29000000", "costofGoodsAndServicesSold": "29000000", "operatingIncome": "1524000000", "sellingGeneralAndAdministrative": "1459000000", "researchAndDevelopment": "0", "operatingExpenses": "-2077000000", "investmentIncomeNet": "None", "netInterestIncome": "None", "interestIncome": "None", "interestExpense": "117000000", "nonInterestIncome": "None", "otherNonOperatingIncome": "-6000000", "depreciation": "None", "depreciationAndAmortization": "57000000", "incomeBeforeTax": "1091000000", "incomeTaxExpense": "283000000", "interestAndDebtExpense": "None", "netIncomeFromContinuingOperations": "6350000000", "comprehensiveIncomeNetOfTax": "None", "ebit": "1524000000", "ebitda": "1581000000", "netIncome": "793000000"}, {"fiscalDateEnding": "2015-12-31", "reportedCurrency": "USD", "grossProfit": "3634000000", "totalRevenue": "3634000000", "costOfRevenue": "237000000", "costofGoodsAndServicesSold": "237000000", "operatingIncome": "1251000000", "sellingGeneralAndAdministrative": "1481000000", "researchAndDevelopment": "0", "operatingExpenses": "-2383000000", "investmentIncomeNet": "None", "netInterestIncome": "None", "interestIncome": "None", "interestExpense": "74000000", "nonInterestIncome": "None", "otherNonOperatingIncome": "-53000000", "depreciation": "None", "depreciationAndAmortization": "64000000", "incomeBeforeTax": "871000000", "incomeTaxExpense": "175000000", "interestAndDebtExpense": "None", "netIncomeFromContinuingOperations": "11455000000", "comprehensiveIncomeNetOfTax": "None", "ebit": "1251000000", "ebitda": "1315000000", "netIncome": "628000000"}, {"fiscalDateEnding": "2015-09-30", "reportedCurrency": "USD", "grossProfit": "3666000000", "totalRevenue": "3695000000", "costOfRevenue": "29000000", "costofGoodsAndServicesSold": "29000000", "operatingIncome": "1504000000", "sellingGeneralAndAdministrative": "1437000000", "researchAndDevelopment": "0", "operatingExpenses": "-2162000000", "investmentIncomeNet": "None", "netInterestIncome": "None", "interestIncome": "None", "interestExpense": "79000000", "nonInterestIncome": "None", "otherNonOperatingIncome": "-22000000", "depreciation": "None", "depreciationAndAmortization": "66000000", "incomeBeforeTax": "1109000000", "incomeTaxExpense": "282000000", "interestAndDebtExpense": "None", "netIncomeFromContinuingOperations": "6169000000", "comprehensiveIncomeNetOfTax": "None", "ebit": "1504000000", "ebitda": "1570000000", "netIncome": "814000000"}, {"fiscalDateEnding": "2015-06-30", "reportedCurrency": "USD", "grossProfit": "3760000000", "totalRevenue": "3790000000", "costOfRevenue": "30000000", "costofGoodsAndServicesSold": "30000000", "operatingIncome": "1500000000", "sellingGeneralAndAdministrative": "1434000000", "researchAndDevelopment": "0", "operatingExpenses": "-2260000000", "investmentIncomeNet": "None", "netInterestIncome": "None", "interestIncome": "None", "interestExpense": "68000000", "nonInterestIncome": "None", "otherNonOperatingIncome": "40000000", "depreciation": "None", "depreciationAndAmortization": "65000000", "incomeBeforeTax": "1165000000", "incomeTaxExpense": "276000000", "interestAndDebtExpense": "None", "netIncomeFromContinuingOperations": "6345000000", "comprehensiveIncomeNetOfTax": "None", "ebit": "1500000000", "ebitda": "1565000000", "netIncome": "821000000"}, {"fiscalDateEnding": "2015-03-31", "reportedCurrency": "USD", "grossProfit": "3723000000", "totalRevenue": "3753000000", "costOfRevenue": "30000000", "costofGoodsAndServicesSold": "30000000", "operatingIncome": "1412000000", "sellingGeneralAndAdministrative": "1485000000", "researchAndDevelopment": "0", "operatingExpenses": "-2311000000", "investmentIncomeNet": "None", "netInterestIncome": "None", "interestIncome": "None", "interestExpense": "79000000", "nonInterestIncome": "None", "otherNonOperatingIncome": "121000000", "depreciation": "None", "depreciationAndAmortization": "66000000", "incomeBeforeTax": "1149000000", "incomeTaxExpense": "280000000", "interestAndDebtExpense": "None", "netIncomeFromContinuingOperations": "869000000", "comprehensiveIncomeNetOfTax": "None", "ebit": "1412000000", "ebitda": "1478000000", "netIncome": "754000000"}, {"fiscalDateEnding": "2014-12-31", "reportedCurrency": "USD", "grossProfit": "2751000000", "totalRevenue": "2751000000", "costOfRevenue": "91000000", "costofGoodsAndServicesSold": "91000000", "operatingIncome": "473000000", "sellingGeneralAndAdministrative": "1418000000", "researchAndDevelopment": "0", "operatingExpenses": "-2278000000", "investmentIncomeNet": "None", "netInterestIncome": "None", "interestIncome": "None", "interestExpense": "90000000", "nonInterestIncome": "None", "otherNonOperatingIncome": "42000000", "depreciation": "None", "depreciationAndAmortization": "73000000", "incomeBeforeTax": "943000000", "incomeTaxExpense": "88000000", "interestAndDebtExpense": "None", "netIncomeFromContinuingOperations": "257000000", "comprehensiveIncomeNetOfTax": "None", "ebit": "473000000", "ebitda": "546000000", "netIncome": "831000000"}, {"fiscalDateEnding": "2014-09-30", "reportedCurrency": "USD", "grossProfit": "3632000000", "totalRevenue": "3668000000", "costOfRevenue": "36000000", "costofGoodsAndServicesSold": "36000000", "operatingIncome": "1982000000", "sellingGeneralAndAdministrative": "1477000000", "researchAndDevelopment": "0", "operatingExpenses": "-1650000000", "investmentIncomeNet": "None", "netInterestIncome": "None", "interestIncome": "None", "interestExpense": "88000000", "nonInterestIncome": "None", "otherNonOperatingIncome": "39000000", "depreciation": "None", "depreciationAndAmortization": "75000000", "incomeBeforeTax": "1662000000", "incomeTaxExpense": "556000000", "interestAndDebtExpense": "None", "netIncomeFromContinuingOperations": "1106000000", "comprehensiveIncomeNetOfTax": "None", "ebit": "1982000000", "ebitda": "2057000000", "netIncome": "1021000000"}, {"fiscalDateEnding": "2014-06-30", "reportedCurrency": "USD", "grossProfit": "3611000000", "totalRevenue": "3633000000", "costOfRevenue": "22000000", "costofGoodsAndServicesSold": "22000000", "operatingIncome": "1124000000", "sellingGeneralAndAdministrative": "1439000000", "researchAndDevelopment": "0", "operatingExpenses": "-2487000000", "investmentIncomeNet": "None", "netInterestIncome": "None", "interestIncome": "None", "interestExpense": "92000000", "nonInterestIncome": "None", "otherNonOperatingIncome": "46000000", "depreciation": "None", "depreciationAndAmortization": "75000000", "incomeBeforeTax": "811000000", "incomeTaxExpense": "217000000", "interestAndDebtExpense": "None", "netIncomeFromContinuingOperations": "594000000", "comprehensiveIncomeNetOfTax": "None", "ebit": "1124000000", "ebitda": "1199000000", "netIncome": "505000000"}, {"fiscalDateEnding": "2014-03-31", "reportedCurrency": "USD", "grossProfit": "3515000000", "totalRevenue": "3540000000", "costOfRevenue": "25000000", "costofGoodsAndServicesSold": "25000000", "operatingIncome": "1248000000", "sellingGeneralAndAdministrative": "1511000000", "researchAndDevelopment": "0", "operatingExpenses": "-2267000000", "investmentIncomeNet": "None", "netInterestIncome": "None", "interestIncome": "None", "interestExpense": "84000000", "nonInterestIncome": "None", "otherNonOperatingIncome": "36000000", "depreciation": "None", "depreciationAndAmortization": "75000000", "incomeBeforeTax": "926000000", "incomeTaxExpense": "232000000", "interestAndDebtExpense": "None", "netIncomeFromContinuingOperations": "694000000", "comprehensiveIncomeNetOfTax": "None", "ebit": "1248000000", "ebitda": "1323000000", "netIncome": "648000000"}, {"fiscalDateEnding": "2013-12-31", "reportedCurrency": "USD", "grossProfit": "3484000000", "totalRevenue": "3484000000", "costOfRevenue": "91000000", "costofGoodsAndServicesSold": "91000000", "operatingIncome": "1052000000", "sellingGeneralAndAdministrative": "1522000000", "researchAndDevelopment": "0", "operatingExpenses": "-2432000000", "investmentIncomeNet": "None", "netInterestIncome": "None", "interestIncome": "None", "interestExpense": "85000000", "nonInterestIncome": "None", "otherNonOperatingIncome": "36000000", "depreciation": "None", "depreciationAndAmortization": "82000000", "incomeBeforeTax": "711000000", "incomeTaxExpense": "155000000", "interestAndDebtExpense": "None", "netIncomeFromContinuingOperations": "556000000", "comprehensiveIncomeNetOfTax": "None", "ebit": "1052000000", "ebitda": "1134000000", "netIncome": "503000000"}, {"fiscalDateEnding": "2013-09-30", "reportedCurrency": "USD", "grossProfit": "3633000000", "totalRevenue": "3659000000", "costOfRevenue": "26000000", "costofGoodsAndServicesSold": "26000000", "operatingIncome": "1325000000", "sellingGeneralAndAdministrative": "1516000000", "researchAndDevelopment": "0", "operatingExpenses": "-2308000000", "investmentIncomeNet": "None", "netInterestIncome": "None", "interestIncome": "None", "interestExpense": "83000000", "nonInterestIncome": "None", "otherNonOperatingIncome": "32000000", "depreciation": "None", "depreciationAndAmortization": "81000000", "incomeBeforeTax": "986000000", "incomeTaxExpense": "-2000000", "interestAndDebtExpense": "None", "netIncomeFromContinuingOperations": "988000000", "comprehensiveIncomeNetOfTax": "None", "ebit": "1325000000", "ebitda": "1406000000", "netIncome": "944000000"}, {"fiscalDateEnding": "2013-06-30", "reportedCurrency": "USD", "grossProfit": "3868000000", "totalRevenue": "3898000000", "costOfRevenue": "30000000", "costofGoodsAndServicesSold": "30000000", "operatingIncome": "1525000000", "sellingGeneralAndAdministrative": "1509000000", "researchAndDevelopment": "0", "operatingExpenses": "-2343000000", "investmentIncomeNet": "None", "netInterestIncome": "None", "interestIncome": "None", "interestExpense": "79000000", "nonInterestIncome": "None", "otherNonOperatingIncome": "65000000", "depreciation": "None", "depreciationAndAmortization": "93000000", "incomeBeforeTax": "1206000000", "incomeTaxExpense": "321000000", "interestAndDebtExpense": "None", "netIncomeFromContinuingOperations": "885000000", "comprehensiveIncomeNetOfTax": "None", "ebit": "1525000000", "ebitda": "1618000000", "netIncome": "816000000"}, {"fiscalDateEnding": "2013-03-31", "reportedCurrency": "USD", "grossProfit": "3485000000", "totalRevenue": "3507000000", "costOfRevenue": "22000000", "costofGoodsAndServicesSold": "22000000", "operatingIncome": "1136000000", "sellingGeneralAndAdministrative": "1472000000", "researchAndDevelopment": "0", "operatingExpenses": "-2349000000", "investmentIncomeNet": "None", "netInterestIncome": "None", "interestIncome": "None", "interestExpense": "96000000", "nonInterestIncome": "None", "otherNonOperatingIncome": "50000000", "depreciation": "None", "depreciationAndAmortization": "86000000", "incomeBeforeTax": "809000000", "incomeTaxExpense": "1046000000", "interestAndDebtExpense": "None", "netIncomeFromContinuingOperations": "-237000000", "comprehensiveIncomeNetOfTax": "None", "ebit": "1136000000", "ebitda": "1222000000", "netIncome": "-253000000"}, {"fiscalDateEnding": "2012-12-31", "reportedCurrency": "USD", "grossProfit": "3617000000", "totalRevenue": "3617000000", "costOfRevenue": "57000000", "costofGoodsAndServicesSold": "57000000", "operatingIncome": "1199000000", "sellingGeneralAndAdministrative": "1457000000", "researchAndDevelopment": "0", "operatingExpenses": "-2418000000", "investmentIncomeNet": "None", "netInterestIncome": "None", "interestIncome": "None", "interestExpense": "118000000", "nonInterestIncome": "None", "otherNonOperatingIncome": "42000000", "depreciation": "None", "depreciationAndAmortization": "96000000", "incomeBeforeTax": "853000000", "incomeTaxExpense": "207000000", "interestAndDebtExpense": "None", "netIncomeFromContinuingOperations": "-16452000000", "comprehensiveIncomeNetOfTax": "None", "ebit": "1199000000", "ebitda": "1295000000", "netIncome": "613000000"}, {"fiscalDateEnding": "2012-09-30", "reportedCurrency": "USD", "grossProfit": "3539000000", "totalRevenue": "3566000000", "costOfRevenue": "27000000", "costofGoodsAndServicesSold": "27000000", "operatingIncome": "1296000000", "sellingGeneralAndAdministrative": "1436000000", "researchAndDevelopment": "0", "operatingExpenses": "-2243000000", "investmentIncomeNet": "None", "netInterestIncome": "None", "interestIncome": "None", "interestExpense": "128000000", "nonInterestIncome": "None", "otherNonOperatingIncome": "47000000", "depreciation": "None", "depreciationAndAmortization": "95000000", "incomeBeforeTax": "975000000", "incomeTaxExpense": "225000000", "interestAndDebtExpense": "None", "netIncomeFromContinuingOperations": "6182000000", "comprehensiveIncomeNetOfTax": "None", "ebit": "1296000000", "ebitda": "1391000000", "netIncome": "709000000"}, {"fiscalDateEnding": "2012-06-30", "reportedCurrency": "USD", "grossProfit": "3601000000", "totalRevenue": "3617000000", "costOfRevenue": "16000000", "costofGoodsAndServicesSold": "16000000", "operatingIncome": "902000000", "sellingGeneralAndAdministrative": "1727000000", "researchAndDevelopment": "0", "operatingExpenses": "-2699000000", "investmentIncomeNet": "None", "netInterestIncome": "None", "interestIncome": "None", "interestExpense": "141000000", "nonInterestIncome": "None", "otherNonOperatingIncome": "57000000", "depreciation": "None", "depreciationAndAmortization": "97000000", "incomeBeforeTax": "589000000", "incomeTaxExpense": "93000000", "interestAndDebtExpense": "None", "netIncomeFromContinuingOperations": "6618000000", "comprehensiveIncomeNetOfTax": "None", "ebit": "902000000", "ebitda": "999000000", "netIncome": "458000000"}, {"fiscalDateEnding": "2012-03-31", "reportedCurrency": "USD", "grossProfit": "3622000000", "totalRevenue": "3646000000", "costOfRevenue": "24000000", "costofGoodsAndServicesSold": "24000000", "operatingIncome": "1223000000", "sellingGeneralAndAdministrative": "1658000000", "researchAndDevelopment": "0", "operatingExpenses": "-2399000000", "investmentIncomeNet": "None", "netInterestIncome": "None", "interestIncome": "None", "interestExpense": "147000000", "nonInterestIncome": "None", "otherNonOperatingIncome": "43000000", "depreciation": "None", "depreciationAndAmortization": "96000000", "incomeBeforeTax": "885000000", "incomeTaxExpense": "254000000", "interestAndDebtExpense": "None", "netIncomeFromContinuingOperations": "6175000000", "comprehensiveIncomeNetOfTax": "None", "ebit": "1223000000", "ebitda": "1319000000", "netIncome": "617000000"}, {"fiscalDateEnding": "2011-12-31", "reportedCurrency": "USD", "grossProfit": "3444000000", "totalRevenue": "3444000000", "costOfRevenue": "168000000", "costofGoodsAndServicesSold": "168000000", "operatingIncome": "974000000", "sellingGeneralAndAdministrative": "1382000000", "researchAndDevelopment": "0", "operatingExpenses": "-2470000000", "investmentIncomeNet": "None", "netInterestIncome": "None", "interestIncome": "None", "interestExpense": "145000000", "nonInterestIncome": "None", "otherNonOperatingIncome": "-5000000", "depreciation": "None", "depreciationAndAmortization": "106000000", "incomeBeforeTax": "689000000", "incomeTaxExpense": "211000000", "interestAndDebtExpense": "None", "netIncomeFromContinuingOperations": "478000000", "comprehensiveIncomeNetOfTax": "None", "ebit": "974000000", "ebitda": "1080000000", "netIncome": "505000000"}, {"fiscalDateEnding": "2011-09-30", "reportedCurrency": "USD", "grossProfit": "3668000000", "totalRevenue": "3694000000", "costOfRevenue": "26000000", "costofGoodsAndServicesSold": "26000000", "operatingIncome": "651000000", "sellingGeneralAndAdministrative": "1570000000", "researchAndDevelopment": "0", "operatingExpenses": "3017000000", "investmentIncomeNet": "None", "netInterestIncome": "None", "interestIncome": "None", "interestExpense": "153000000", "nonInterestIncome": "None", "otherNonOperatingIncome": "32000000", "depreciation": "None", "depreciationAndAmortization": "191000000", "incomeBeforeTax": "945000000", "incomeTaxExpense": "281000000", "interestAndDebtExpense": "None", "netIncomeFromContinuingOperations": "664000000", "comprehensiveIncomeNetOfTax": "None", "ebit": "1085000000", "ebitda": "1276000000", "netIncome": "640000000"}, {"fiscalDateEnding": "2011-06-30", "reportedCurrency": "USD", "grossProfit": "4039000000", "totalRevenue": "4066000000", "costOfRevenue": "27000000", "costofGoodsAndServicesSold": "27000000", "operatingIncome": "735000000", "sellingGeneralAndAdministrative": "1666000000", "researchAndDevelopment": "0", "operatingExpenses": "3088000000", "investmentIncomeNet": "None", "netInterestIncome": "None", "interestIncome": "None", "interestExpense": "195000000", "nonInterestIncome": "None", "otherNonOperatingIncome": "63000000", "depreciation": "None", "depreciationAndAmortization": "108000000", "incomeBeforeTax": "1034000000", "incomeTaxExpense": "277000000", "interestAndDebtExpense": "None", "netIncomeFromContinuingOperations": "757000000", "comprehensiveIncomeNetOfTax": "None", "ebit": "1282000000", "ebitda": "1390000000", "netIncome": "735000000"}, {"fiscalDateEnding": "2011-03-31", "reportedCurrency": "USD", "grossProfit": "3620000000", "totalRevenue": "3646000000", "costOfRevenue": "26000000", "costofGoodsAndServicesSold": "26000000", "operatingIncome": "625000000", "sellingGeneralAndAdministrative": "1602000000", "researchAndDevelopment": "0", "operatingExpenses": "2995000000", "investmentIncomeNet": "None", "netInterestIncome": "None", "interestIncome": "None", "interestExpense": "169000000", "nonInterestIncome": "None", "otherNonOperatingIncome": "110000000", "depreciation": "None", "depreciationAndAmortization": "183000000", "incomeBeforeTax": "949000000", "incomeTaxExpense": "279000000", "interestAndDebtExpense": "None", "netIncomeFromContinuingOperations": "670000000", "comprehensiveIncomeNetOfTax": "None", "ebit": "1073000000", "ebitda": "1256000000", "netIncome": "625000000"}, {"fiscalDateEnding": "2010-12-31", "reportedCurrency": "USD", "grossProfit": "3647000000", "totalRevenue": "3647000000", "costOfRevenue": "150000000", "costofGoodsAndServicesSold": "150000000", "operatingIncome": "1238000000", "sellingGeneralAndAdministrative": "1417000000", "researchAndDevelopment": "0", "operatingExpenses": "-2409000000", "investmentIncomeNet": "None", "netInterestIncome": "None", "interestIncome": "None", "interestExpense": "193000000", "nonInterestIncome": "None", "otherNonOperatingIncome": "124000000", "depreciation": "None", "depreciationAndAmortization": "115000000", "incomeBeforeTax": "970000000", "incomeTaxExpense": "265000000", "interestAndDebtExpense": "None", "netIncomeFromContinuingOperations": "705000000", "comprehensiveIncomeNetOfTax": "None", "ebit": "1238000000", "ebitda": "1353000000", "netIncome": "679000000"}, {"fiscalDateEnding": "2010-09-30", "reportedCurrency": "USD", "grossProfit": "3443000000", "totalRevenue": "3467000000", "costOfRevenue": "24000000", "costofGoodsAndServicesSold": "24000000", "operatingIncome": "625000000", "sellingGeneralAndAdministrative": "1813000000", "researchAndDevelopment": "0", "operatingExpenses": "2774000000", "investmentIncomeNet": "None", "netInterestIncome": "None", "interestIncome": "None", "interestExpense": "157000000", "nonInterestIncome": "None", "otherNonOperatingIncome": "37000000", "depreciation": "None", "depreciationAndAmortization": "111000000", "incomeBeforeTax": "834000000", "incomeTaxExpense": "220000000", "interestAndDebtExpense": "None", "netIncomeFromContinuingOperations": "614000000", "comprehensiveIncomeNetOfTax": "None", "ebit": "1028000000", "ebitda": "1139000000", "netIncome": "617000000"}, {"fiscalDateEnding": "2010-06-30", "reportedCurrency": "USD", "grossProfit": "3328000000", "totalRevenue": "3358000000", "costOfRevenue": "30000000", "costofGoodsAndServicesSold": "30000000", "operatingIncome": "668000000", "sellingGeneralAndAdministrative": "1490000000", "researchAndDevelopment": "0", "operatingExpenses": "2660000000", "investmentIncomeNet": "None", "netInterestIncome": "None", "interestIncome": "None", "interestExpense": "140000000", "nonInterestIncome": "None", "otherNonOperatingIncome": "65000000", "depreciation": "None", "depreciationAndAmortization": "98000000", "incomeBeforeTax": "1006000000", "incomeTaxExpense": "304000000", "interestAndDebtExpense": "None", "netIncomeFromContinuingOperations": "702000000", "comprehensiveIncomeNetOfTax": "None", "ebit": "1148000000", "ebitda": "1246000000", "netIncome": "658000000"}, {"fiscalDateEnding": "2010-03-31", "reportedCurrency": "USD", "grossProfit": "3359000000", "totalRevenue": "3385000000", "costOfRevenue": "26000000", "costofGoodsAndServicesSold": "26000000", "operatingIncome": "601000000", "sellingGeneralAndAdministrative": "1462000000", "researchAndDevelopment": "0", "operatingExpenses": "2752000000", "investmentIncomeNet": "None", "netInterestIncome": "None", "interestIncome": "None", "interestExpense": "118000000", "nonInterestIncome": "None", "otherNonOperatingIncome": "None", "depreciation": "None", "depreciationAndAmortization": "97000000", "incomeBeforeTax": "889000000", "incomeTaxExpense": "257000000", "interestAndDebtExpense": "None", "netIncomeFromContinuingOperations": "626000000", "comprehensiveIncomeNetOfTax": "None", "ebit": "951000000", "ebitda": "1048000000", "netIncome": "559000000"}, {"fiscalDateEnding": "2009-12-31", "reportedCurrency": "USD", "grossProfit": "2862000000", "totalRevenue": "2862000000", "costOfRevenue": "195000000", "costofGoodsAndServicesSold": "195000000", "operatingIncome": "682000000", "sellingGeneralAndAdministrative": "482000000", "researchAndDevelopment": "0", "operatingExpenses": "-2180000000", "investmentIncomeNet": "None", "netInterestIncome": "None", "interestIncome": "None", "interestExpense": "130000000", "nonInterestIncome": "None", "otherNonOperatingIncome": "None", "depreciation": "None", "depreciationAndAmortization": "191000000", "incomeBeforeTax": "672000000", "incomeTaxExpense": "-41000000", "interestAndDebtExpense": "None", "netIncomeFromContinuingOperations": "0", "comprehensiveIncomeNetOfTax": "None", "ebit": "682000000", "ebitda": "873000000", "netIncome": "593000000"}, {"fiscalDateEnding": "2009-09-30", "reportedCurrency": "USD", "grossProfit": "-1604000000", "totalRevenue": "-1604000000", "costOfRevenue": "260000000", "costofGoodsAndServicesSold": "260000000", "operatingIncome": "-2439000000", "sellingGeneralAndAdministrative": "1157000000", "researchAndDevelopment": "0", "operatingExpenses": "-835000000", "investmentIncomeNet": "None", "netInterestIncome": "None", "interestIncome": "None", "interestExpense": "113000000", "nonInterestIncome": "None", "otherNonOperatingIncome": "None", "depreciation": "None", "depreciationAndAmortization": "104000000", "incomeBeforeTax": "-3965000000", "incomeTaxExpense": "-1527000000", "interestAndDebtExpense": "None", "netIncomeFromContinuingOperations": "-2438000000", "comprehensiveIncomeNetOfTax": "None", "ebit": "-3783000000", "ebitda": "-3679000000", "netIncome": "-2458000000"}, {"fiscalDateEnding": "2009-06-30", "reportedCurrency": "USD", "grossProfit": "2833000000", "totalRevenue": "2851000000", "costOfRevenue": "18000000", "costofGoodsAndServicesSold": "18000000", "operatingIncome": "267000000", "sellingGeneralAndAdministrative": "1153000000", "researchAndDevelopment": "0", "operatingExpenses": "2672000000", "investmentIncomeNet": "None", "netInterestIncome": "None", "interestIncome": "None", "interestExpense": "145000000", "nonInterestIncome": "None", "otherNonOperatingIncome": "None", "depreciation": "None", "depreciationAndAmortization": "108000000", "incomeBeforeTax": "513000000", "incomeTaxExpense": "12000000", "interestAndDebtExpense": "None", "netIncomeFromContinuingOperations": "501000000", "comprehensiveIncomeNetOfTax": "None", "ebit": "636000000", "ebitda": "744000000", "netIncome": "412000000"}, {"fiscalDateEnding": "2009-03-31", "reportedCurrency": "USD", "grossProfit": "2912000000", "totalRevenue": "2930000000", "costOfRevenue": "18000000", "costofGoodsAndServicesSold": "18000000", "operatingIncome": "322000000", "sellingGeneralAndAdministrative": "1413000000", "researchAndDevelopment": "0", "operatingExpenses": "2590000000", "investmentIncomeNet": "None", "netInterestIncome": "None", "interestIncome": "None", "interestExpense": "206000000", "nonInterestIncome": "None", "otherNonOperatingIncome": "None", "depreciation": "None", "depreciationAndAmortization": "152000000", "incomeBeforeTax": "508000000", "incomeTaxExpense": "138000000", "interestAndDebtExpense": "None", "netIncomeFromContinuingOperations": "0", "comprehensiveIncomeNetOfTax": "None", "ebit": "713000000", "ebitda": "865000000", "netIncome": "322000000"}, {"fiscalDateEnding": "2008-12-31", "reportedCurrency": "USD", "grossProfit": "2763000000", "totalRevenue": "2763000000", "costOfRevenue": "532000000", "costofGoodsAndServicesSold": "532000000", "operatingIncome": "481000000", "sellingGeneralAndAdministrative": "1154000000", "researchAndDevelopment": "0", "operatingExpenses": "-2282000000", "investmentIncomeNet": "None", "netInterestIncome": "None", "interestIncome": "None", "interestExpense": "481000000", "nonInterestIncome": "None", "otherNonOperatingIncome": "None", "depreciation": "None", "depreciationAndAmortization": "116000000", "incomeBeforeTax": "-49000000", "incomeTaxExpense": "-135000000", "interestAndDebtExpense": "None", "netIncomeFromContinuingOperations": "0", "comprehensiveIncomeNetOfTax": "None", "ebit": "481000000", "ebitda": "597000000", "netIncome": "61000000"}, {"fiscalDateEnding": "2008-09-30", "reportedCurrency": "USD", "grossProfit": "3618000000", "totalRevenue": "3626000000", "costOfRevenue": "8000000", "costofGoodsAndServicesSold": "8000000", "operatingIncome": "305000000", "sellingGeneralAndAdministrative": "1218000000", "researchAndDevelopment": "0", "operatingExpenses": "36000000", "investmentIncomeNet": "None", "netInterestIncome": "None", "interestIncome": "None", "interestExpense": "636000000", "nonInterestIncome": "None", "otherNonOperatingIncome": "None", "depreciation": "None", "depreciationAndAmortization": "223000000", "incomeBeforeTax": "264000000", "incomeTaxExpense": "-41000000", "interestAndDebtExpense": "None", "netIncomeFromContinuingOperations": "0", "comprehensiveIncomeNetOfTax": "None", "ebit": "898000000", "ebitda": "1121000000", "netIncome": "303000000"}, {"fiscalDateEnding": "2008-06-30", "reportedCurrency": "USD", "grossProfit": "3379000000", "totalRevenue": "3397000000", "costOfRevenue": "18000000", "costofGoodsAndServicesSold": "18000000", "operatingIncome": "302000000", "sellingGeneralAndAdministrative": "1391000000", "researchAndDevelopment": "0", "operatingExpenses": "34000000", "investmentIncomeNet": "None", "netInterestIncome": "None", "interestIncome": "None", "interestExpense": "681000000", "nonInterestIncome": "None", "otherNonOperatingIncome": "None", "depreciation": "None", "depreciationAndAmortization": "243000000", "incomeBeforeTax": "614000000", "incomeTaxExpense": "312000000", "interestAndDebtExpense": "None", "netIncomeFromContinuingOperations": "0", "comprehensiveIncomeNetOfTax": "None", "ebit": "1302000000", "ebitda": "1545000000", "netIncome": "309000000"}, {"fiscalDateEnding": "2008-03-31", "reportedCurrency": "USD", "grossProfit": "3715000000", "totalRevenue": "3745000000", "costOfRevenue": "30000000", "costofGoodsAndServicesSold": "30000000", "operatingIncome": "749000000", "sellingGeneralAndAdministrative": "1398000000", "researchAndDevelopment": "0", "operatingExpenses": "36000000", "investmentIncomeNet": "None", "netInterestIncome": "None", "interestIncome": "None", "interestExpense": "889000000", "nonInterestIncome": "None", "otherNonOperatingIncome": "None", "depreciation": "None", "depreciationAndAmortization": "231000000", "incomeBeforeTax": "1110000000", "incomeTaxExpense": "361000000", "interestAndDebtExpense": "None", "netIncomeFromContinuingOperations": "0", "comprehensiveIncomeNetOfTax": "None", "ebit": "1996000000", "ebitda": "2227000000", "netIncome": "746000000"}, {"fiscalDateEnding": "2007-12-31", "reportedCurrency": "USD", "grossProfit": "3471000000", "totalRevenue": "3471000000", "costOfRevenue": "1058000000", "costofGoodsAndServicesSold": "1058000000", "operatingIncome": "1886000000", "sellingGeneralAndAdministrative": "1368000000", "researchAndDevelopment": "0", "operatingExpenses": "-1585000000", "investmentIncomeNet": "None", "netInterestIncome": "None", "interestIncome": "None", "interestExpense": "1038000000", "nonInterestIncome": "None", "otherNonOperatingIncome": "None", "depreciation": "None", "depreciationAndAmortization": "376000000", "incomeBeforeTax": "1028000000", "incomeTaxExpense": "328000000", "interestAndDebtExpense": "None", "netIncomeFromContinuingOperations": "0", "comprehensiveIncomeNetOfTax": "None", "ebit": "1886000000", "ebitda": "2262000000", "netIncome": "520000000"}, {"fiscalDateEnding": "2007-09-30", "reportedCurrency": "USD", "grossProfit": "3600000000", "totalRevenue": "3600000000", "costOfRevenue": "1109000000", "costofGoodsAndServicesSold": "1109000000", "operatingIncome": "2001000000", "sellingGeneralAndAdministrative": "1280000000", "researchAndDevelopment": "0", "operatingExpenses": "-1599000000", "investmentIncomeNet": "None", "netInterestIncome": "None", "interestIncome": "None", "interestExpense": "1109000000", "nonInterestIncome": "None", "otherNonOperatingIncome": "None", "depreciation": "None", "depreciationAndAmortization": "224000000", "incomeBeforeTax": "894000000", "incomeTaxExpense": "252000000", "interestAndDebtExpense": "None", "netIncomeFromContinuingOperations": "0", "comprehensiveIncomeNetOfTax": "None", "ebit": "2001000000", "ebitda": "2225000000", "netIncome": "640000000"}, {"fiscalDateEnding": "2007-06-30", "reportedCurrency": "USD", "grossProfit": "2032000000", "totalRevenue": "2032000000", "costOfRevenue": "695000000", "costofGoodsAndServicesSold": "695000000", "operatingIncome": "1365000000", "sellingGeneralAndAdministrative": "752000000", "researchAndDevelopment": "0", "operatingExpenses": "-667000000", "investmentIncomeNet": "None", "netInterestIncome": "None", "interestIncome": "None", "interestExpense": "710000000", "nonInterestIncome": "None", "otherNonOperatingIncome": "None", "depreciation": "None", "depreciationAndAmortization": "99000000", "incomeBeforeTax": "658000000", "incomeTaxExpense": "210000000", "interestAndDebtExpense": "None", "netIncomeFromContinuingOperations": "0", "comprehensiveIncomeNetOfTax": "None", "ebit": "1365000000", "ebitda": "1464000000", "netIncome": "445000000"}, {"fiscalDateEnding": "2007-03-31", "reportedCurrency": "USD", "grossProfit": "1902000000", "totalRevenue": "1902000000", "costOfRevenue": "579000000", "costofGoodsAndServicesSold": "579000000", "operatingIncome": "1236000000", "sellingGeneralAndAdministrative": "720000000", "researchAndDevelopment": "0", "operatingExpenses": "-666000000", "investmentIncomeNet": "None", "netInterestIncome": "None", "interestIncome": "None", "interestExpense": "594000000", "nonInterestIncome": "None", "otherNonOperatingIncome": "None", "depreciation": "None", "depreciationAndAmortization": "127000000", "incomeBeforeTax": "645000000", "incomeTaxExpense": "208000000", "interestAndDebtExpense": "None", "netIncomeFromContinuingOperations": "0", "comprehensiveIncomeNetOfTax": "None", "ebit": "1236000000", "ebitda": "1363000000", "netIncome": "434000000"}, {"fiscalDateEnding": "2006-12-31", "reportedCurrency": "USD", "grossProfit": "-272000000", "totalRevenue": "-272000000", "costOfRevenue": "591000000", "costofGoodsAndServicesSold": "591000000", "operatingIncome": "2590000000", "sellingGeneralAndAdministrative": "736000000", "researchAndDevelopment": "0", "operatingExpenses": "2862000000", "investmentIncomeNet": "None", "netInterestIncome": "None", "interestIncome": "None", "interestExpense": "606000000", "nonInterestIncome": "None", "otherNonOperatingIncome": "None", "depreciation": "None", "depreciationAndAmortization": "144000000", "incomeBeforeTax": "622000000", "incomeTaxExpense": "195000000", "interestAndDebtExpense": "None", "netIncomeFromContinuingOperations": "0", "comprehensiveIncomeNetOfTax": "None", "ebit": "2590000000", "ebitda": "2734000000", "netIncome": "1789000000"}, {"fiscalDateEnding": "2006-09-30", "reportedCurrency": "USD", "grossProfit": "1610000000", "totalRevenue": "1610000000", "costOfRevenue": "605000000", "costofGoodsAndServicesSold": "605000000", "operatingIncome": "1085000000", "sellingGeneralAndAdministrative": "644000000", "researchAndDevelopment": "0", "operatingExpenses": "-525000000", "investmentIncomeNet": "None", "netInterestIncome": "None", "interestIncome": "None", "interestExpense": "609000000", "nonInterestIncome": "None", "otherNonOperatingIncome": "None", "depreciation": "None", "depreciationAndAmortization": "131000000", "incomeBeforeTax": "422000000", "incomeTaxExpense": "124000000", "interestAndDebtExpense": "None", "netIncomeFromContinuingOperations": "0", "comprehensiveIncomeNetOfTax": "None", "ebit": "1085000000", "ebitda": "1216000000", "netIncome": "352000000"}, {"fiscalDateEnding": "2006-06-30", "reportedCurrency": "USD", "grossProfit": "1724000000", "totalRevenue": "1724000000", "costOfRevenue": "551000000", "costofGoodsAndServicesSold": "551000000", "operatingIncome": "1200000000", "sellingGeneralAndAdministrative": "656000000", "researchAndDevelopment": "0", "operatingExpenses": "-524000000", "investmentIncomeNet": "None", "netInterestIncome": "None", "interestIncome": "None", "interestExpense": "552000000", "nonInterestIncome": "None", "otherNonOperatingIncome": "None", "depreciation": "None", "depreciationAndAmortization": "102000000", "incomeBeforeTax": "591000000", "incomeTaxExpense": "200000000", "interestAndDebtExpense": "None", "netIncomeFromContinuingOperations": "0", "comprehensiveIncomeNetOfTax": "None", "ebit": "1200000000", "ebitda": "1302000000", "netIncome": "448000000"}, {"fiscalDateEnding": "2006-03-31", "reportedCurrency": "USD", "grossProfit": "1820000000", "totalRevenue": "1820000000", "costOfRevenue": "474000000", "costofGoodsAndServicesSold": "474000000", "operatingIncome": "1147000000", "sellingGeneralAndAdministrative": "668000000", "researchAndDevelopment": "0", "operatingExpenses": "-673000000", "investmentIncomeNet": "None", "netInterestIncome": "None", "interestIncome": "None", "interestExpense": "510000000", "nonInterestIncome": "None", "otherNonOperatingIncome": "None", "depreciation": "None", "depreciationAndAmortization": "117000000", "incomeBeforeTax": "637000000", "incomeTaxExpense": "215000000", "interestAndDebtExpense": "None", "netIncomeFromContinuingOperations": "0", "comprehensiveIncomeNetOfTax": "None", "ebit": "1147000000", "ebitda": "1264000000", "netIncome": "422000000"}, {"fiscalDateEnding": "2005-12-31", "reportedCurrency": "USD", "grossProfit": "1766000000", "totalRevenue": "1766000000", "costOfRevenue": "432000000", "costofGoodsAndServicesSold": "432000000", "operatingIncome": "1072000000", "sellingGeneralAndAdministrative": "647000000", "researchAndDevelopment": "0", "operatingExpenses": "-694000000", "investmentIncomeNet": "None", "netInterestIncome": "None", "interestIncome": "None", "interestExpense": "464000000", "nonInterestIncome": "None", "otherNonOperatingIncome": "None", "depreciation": "None", "depreciationAndAmortization": "123000000", "incomeBeforeTax": "608000000", "incomeTaxExpense": "203000000", "interestAndDebtExpense": "None", "netIncomeFromContinuingOperations": "0", "comprehensiveIncomeNetOfTax": "None", "ebit": "1072000000", "ebitda": "1195000000", "netIncome": "405000000"}, {"fiscalDateEnding": "2005-09-30", "reportedCurrency": "USD", "grossProfit": "1740000000", "totalRevenue": "1740000000", "costOfRevenue": "358000000", "costofGoodsAndServicesSold": "358000000", "operatingIncome": "973000000", "sellingGeneralAndAdministrative": "644000000", "researchAndDevelopment": "0", "operatingExpenses": "-767000000", "investmentIncomeNet": "None", "netInterestIncome": "None", "interestIncome": "None", "interestExpense": "378000000", "nonInterestIncome": "None", "otherNonOperatingIncome": "None", "depreciation": "None", "depreciationAndAmortization": "122000000", "incomeBeforeTax": "595000000", "incomeTaxExpense": "206000000", "interestAndDebtExpense": "None", "netIncomeFromContinuingOperations": "0", "comprehensiveIncomeNetOfTax": "None", "ebit": "973000000", "ebitda": "1095000000", "netIncome": "389000000"}, {"fiscalDateEnding": "2005-06-30", "reportedCurrency": "USD", "grossProfit": "1726000000", "totalRevenue": "1726000000", "costOfRevenue": "302000000", "costofGoodsAndServicesSold": "302000000", "operatingIncome": "942000000", "sellingGeneralAndAdministrative": "640000000", "researchAndDevelopment": "0", "operatingExpenses": "-784000000", "investmentIncomeNet": "None", "netInterestIncome": "None", "interestIncome": "None", "interestExpense": "344000000", "nonInterestIncome": "None", "otherNonOperatingIncome": "None", "depreciation": "None", "depreciationAndAmortization": "103000000", "incomeBeforeTax": "598000000", "incomeTaxExpense": "200000000", "interestAndDebtExpense": "None", "netIncomeFromContinuingOperations": "0", "comprehensiveIncomeNetOfTax": "None", "ebit": "942000000", "ebitda": "1045000000", "netIncome": "398000000"}, {"fiscalDateEnding": "2005-03-31", "reportedCurrency": "USD", "grossProfit": "1633000000", "totalRevenue": "1633000000", "costOfRevenue": "230000000", "costofGoodsAndServicesSold": "230000000", "operatingIncome": "843000000", "sellingGeneralAndAdministrative": "618000000", "researchAndDevelopment": "0", "operatingExpenses": "-790000000", "investmentIncomeNet": "None", "netInterestIncome": "None", "interestIncome": "None", "interestExpense": "277000000", "nonInterestIncome": "None", "otherNonOperatingIncome": "None", "depreciation": "None", "depreciationAndAmortization": "178000000", "incomeBeforeTax": "566000000", "incomeTaxExpense": "187000000", "interestAndDebtExpense": "None", "netIncomeFromContinuingOperations": "0", "comprehensiveIncomeNetOfTax": "None", "ebit": "843000000", "ebitda": "1021000000", "netIncome": "379000000"}, {"fiscalDateEnding": "2004-12-31", "reportedCurrency": "USD", "grossProfit": "1713000000", "totalRevenue": "1713000000", "costOfRevenue": "247000000", "costofGoodsAndServicesSold": "247000000", "operatingIncome": "877000000", "sellingGeneralAndAdministrative": "616000000", "researchAndDevelopment": "0", "operatingExpenses": "-836000000", "investmentIncomeNet": "None", "netInterestIncome": "None", "interestIncome": "None", "interestExpense": "254000000", "nonInterestIncome": "None", "otherNonOperatingIncome": "None", "depreciation": "None", "depreciationAndAmortization": "113000000", "incomeBeforeTax": "623000000", "incomeTaxExpense": "272000000", "interestAndDebtExpense": "None", "netIncomeFromContinuingOperations": "0", "comprehensiveIncomeNetOfTax": "None", "ebit": "877000000", "ebitda": "990000000", "netIncome": "351000000"}]}