{"symbol": "FTNT", "annualReports": [{"fiscalDateEnding": "2024-12-31", "reportedCurrency": "USD", "grossProfit": "4798200000", "totalRevenue": "5955800000", "costOfRevenue": "1157600000", "costofGoodsAndServicesSold": "1157600000", "operatingIncome": "1803400000", "sellingGeneralAndAdministrative": "237800000", "researchAndDevelopment": "716800000", "operatingExpenses": "2999400000", "investmentIncomeNet": "None", "netInterestIncome": "135200000", "interestIncome": "155200000", "interestExpense": "20000000", "nonInterestIncome": "None", "otherNonOperatingIncome": "None", "depreciation": "None", "depreciationAndAmortization": "4600000", "incomeBeforeTax": "2058500000", "incomeTaxExpense": "283900000", "interestAndDebtExpense": "None", "netIncomeFromContinuingOperations": "1745200000", "comprehensiveIncomeNetOfTax": "None", "ebit": "1798800000", "ebitda": "1803400000", "netIncome": "1745200000"}, {"fiscalDateEnding": "2023-12-31", "reportedCurrency": "USD", "grossProfit": "4067600000", "totalRevenue": "5304800000", "costOfRevenue": "1237200000", "costofGoodsAndServicesSold": "1237200000", "operatingIncome": "1241100000", "sellingGeneralAndAdministrative": "211300000", "researchAndDevelopment": "613800000", "operatingExpenses": "2831100000", "investmentIncomeNet": "None", "netInterestIncome": "78200000", "interestIncome": "98300000", "interestExpense": "21000000", "nonInterestIncome": "None", "otherNonOperatingIncome": "None", "depreciation": "None", "depreciationAndAmortization": "379700000", "incomeBeforeTax": "1333700000", "incomeTaxExpense": "143800000", "interestAndDebtExpense": "None", "netIncomeFromContinuingOperations": "1150700000", "comprehensiveIncomeNetOfTax": "None", "ebit": "1241100000", "ebitda": "1241100000", "netIncome": "1147800000"}, {"fiscalDateEnding": "2022-12-31", "reportedCurrency": "USD", "grossProfit": "3332500000", "totalRevenue": "4417400000", "costOfRevenue": "1084900000", "costofGoodsAndServicesSold": "1084900000", "operatingIncome": "969600000", "sellingGeneralAndAdministrative": "169000000", "researchAndDevelopment": "512400000", "operatingExpenses": "2367500000", "investmentIncomeNet": "None", "netInterestIncome": "-600000", "interestIncome": "17400000", "interestExpense": "18000000", "nonInterestIncome": "None", "otherNonOperatingIncome": "-64200000", "depreciation": "None", "depreciationAndAmortization": "104300000", "incomeBeforeTax": "955500000", "incomeTaxExpense": "30800000", "interestAndDebtExpense": "None", "netIncomeFromContinuingOperations": "856600000", "comprehensiveIncomeNetOfTax": "None", "ebit": "973500000", "ebitda": "1077800000", "netIncome": "857300000"}, {"fiscalDateEnding": "2021-12-31", "reportedCurrency": "USD", "grossProfit": "2559200000", "totalRevenue": "3342200000", "costOfRevenue": "783000000", "costofGoodsAndServicesSold": "783000000", "operatingIncome": "650400000", "sellingGeneralAndAdministrative": "143500000", "researchAndDevelopment": "424200000", "operatingExpenses": "1913400000", "investmentIncomeNet": "None", "netInterestIncome": "-10400000", "interestIncome": "4500000", "interestExpense": "14900000", "nonInterestIncome": "None", "otherNonOperatingIncome": "-14700000", "depreciation": "None", "depreciationAndAmortization": "84400000", "incomeBeforeTax": "628400000", "incomeTaxExpense": "14100000", "interestAndDebtExpense": "None", "netIncomeFromContinuingOperations": "606700000", "comprehensiveIncomeNetOfTax": "None", "ebit": "643300000", "ebitda": "727700000", "netIncome": "606800000"}, {"fiscalDateEnding": "2020-12-31", "reportedCurrency": "USD", "grossProfit": "2024400000", "totalRevenue": "2594400000", "costOfRevenue": "570000000", "costofGoodsAndServicesSold": "570000000", "operatingIncome": "531800000", "sellingGeneralAndAdministrative": "119500000", "researchAndDevelopment": "341400000", "operatingExpenses": "1532800000", "investmentIncomeNet": "None", "netInterestIncome": "17700000", "interestIncome": "17700000", "interestExpense": "50100000", "nonInterestIncome": "None", "otherNonOperatingIncome": "9900000", "depreciation": "None", "depreciationAndAmortization": "68800000", "incomeBeforeTax": "541700000", "incomeTaxExpense": "53200000", "interestAndDebtExpense": "None", "netIncomeFromContinuingOperations": "488500000", "comprehensiveIncomeNetOfTax": "None", "ebit": "491600000", "ebitda": "560400000", "netIncome": "488500000"}, {"fiscalDateEnding": "2019-12-31", "reportedCurrency": "USD", "grossProfit": "1650300000", "totalRevenue": "2156200000", "costOfRevenue": "505900000", "costofGoodsAndServicesSold": "505900000", "operatingIncome": "344200000", "sellingGeneralAndAdministrative": "102100000", "researchAndDevelopment": "277100000", "operatingExpenses": "1306100000", "investmentIncomeNet": "None", "netInterestIncome": "42500000", "interestIncome": "42500000", "interestExpense": "35000000", "nonInterestIncome": "None", "otherNonOperatingIncome": "35000000", "depreciation": "None", "depreciationAndAmortization": "61600000", "incomeBeforeTax": "379200000", "incomeTaxExpense": "52700000", "interestAndDebtExpense": "None", "netIncomeFromContinuingOperations": "326500000", "comprehensiveIncomeNetOfTax": "None", "ebit": "351000000", "ebitda": "412600000", "netIncome": "326500000"}, {"fiscalDateEnding": "2018-12-31", "reportedCurrency": "USD", "grossProfit": "1350800000", "totalRevenue": "1801200000", "costOfRevenue": "450400000", "costofGoodsAndServicesSold": "450400000", "operatingIncome": "231000000", "sellingGeneralAndAdministrative": "93000000", "researchAndDevelopment": "244500000", "operatingExpenses": "1119800000", "investmentIncomeNet": "None", "netInterestIncome": "26500000", "interestIncome": "26500000", "interestExpense": "26500000", "nonInterestIncome": "None", "otherNonOperatingIncome": "19900000", "depreciation": "None", "depreciationAndAmortization": "55700000", "incomeBeforeTax": "250900000", "incomeTaxExpense": "-81300000", "interestAndDebtExpense": "None", "netIncomeFromContinuingOperations": "332200000", "comprehensiveIncomeNetOfTax": "None", "ebit": "231000000", "ebitda": "286700000", "netIncome": "332200000"}, {"fiscalDateEnding": "2017-12-31", "reportedCurrency": "USD", "grossProfit": "1109646000", "totalRevenue": "1494930000", "costOfRevenue": "385284000", "costofGoodsAndServicesSold": "385284000", "operatingIncome": "109804000", "sellingGeneralAndAdministrative": "87862000", "researchAndDevelopment": "210614000", "operatingExpenses": "999502000", "investmentIncomeNet": "None", "netInterestIncome": "13482000", "interestIncome": "13482000", "interestExpense": "13482000", "nonInterestIncome": "None", "otherNonOperatingIncome": "14190000", "depreciation": "None", "depreciationAndAmortization": "55476000", "incomeBeforeTax": "123994000", "incomeTaxExpense": "92595000", "interestAndDebtExpense": "None", "netIncomeFromContinuingOperations": "31399000", "comprehensiveIncomeNetOfTax": "None", "ebit": "123994000", "ebitda": "179470000", "netIncome": "31399000"}, {"fiscalDateEnding": "2016-12-31", "reportedCurrency": "USD", "grossProfit": "937606000", "totalRevenue": "1275443000", "costOfRevenue": "337837000", "costofGoodsAndServicesSold": "337837000", "operatingIncome": "42944000", "sellingGeneralAndAdministrative": "81080000", "researchAndDevelopment": "183084000", "operatingExpenses": "890665000", "investmentIncomeNet": "None", "netInterestIncome": "7303000", "interestIncome": "7303000", "interestExpense": "7303000", "nonInterestIncome": "None", "otherNonOperatingIncome": "204000", "depreciation": "None", "depreciationAndAmortization": "48520000", "incomeBeforeTax": "43148000", "incomeTaxExpense": "10961000", "interestAndDebtExpense": "None", "netIncomeFromContinuingOperations": "32187000", "comprehensiveIncomeNetOfTax": "None", "ebit": "43148000", "ebitda": "91668000", "netIncome": "32187000"}, {"fiscalDateEnding": "2015-12-31", "reportedCurrency": "USD", "grossProfit": "722491000", "totalRevenue": "1009268000", "costOfRevenue": "286777000", "costofGoodsAndServicesSold": "286777000", "operatingIncome": "14877000", "sellingGeneralAndAdministrative": "71514000", "researchAndDevelopment": "158129000", "operatingExpenses": "700014000", "investmentIncomeNet": "None", "netInterestIncome": "None", "interestIncome": "5295000", "interestExpense": "5295000", "nonInterestIncome": "None", "otherNonOperatingIncome": "2128000", "depreciation": "None", "depreciationAndAmortization": "31589000", "incomeBeforeTax": "17005000", "incomeTaxExpense": "9018000", "interestAndDebtExpense": "None", "netIncomeFromContinuingOperations": "7987000", "comprehensiveIncomeNetOfTax": "None", "ebit": "24177000", "ebitda": "55766000", "netIncome": "7987000"}, {"fiscalDateEnding": "2014-12-31", "reportedCurrency": "USD", "grossProfit": "539355000", "totalRevenue": "770364000", "costOfRevenue": "231009000", "costofGoodsAndServicesSold": "231009000", "operatingIncome": "59324000", "sellingGeneralAndAdministrative": "41347000", "researchAndDevelopment": "122880000", "operatingExpenses": "480031000", "investmentIncomeNet": "None", "netInterestIncome": "None", "interestIncome": "None", "interestExpense": "5393000", "nonInterestIncome": "None", "otherNonOperatingIncome": "2225000", "depreciation": "None", "depreciationAndAmortization": "22028000", "incomeBeforeTax": "61549000", "incomeTaxExpense": "36206000", "interestAndDebtExpense": "None", "netIncomeFromContinuingOperations": "25343000", "comprehensiveIncomeNetOfTax": "None", "ebit": "59324000", "ebitda": "81352000", "netIncome": "25343000"}, {"fiscalDateEnding": "2013-12-31", "reportedCurrency": "USD", "grossProfit": "434654000", "totalRevenue": "615297000", "costOfRevenue": "180643000", "costofGoodsAndServicesSold": "180643000", "operatingIncome": "72090000", "sellingGeneralAndAdministrative": "34913000", "researchAndDevelopment": "102660000", "operatingExpenses": "362564000", "investmentIncomeNet": "None", "netInterestIncome": "None", "interestIncome": "None", "interestExpense": "5306000", "nonInterestIncome": "None", "otherNonOperatingIncome": "3851000", "depreciation": "None", "depreciationAndAmortization": "15623000", "incomeBeforeTax": "75941000", "incomeTaxExpense": "31668000", "interestAndDebtExpense": "None", "netIncomeFromContinuingOperations": "44273000", "comprehensiveIncomeNetOfTax": "None", "ebit": "72090000", "ebitda": "87713000", "netIncome": "44273000"}, {"fiscalDateEnding": "2012-12-31", "reportedCurrency": "USD", "grossProfit": "386219000", "totalRevenue": "533639000", "costOfRevenue": "147420000", "costofGoodsAndServicesSold": "147420000", "operatingIncome": "100475000", "sellingGeneralAndAdministrative": "25511000", "researchAndDevelopment": "81078000", "operatingExpenses": "285744000", "investmentIncomeNet": "None", "netInterestIncome": "None", "interestIncome": "None", "interestExpense": "5006000", "nonInterestIncome": "None", "otherNonOperatingIncome": "4521000", "depreciation": "None", "depreciationAndAmortization": "11564000", "incomeBeforeTax": "104996000", "incomeTaxExpense": "38160000", "interestAndDebtExpense": "None", "netIncomeFromContinuingOperations": "66836000", "comprehensiveIncomeNetOfTax": "None", "ebit": "100475000", "ebitda": "112039000", "netIncome": "66836000"}, {"fiscalDateEnding": "2011-12-31", "reportedCurrency": "USD", "grossProfit": "319978000", "totalRevenue": "433576000", "costOfRevenue": "113598000", "costofGoodsAndServicesSold": "113598000", "operatingIncome": "88904000", "sellingGeneralAndAdministrative": "21965000", "researchAndDevelopment": "63577000", "operatingExpenses": "231074000", "investmentIncomeNet": "None", "netInterestIncome": "None", "interestIncome": "None", "interestExpense": "3523000", "nonInterestIncome": "None", "otherNonOperatingIncome": "3169000", "depreciation": "None", "depreciationAndAmortization": "6816000", "incomeBeforeTax": "92073000", "incomeTaxExpense": "29581000", "interestAndDebtExpense": "None", "netIncomeFromContinuingOperations": "62492000", "comprehensiveIncomeNetOfTax": "None", "ebit": "82088000", "ebitda": "88904000", "netIncome": "62492000"}, {"fiscalDateEnding": "2010-12-31", "reportedCurrency": "USD", "grossProfit": "239490000", "totalRevenue": "324696000", "costOfRevenue": "85206000", "costofGoodsAndServicesSold": "85206000", "operatingIncome": "55341000", "sellingGeneralAndAdministrative": "22380000", "researchAndDevelopment": "49801000", "operatingExpenses": "184149000", "investmentIncomeNet": "None", "netInterestIncome": "None", "interestIncome": "None", "interestExpense": "1815000", "nonInterestIncome": "None", "otherNonOperatingIncome": "None", "depreciation": "None", "depreciationAndAmortization": "5696000", "incomeBeforeTax": "56341000", "incomeTaxExpense": "15096000", "interestAndDebtExpense": "None", "netIncomeFromContinuingOperations": "None", "comprehensiveIncomeNetOfTax": "None", "ebit": "56156000", "ebitda": "61852000", "netIncome": "41245000"}, {"fiscalDateEnding": "2009-12-31", "reportedCurrency": "USD", "grossProfit": "182140000", "totalRevenue": "252115000", "costOfRevenue": "69975000", "costofGoodsAndServicesSold": "69975000", "operatingIncome": "25334000", "sellingGeneralAndAdministrative": "18320000", "researchAndDevelopment": "42195000", "operatingExpenses": "156806000", "investmentIncomeNet": "None", "netInterestIncome": "None", "interestIncome": "None", "interestExpense": "1981000", "nonInterestIncome": "None", "otherNonOperatingIncome": "None", "depreciation": "None", "depreciationAndAmortization": "5935000", "incomeBeforeTax": "27513000", "incomeTaxExpense": "-32666000", "interestAndDebtExpense": "None", "netIncomeFromContinuingOperations": "None", "comprehensiveIncomeNetOfTax": "None", "ebit": "25334000", "ebitda": "31269000", "netIncome": "60179000"}, {"fiscalDateEnding": "2008-12-31", "reportedCurrency": "USD", "grossProfit": "146319000", "totalRevenue": "211791000", "costOfRevenue": "65472000", "costofGoodsAndServicesSold": "65472000", "operatingIncome": "4927000", "sellingGeneralAndAdministrative": "16640000", "researchAndDevelopment": "37035000", "operatingExpenses": "141392000", "investmentIncomeNet": "None", "netInterestIncome": "None", "interestIncome": "None", "interestExpense": "2614000", "nonInterestIncome": "None", "otherNonOperatingIncome": "None", "depreciation": "None", "depreciationAndAmortization": "4234000", "incomeBeforeTax": "9251000", "incomeTaxExpense": "1888000", "interestAndDebtExpense": "None", "netIncomeFromContinuingOperations": "None", "comprehensiveIncomeNetOfTax": "None", "ebit": "4927000", "ebitda": "9161000", "netIncome": "7363000"}, {"fiscalDateEnding": "2007-12-31", "reportedCurrency": "USD", "grossProfit": "98714000", "totalRevenue": "155366000", "costOfRevenue": "56652000", "costofGoodsAndServicesSold": "56652000", "operatingIncome": "-21577000", "sellingGeneralAndAdministrative": "20544000", "researchAndDevelopment": "27588000", "operatingExpenses": "120291000", "investmentIncomeNet": "None", "netInterestIncome": "None", "interestIncome": "None", "interestExpense": "3507000", "nonInterestIncome": "None", "otherNonOperatingIncome": "None", "depreciation": "None", "depreciationAndAmortization": "4153000", "incomeBeforeTax": "-20061000", "incomeTaxExpense": "1781000", "interestAndDebtExpense": "None", "netIncomeFromContinuingOperations": "None", "comprehensiveIncomeNetOfTax": "None", "ebit": "-21577000", "ebitda": "-17424000", "netIncome": "-21842000"}, {"fiscalDateEnding": "2006-12-31", "reportedCurrency": "USD", "grossProfit": "82502000", "totalRevenue": "123466000", "costOfRevenue": "40964000", "costofGoodsAndServicesSold": "40964000", "operatingIncome": "-5997000", "sellingGeneralAndAdministrative": "12997000", "researchAndDevelopment": "21446000", "operatingExpenses": "88499000", "investmentIncomeNet": "None", "netInterestIncome": "None", "interestIncome": "None", "interestExpense": "2376000", "nonInterestIncome": "None", "otherNonOperatingIncome": "None", "depreciation": "None", "depreciationAndAmortization": "3509000", "incomeBeforeTax": "-4124000", "incomeTaxExpense": "1220000", "interestAndDebtExpense": "None", "netIncomeFromContinuingOperations": "None", "comprehensiveIncomeNetOfTax": "None", "ebit": "-5997000", "ebitda": "-2488000", "netIncome": "-5344000"}], "quarterlyReports": [{"fiscalDateEnding": "2024-12-31", "reportedCurrency": "USD", "grossProfit": "1345600000", "totalRevenue": "1660100000", "costOfRevenue": "314500000", "costofGoodsAndServicesSold": "314500000", "operatingIncome": "574100000", "sellingGeneralAndAdministrative": "55100000", "researchAndDevelopment": "191100000", "operatingExpenses": "771500000", "investmentIncomeNet": "None", "netInterestIncome": "37400000", "interestIncome": "42300000", "interestExpense": "4900000", "nonInterestIncome": "None", "otherNonOperatingIncome": "None", "depreciation": "None", "depreciationAndAmortization": "1200000", "incomeBeforeTax": "618400000", "incomeTaxExpense": "86700000", "interestAndDebtExpense": "None", "netIncomeFromContinuingOperations": "526200000", "comprehensiveIncomeNetOfTax": "None", "ebit": "572900000", "ebitda": "574100000", "netIncome": "526200000"}, {"fiscalDateEnding": "2024-09-30", "reportedCurrency": "USD", "grossProfit": "1244700000", "totalRevenue": "1508100000", "costOfRevenue": "263400000", "costofGoodsAndServicesSold": "263400000", "operatingIncome": "470900000", "sellingGeneralAndAdministrative": "71700000", "researchAndDevelopment": "187300000", "operatingExpenses": "774900000", "investmentIncomeNet": "None", "netInterestIncome": "37400000", "interestIncome": "42400000", "interestExpense": "5000000", "nonInterestIncome": "None", "otherNonOperatingIncome": "None", "depreciation": "None", "depreciationAndAmortization": "29800000", "incomeBeforeTax": "626400000", "incomeTaxExpense": "81200000", "interestAndDebtExpense": "None", "netIncomeFromContinuingOperations": "539900000", "comprehensiveIncomeNetOfTax": "None", "ebit": "631400000", "ebitda": "661200000", "netIncome": "539900000"}, {"fiscalDateEnding": "2024-06-30", "reportedCurrency": "USD", "grossProfit": "1159300000", "totalRevenue": "1434300000", "costOfRevenue": "275000000", "costofGoodsAndServicesSold": "275000000", "operatingIncome": "436000000", "sellingGeneralAndAdministrative": "56600000", "researchAndDevelopment": "165400000", "operatingExpenses": "723300000", "investmentIncomeNet": "None", "netInterestIncome": "33300000", "interestIncome": "38300000", "interestExpense": "5000000", "nonInterestIncome": "None", "otherNonOperatingIncome": "None", "depreciation": "None", "depreciationAndAmortization": "29200000", "incomeBeforeTax": "468300000", "incomeTaxExpense": "76500000", "interestAndDebtExpense": "None", "netIncomeFromContinuingOperations": "379800000", "comprehensiveIncomeNetOfTax": "None", "ebit": "436000000", "ebitda": "465200000", "netIncome": "379800000"}, {"fiscalDateEnding": "2024-03-31", "reportedCurrency": "USD", "grossProfit": "1048600000", "totalRevenue": "1353300000", "costOfRevenue": "304700000", "costofGoodsAndServicesSold": "304700000", "operatingIncome": "320100000", "sellingGeneralAndAdministrative": "54400000", "researchAndDevelopment": "173000000", "operatingExpenses": "728500000", "investmentIncomeNet": "None", "netInterestIncome": "27100000", "interestIncome": "32200000", "interestExpense": "5100000", "nonInterestIncome": "None", "otherNonOperatingIncome": "None", "depreciation": "None", "depreciationAndAmortization": "28600000", "incomeBeforeTax": "345400000", "incomeTaxExpense": "39500000", "interestAndDebtExpense": "None", "netIncomeFromContinuingOperations": "299300000", "comprehensiveIncomeNetOfTax": "None", "ebit": "320100000", "ebitda": "348700000", "netIncome": "299300000"}, {"fiscalDateEnding": "2023-12-31", "reportedCurrency": "USD", "grossProfit": "1099200000", "totalRevenue": "1415100000", "costOfRevenue": "315900000", "costofGoodsAndServicesSold": "315900000", "operatingIncome": "385400000", "sellingGeneralAndAdministrative": "54900000", "researchAndDevelopment": "152500000", "operatingExpenses": "715000000", "investmentIncomeNet": "None", "netInterestIncome": "25100000", "interestIncome": "30500000", "interestExpense": "5400000", "nonInterestIncome": "None", "otherNonOperatingIncome": "None", "depreciation": "None", "depreciationAndAmortization": "30200000", "incomeBeforeTax": "415600000", "incomeTaxExpense": "95200000", "interestAndDebtExpense": "None", "netIncomeFromContinuingOperations": "310900000", "comprehensiveIncomeNetOfTax": "None", "ebit": "384200000", "ebitda": "414400000", "netIncome": "310900000"}, {"fiscalDateEnding": "2023-09-30", "reportedCurrency": "USD", "grossProfit": "1016900000", "totalRevenue": "1334600000", "costOfRevenue": "317700000", "costofGoodsAndServicesSold": "317700000", "operatingIncome": "303200000", "sellingGeneralAndAdministrative": "53500000", "researchAndDevelopment": "156900000", "operatingExpenses": "714800000", "investmentIncomeNet": "None", "netInterestIncome": "31600000", "interestIncome": "37000000", "interestExpense": "5400000", "nonInterestIncome": "None", "otherNonOperatingIncome": "None", "depreciation": "None", "depreciationAndAmortization": "28300000", "incomeBeforeTax": "327800000", "incomeTaxExpense": "-300000", "interestAndDebtExpense": "None", "netIncomeFromContinuingOperations": "322900000", "comprehensiveIncomeNetOfTax": "None", "ebit": "333200000", "ebitda": "361500000", "netIncome": "322900000"}, {"fiscalDateEnding": "2023-06-30", "reportedCurrency": "USD", "grossProfit": "997000000", "totalRevenue": "1292800000", "costOfRevenue": "295800000", "costofGoodsAndServicesSold": "295800000", "operatingIncome": "279000000", "sellingGeneralAndAdministrative": "49900000", "researchAndDevelopment": "153300000", "operatingExpenses": "718000000", "investmentIncomeNet": "None", "netInterestIncome": "26400000", "interestIncome": "31600000", "interestExpense": "5200000", "nonInterestIncome": "None", "otherNonOperatingIncome": "20100000", "depreciation": "None", "depreciationAndAmortization": "27400000", "incomeBeforeTax": "299200000", "incomeTaxExpense": "27600000", "interestAndDebtExpense": "None", "netIncomeFromContinuingOperations": "266300000", "comprehensiveIncomeNetOfTax": "None", "ebit": "304400000", "ebitda": "331800000", "netIncome": "266300000"}, {"fiscalDateEnding": "2023-03-31", "reportedCurrency": "USD", "grossProfit": "954500000", "totalRevenue": "1262300000", "costOfRevenue": "307800000", "costofGoodsAndServicesSold": "307800000", "operatingIncome": "273500000", "sellingGeneralAndAdministrative": "52800000", "researchAndDevelopment": "151100000", "operatingExpenses": "682200000", "investmentIncomeNet": "None", "netInterestIncome": "15600000", "interestIncome": "20600000", "interestExpense": "5000000", "nonInterestIncome": "None", "otherNonOperatingIncome": "500000", "depreciation": "None", "depreciationAndAmortization": "27500000", "incomeBeforeTax": "291100000", "incomeTaxExpense": "21300000", "interestAndDebtExpense": "None", "netIncomeFromContinuingOperations": "269800000", "comprehensiveIncomeNetOfTax": "None", "ebit": "296100000", "ebitda": "323600000", "netIncome": "247700000"}, {"fiscalDateEnding": "2022-12-31", "reportedCurrency": "USD", "grossProfit": "985700000", "totalRevenue": "1283000000", "costOfRevenue": "297300000", "costofGoodsAndServicesSold": "297300000", "operatingIncome": "357800000", "sellingGeneralAndAdministrative": "44300000", "researchAndDevelopment": "128900000", "operatingExpenses": "627900000", "investmentIncomeNet": "None", "netInterestIncome": "4600000", "interestIncome": "9100000", "interestExpense": "4500000", "nonInterestIncome": "None", "otherNonOperatingIncome": "-30300000", "depreciation": "None", "depreciationAndAmortization": "27300000", "incomeBeforeTax": "368200000", "incomeTaxExpense": "9200000", "interestAndDebtExpense": "None", "netIncomeFromContinuingOperations": "313800000", "comprehensiveIncomeNetOfTax": "None", "ebit": "372700000", "ebitda": "400000000", "netIncome": "313800000"}, {"fiscalDateEnding": "2022-09-30", "reportedCurrency": "USD", "grossProfit": "866500000", "totalRevenue": "1149500000", "costOfRevenue": "283000000", "costofGoodsAndServicesSold": "283000000", "operatingIncome": "265500000", "sellingGeneralAndAdministrative": "40700000", "researchAndDevelopment": "134300000", "operatingExpenses": "602100000", "investmentIncomeNet": "None", "netInterestIncome": "100000", "interestIncome": "4600000", "interestExpense": "4500000", "nonInterestIncome": "None", "otherNonOperatingIncome": "-2600000", "depreciation": "None", "depreciationAndAmortization": "26400000", "incomeBeforeTax": "264700000", "incomeTaxExpense": "27300000", "interestAndDebtExpense": "None", "netIncomeFromContinuingOperations": "231100000", "comprehensiveIncomeNetOfTax": "None", "ebit": "269200000", "ebitda": "295600000", "netIncome": "231600000"}, {"fiscalDateEnding": "2022-06-30", "reportedCurrency": "USD", "grossProfit": "779300000", "totalRevenue": "1030100000", "costOfRevenue": "250800000", "costofGoodsAndServicesSold": "250800000", "operatingIncome": "195300000", "sellingGeneralAndAdministrative": "45400000", "researchAndDevelopment": "124300000", "operatingExpenses": "585200000", "investmentIncomeNet": "None", "netInterestIncome": "-2100000", "interestIncome": "2400000", "interestExpense": "4500000", "nonInterestIncome": "None", "otherNonOperatingIncome": "-15000000", "depreciation": "None", "depreciationAndAmortization": "25100000", "incomeBeforeTax": "183900000", "incomeTaxExpense": "2400000", "interestAndDebtExpense": "None", "netIncomeFromContinuingOperations": "181500000", "comprehensiveIncomeNetOfTax": "None", "ebit": "188400000", "ebitda": "213500000", "netIncome": "173500000"}, {"fiscalDateEnding": "2022-03-31", "reportedCurrency": "USD", "grossProfit": "701000000", "totalRevenue": "954800000", "costOfRevenue": "253800000", "costofGoodsAndServicesSold": "253800000", "operatingIncome": "151000000", "sellingGeneralAndAdministrative": "38600000", "researchAndDevelopment": "124900000", "operatingExpenses": "551100000", "investmentIncomeNet": "None", "netInterestIncome": "-3200000", "interestIncome": "1300000", "interestExpense": "4500000", "nonInterestIncome": "None", "otherNonOperatingIncome": "-16300000", "depreciation": "None", "depreciationAndAmortization": "25500000", "incomeBeforeTax": "138700000", "incomeTaxExpense": "-8100000", "interestAndDebtExpense": "None", "netIncomeFromContinuingOperations": "146800000", "comprehensiveIncomeNetOfTax": "None", "ebit": "143200000", "ebitda": "168700000", "netIncome": "138400000"}, {"fiscalDateEnding": "2021-12-31", "reportedCurrency": "USD", "grossProfit": "735300000", "totalRevenue": "963600000", "costOfRevenue": "228300000", "costofGoodsAndServicesSold": "228300000", "operatingIncome": "214900000", "sellingGeneralAndAdministrative": "41300000", "researchAndDevelopment": "112600000", "operatingExpenses": "521600000", "investmentIncomeNet": "None", "netInterestIncome": "-3500000", "interestIncome": "1000000", "interestExpense": "4500000", "nonInterestIncome": "None", "otherNonOperatingIncome": "-6600000", "depreciation": "None", "depreciationAndAmortization": "25300000", "incomeBeforeTax": "207300000", "incomeTaxExpense": "3700000", "interestAndDebtExpense": "None", "netIncomeFromContinuingOperations": "198800000", "comprehensiveIncomeNetOfTax": "None", "ebit": "211800000", "ebitda": "237100000", "netIncome": "199000000"}, {"fiscalDateEnding": "2021-09-30", "reportedCurrency": "USD", "grossProfit": "656000000", "totalRevenue": "867200000", "costOfRevenue": "211200000", "costofGoodsAndServicesSold": "211200000", "operatingIncome": "166400000", "sellingGeneralAndAdministrative": "35800000", "researchAndDevelopment": "107800000", "operatingExpenses": "490700000", "investmentIncomeNet": "None", "netInterestIncome": "-3400000", "interestIncome": "1200000", "interestExpense": "4600000", "nonInterestIncome": "None", "otherNonOperatingIncome": "-7900000", "depreciation": "None", "depreciationAndAmortization": "22900000", "incomeBeforeTax": "156700000", "incomeTaxExpense": "-9300000", "interestAndDebtExpense": "None", "netIncomeFromContinuingOperations": "163200000", "comprehensiveIncomeNetOfTax": "None", "ebit": "161300000", "ebitda": "184200000", "netIncome": "163100000"}, {"fiscalDateEnding": "2021-06-30", "reportedCurrency": "USD", "grossProfit": "614200000", "totalRevenue": "801100000", "costOfRevenue": "186900000", "costofGoodsAndServicesSold": "186900000", "operatingIncome": "147500000", "sellingGeneralAndAdministrative": "34400000", "researchAndDevelopment": "106600000", "operatingExpenses": "467900000", "investmentIncomeNet": "None", "netInterestIncome": "-3300000", "interestIncome": "1200000", "interestExpense": "4500000", "nonInterestIncome": "None", "otherNonOperatingIncome": "2000000", "depreciation": "None", "depreciationAndAmortization": "18800000", "incomeBeforeTax": "145000000", "incomeTaxExpense": "7500000", "interestAndDebtExpense": "None", "netIncomeFromContinuingOperations": "137500000", "comprehensiveIncomeNetOfTax": "None", "ebit": "149500000", "ebitda": "168300000", "netIncome": "137500000"}, {"fiscalDateEnding": "2021-03-31", "reportedCurrency": "USD", "grossProfit": "553700000", "totalRevenue": "710300000", "costOfRevenue": "156600000", "costofGoodsAndServicesSold": "156600000", "operatingIncome": "121600000", "sellingGeneralAndAdministrative": "32000000", "researchAndDevelopment": "97200000", "operatingExpenses": "433200000", "investmentIncomeNet": "None", "netInterestIncome": "-200000", "interestIncome": "None", "interestExpense": "1300000", "nonInterestIncome": "None", "otherNonOperatingIncome": "-2200000", "depreciation": "None", "depreciationAndAmortization": "17400000", "incomeBeforeTax": "119400000", "incomeTaxExpense": "12200000", "interestAndDebtExpense": "None", "netIncomeFromContinuingOperations": "107200000", "comprehensiveIncomeNetOfTax": "None", "ebit": "119400000", "ebitda": "136800000", "netIncome": "107200000"}, {"fiscalDateEnding": "2020-12-31", "reportedCurrency": "USD", "grossProfit": "581000000", "totalRevenue": "748000000", "costOfRevenue": "167000000", "costofGoodsAndServicesSold": "167000000", "operatingIncome": "169400000", "sellingGeneralAndAdministrative": "32400000", "researchAndDevelopment": "89000000", "operatingExpenses": "412800000", "investmentIncomeNet": "None", "netInterestIncome": "2000000", "interestIncome": "2000000", "interestExpense": "2000000", "nonInterestIncome": "None", "otherNonOperatingIncome": "2300000", "depreciation": "None", "depreciationAndAmortization": "16700000", "incomeBeforeTax": "171700000", "incomeTaxExpense": "25000000", "interestAndDebtExpense": "None", "netIncomeFromContinuingOperations": "149000000", "comprehensiveIncomeNetOfTax": "None", "ebit": "168200000", "ebitda": "184900000", "netIncome": "146700000"}, {"fiscalDateEnding": "2020-09-30", "reportedCurrency": "USD", "grossProfit": "511900000", "totalRevenue": "651100000", "costOfRevenue": "139200000", "costofGoodsAndServicesSold": "139200000", "operatingIncome": "126900000", "sellingGeneralAndAdministrative": "29400000", "researchAndDevelopment": "90000000", "operatingExpenses": "386100000", "investmentIncomeNet": "None", "netInterestIncome": "2500000", "interestIncome": "2500000", "interestExpense": "2500000", "nonInterestIncome": "None", "otherNonOperatingIncome": "1500000", "depreciation": "None", "depreciationAndAmortization": "16700000", "incomeBeforeTax": "128400000", "incomeTaxExpense": "5000000", "interestAndDebtExpense": "None", "netIncomeFromContinuingOperations": "123400000", "comprehensiveIncomeNetOfTax": "None", "ebit": "125800000", "ebitda": "142500000", "netIncome": "123400000"}, {"fiscalDateEnding": "2020-06-30", "reportedCurrency": "USD", "grossProfit": "480400000", "totalRevenue": "615500000", "costOfRevenue": "135100000", "costofGoodsAndServicesSold": "135100000", "operatingIncome": "116700000", "sellingGeneralAndAdministrative": "28900000", "researchAndDevelopment": "82100000", "operatingExpenses": "364800000", "investmentIncomeNet": "None", "netInterestIncome": "4000000", "interestIncome": "4000000", "interestExpense": "4000000", "nonInterestIncome": "None", "otherNonOperatingIncome": "4900000", "depreciation": "None", "depreciationAndAmortization": "17800000", "incomeBeforeTax": "121600000", "incomeTaxExpense": "9500000", "interestAndDebtExpense": "None", "netIncomeFromContinuingOperations": "112100000", "comprehensiveIncomeNetOfTax": "None", "ebit": "115600000", "ebitda": "133400000", "netIncome": "113800000"}, {"fiscalDateEnding": "2020-03-31", "reportedCurrency": "USD", "grossProfit": "448200000", "totalRevenue": "576900000", "costOfRevenue": "128700000", "costofGoodsAndServicesSold": "128700000", "operatingIncome": "115900000", "sellingGeneralAndAdministrative": "28800000", "researchAndDevelopment": "80300000", "operatingExpenses": "369100000", "investmentIncomeNet": "None", "netInterestIncome": "9200000", "interestIncome": "9200000", "interestExpense": "9200000", "nonInterestIncome": "None", "otherNonOperatingIncome": "1200000", "depreciation": "None", "depreciationAndAmortization": "17600000", "incomeBeforeTax": "117100000", "incomeTaxExpense": "13100000", "interestAndDebtExpense": "None", "netIncomeFromContinuingOperations": "104000000", "comprehensiveIncomeNetOfTax": "None", "ebit": "79100000", "ebitda": "96700000", "netIncome": "104600000"}, {"fiscalDateEnding": "2019-12-31", "reportedCurrency": "USD", "grossProfit": "473900000", "totalRevenue": "614400000", "costOfRevenue": "140500000", "costofGoodsAndServicesSold": "140500000", "operatingIncome": "118400000", "sellingGeneralAndAdministrative": "27200000", "researchAndDevelopment": "71200000", "operatingExpenses": "355500000", "investmentIncomeNet": "None", "netInterestIncome": "9900000", "interestIncome": "9900000", "interestExpense": "9900000", "nonInterestIncome": "None", "otherNonOperatingIncome": "9300000", "depreciation": "None", "depreciationAndAmortization": "15700000", "incomeBeforeTax": "127700000", "incomeTaxExpense": "12500000", "interestAndDebtExpense": "None", "netIncomeFromContinuingOperations": "115200000", "comprehensiveIncomeNetOfTax": "None", "ebit": "118400000", "ebitda": "134100000", "netIncome": "115200000"}, {"fiscalDateEnding": "2019-09-30", "reportedCurrency": "USD", "grossProfit": "423400000", "totalRevenue": "547500000", "costOfRevenue": "124100000", "costofGoodsAndServicesSold": "124100000", "operatingIncome": "100000000", "sellingGeneralAndAdministrative": "26100000", "researchAndDevelopment": "69900000", "operatingExpenses": "323400000", "investmentIncomeNet": "None", "netInterestIncome": "11400000", "interestIncome": "11400000", "interestExpense": "11400000", "nonInterestIncome": "None", "otherNonOperatingIncome": "5400000", "depreciation": "None", "depreciationAndAmortization": "15000000", "incomeBeforeTax": "105400000", "incomeTaxExpense": "25600000", "interestAndDebtExpense": "None", "netIncomeFromContinuingOperations": "79800000", "comprehensiveIncomeNetOfTax": "None", "ebit": "100000000", "ebitda": "115000000", "netIncome": "80200000"}, {"fiscalDateEnding": "2019-06-30", "reportedCurrency": "USD", "grossProfit": "393400000", "totalRevenue": "521700000", "costOfRevenue": "128300000", "costofGoodsAndServicesSold": "128300000", "operatingIncome": "75200000", "sellingGeneralAndAdministrative": "24300000", "researchAndDevelopment": "67400000", "operatingExpenses": "318200000", "investmentIncomeNet": "None", "netInterestIncome": "11000000", "interestIncome": "11000000", "interestExpense": "11000000", "nonInterestIncome": "None", "otherNonOperatingIncome": "10600000", "depreciation": "None", "depreciationAndAmortization": "15200000", "incomeBeforeTax": "85800000", "incomeTaxExpense": "13100000", "interestAndDebtExpense": "None", "netIncomeFromContinuingOperations": "72700000", "comprehensiveIncomeNetOfTax": "None", "ebit": "75200000", "ebitda": "90400000", "netIncome": "72700000"}, {"fiscalDateEnding": "2019-03-31", "reportedCurrency": "USD", "grossProfit": "359600000", "totalRevenue": "472600000", "costOfRevenue": "113000000", "costofGoodsAndServicesSold": "113000000", "operatingIncome": "50600000", "sellingGeneralAndAdministrative": "24500000", "researchAndDevelopment": "68600000", "operatingExpenses": "309000000", "investmentIncomeNet": "None", "netInterestIncome": "10200000", "interestIncome": "10200000", "interestExpense": "10200000", "nonInterestIncome": "None", "otherNonOperatingIncome": "9700000", "depreciation": "None", "depreciationAndAmortization": "15700000", "incomeBeforeTax": "60300000", "incomeTaxExpense": "1500000", "interestAndDebtExpense": "None", "netIncomeFromContinuingOperations": "58800000", "comprehensiveIncomeNetOfTax": "None", "ebit": "50600000", "ebitda": "66300000", "netIncome": "58800000"}, {"fiscalDateEnding": "2018-12-31", "reportedCurrency": "USD", "grossProfit": "378500000", "totalRevenue": "507000000", "costOfRevenue": "128500000", "costofGoodsAndServicesSold": "128500000", "operatingIncome": "85100000", "sellingGeneralAndAdministrative": "22000000", "researchAndDevelopment": "65500000", "operatingExpenses": "293400000", "investmentIncomeNet": "None", "netInterestIncome": "None", "interestIncome": "None", "interestExpense": "9300000", "nonInterestIncome": "None", "otherNonOperatingIncome": "7000000", "depreciation": "None", "depreciationAndAmortization": "14700000", "incomeBeforeTax": "92100000", "incomeTaxExpense": "-90500000", "interestAndDebtExpense": "None", "netIncomeFromContinuingOperations": "182600000", "comprehensiveIncomeNetOfTax": "None", "ebit": "85100000", "ebitda": "99800000", "netIncome": "182600000"}, {"fiscalDateEnding": "2018-09-30", "reportedCurrency": "USD", "grossProfit": "342300000", "totalRevenue": "453900000", "costOfRevenue": "111600000", "costofGoodsAndServicesSold": "111600000", "operatingIncome": "62800000", "sellingGeneralAndAdministrative": "22500000", "researchAndDevelopment": "58700000", "operatingExpenses": "279500000", "investmentIncomeNet": "None", "netInterestIncome": "None", "interestIncome": "None", "interestExpense": "6900000", "nonInterestIncome": "None", "otherNonOperatingIncome": "7800000", "depreciation": "None", "depreciationAndAmortization": "14200000", "incomeBeforeTax": "70600000", "incomeTaxExpense": "11900000", "interestAndDebtExpense": "None", "netIncomeFromContinuingOperations": "58700000", "comprehensiveIncomeNetOfTax": "None", "ebit": "62800000", "ebitda": "77000000", "netIncome": "58700000"}, {"fiscalDateEnding": "2018-06-30", "reportedCurrency": "USD", "grossProfit": "328200000", "totalRevenue": "441300000", "costOfRevenue": "113100000", "costofGoodsAndServicesSold": "113100000", "operatingIncome": "50700000", "sellingGeneralAndAdministrative": "23500000", "researchAndDevelopment": "61200000", "operatingExpenses": "277500000", "investmentIncomeNet": "None", "netInterestIncome": "None", "interestIncome": "None", "interestExpense": "5800000", "nonInterestIncome": "None", "otherNonOperatingIncome": "800000", "depreciation": "None", "depreciationAndAmortization": "13600000", "incomeBeforeTax": "51500000", "incomeTaxExpense": "2200000", "interestAndDebtExpense": "None", "netIncomeFromContinuingOperations": "49300000", "comprehensiveIncomeNetOfTax": "None", "ebit": "50700000", "ebitda": "64300000", "netIncome": "49300000"}, {"fiscalDateEnding": "2018-03-31", "reportedCurrency": "USD", "grossProfit": "301800000", "totalRevenue": "399000000", "costOfRevenue": "97200000", "costofGoodsAndServicesSold": "97200000", "operatingIncome": "32400000", "sellingGeneralAndAdministrative": "25000000", "researchAndDevelopment": "59100000", "operatingExpenses": "269400000", "investmentIncomeNet": "None", "netInterestIncome": "None", "interestIncome": "None", "interestExpense": "4500000", "nonInterestIncome": "None", "otherNonOperatingIncome": "4300000", "depreciation": "None", "depreciationAndAmortization": "13200000", "incomeBeforeTax": "36700000", "incomeTaxExpense": "-4900000", "interestAndDebtExpense": "None", "netIncomeFromContinuingOperations": "41600000", "comprehensiveIncomeNetOfTax": "None", "ebit": "32400000", "ebitda": "45600000", "netIncome": "41600000"}, {"fiscalDateEnding": "2017-12-31", "reportedCurrency": "USD", "grossProfit": "311249000", "totalRevenue": "416668000", "costOfRevenue": "105419000", "costofGoodsAndServicesSold": "105419000", "operatingIncome": "42198000", "sellingGeneralAndAdministrative": "22349000", "researchAndDevelopment": "54774000", "operatingExpenses": "269051000", "investmentIncomeNet": "None", "netInterestIncome": "None", "interestIncome": "None", "interestExpense": "4061000", "nonInterestIncome": "None", "otherNonOperatingIncome": "2880000", "depreciation": "None", "depreciationAndAmortization": "14268000", "incomeBeforeTax": "45078000", "incomeTaxExpense": "74039000", "interestAndDebtExpense": "None", "netIncomeFromContinuingOperations": "-28961000", "comprehensiveIncomeNetOfTax": "None", "ebit": "42198000", "ebitda": "56466000", "netIncome": "-28961000"}, {"fiscalDateEnding": "2017-09-30", "reportedCurrency": "USD", "grossProfit": "280568000", "totalRevenue": "374217000", "costOfRevenue": "93649000", "costofGoodsAndServicesSold": "93649000", "operatingIncome": "33696000", "sellingGeneralAndAdministrative": "21025000", "researchAndDevelopment": "53486000", "operatingExpenses": "246872000", "investmentIncomeNet": "None", "netInterestIncome": "None", "interestIncome": "None", "interestExpense": "3866000", "nonInterestIncome": "None", "otherNonOperatingIncome": "4210000", "depreciation": "None", "depreciationAndAmortization": "13716000", "incomeBeforeTax": "37906000", "incomeTaxExpense": "11296000", "interestAndDebtExpense": "None", "netIncomeFromContinuingOperations": "26610000", "comprehensiveIncomeNetOfTax": "None", "ebit": "33684000", "ebitda": "47400000", "netIncome": "26700000"}, {"fiscalDateEnding": "2017-06-30", "reportedCurrency": "USD", "grossProfit": "267817000", "totalRevenue": "363469000", "costOfRevenue": "95652000", "costofGoodsAndServicesSold": "95652000", "operatingIncome": "28500000", "sellingGeneralAndAdministrative": "21911000", "researchAndDevelopment": "51159000", "operatingExpenses": "239407000", "investmentIncomeNet": "None", "netInterestIncome": "None", "interestIncome": "None", "interestExpense": "3163000", "nonInterestIncome": "None", "otherNonOperatingIncome": "4406000", "depreciation": "None", "depreciationAndAmortization": "13999000", "incomeBeforeTax": "32906000", "incomeTaxExpense": "9873000", "interestAndDebtExpense": "None", "netIncomeFromContinuingOperations": "23033000", "comprehensiveIncomeNetOfTax": "None", "ebit": "28401000", "ebitda": "42400000", "netIncome": "23000000"}, {"fiscalDateEnding": "2017-03-31", "reportedCurrency": "USD", "grossProfit": "250012000", "totalRevenue": "340576000", "costOfRevenue": "90564000", "costofGoodsAndServicesSold": "90564000", "operatingIncome": "5410000", "sellingGeneralAndAdministrative": "22577000", "researchAndDevelopment": "51195000", "operatingExpenses": "244172000", "investmentIncomeNet": "None", "netInterestIncome": "None", "interestIncome": "None", "interestExpense": "2392000", "nonInterestIncome": "None", "otherNonOperatingIncome": "2694000", "depreciation": "None", "depreciationAndAmortization": "13493000", "incomeBeforeTax": "8104000", "incomeTaxExpense": "-2613000", "interestAndDebtExpense": "None", "netIncomeFromContinuingOperations": "10717000", "comprehensiveIncomeNetOfTax": "None", "ebit": "5807000", "ebitda": "19300000", "netIncome": "10700000"}, {"fiscalDateEnding": "2016-12-31", "reportedCurrency": "USD", "grossProfit": "271939000", "totalRevenue": "362830000", "costOfRevenue": "90891000", "costofGoodsAndServicesSold": "90891000", "operatingIncome": "45193000", "sellingGeneralAndAdministrative": "17451000", "researchAndDevelopment": "45589000", "operatingExpenses": "225913000", "investmentIncomeNet": "None", "netInterestIncome": "None", "interestIncome": "None", "interestExpense": "1964000", "nonInterestIncome": "None", "otherNonOperatingIncome": "-1686000", "depreciation": "None", "depreciationAndAmortization": "13624000", "incomeBeforeTax": "43507000", "incomeTaxExpense": "18341000", "interestAndDebtExpense": "None", "netIncomeFromContinuingOperations": "30713000", "comprehensiveIncomeNetOfTax": "None", "ebit": "45726000", "ebitda": "59350000", "netIncome": "25166000"}, {"fiscalDateEnding": "2016-09-30", "reportedCurrency": "USD", "grossProfit": "231847000", "totalRevenue": "316646000", "costOfRevenue": "84799000", "costofGoodsAndServicesSold": "84799000", "operatingIncome": "5488000", "sellingGeneralAndAdministrative": "22006000", "researchAndDevelopment": "47239000", "operatingExpenses": "224076000", "investmentIncomeNet": "None", "netInterestIncome": "None", "interestIncome": "None", "interestExpense": "1888000", "nonInterestIncome": "None", "otherNonOperatingIncome": "1101000", "depreciation": "None", "depreciationAndAmortization": "13055000", "incomeBeforeTax": "6589000", "incomeTaxExpense": "298000", "interestAndDebtExpense": "None", "netIncomeFromContinuingOperations": "6291000", "comprehensiveIncomeNetOfTax": "None", "ebit": "7871000", "ebitda": "20926000", "netIncome": "6291000"}, {"fiscalDateEnding": "2016-06-30", "reportedCurrency": "USD", "grossProfit": "226888000", "totalRevenue": "311391000", "costOfRevenue": "84503000", "costofGoodsAndServicesSold": "84503000", "operatingIncome": "-4045000", "sellingGeneralAndAdministrative": "22184000", "researchAndDevelopment": "45502000", "operatingExpenses": "230380000", "investmentIncomeNet": "None", "netInterestIncome": "None", "interestIncome": "None", "interestExpense": "1705000", "nonInterestIncome": "None", "otherNonOperatingIncome": "355000", "depreciation": "None", "depreciationAndAmortization": "11291000", "incomeBeforeTax": "-3690000", "incomeTaxExpense": "-2302000", "interestAndDebtExpense": "None", "netIncomeFromContinuingOperations": "-1388000", "comprehensiveIncomeNetOfTax": "None", "ebit": "-3492000", "ebitda": "7799000", "netIncome": "-1388000"}, {"fiscalDateEnding": "2016-03-31", "reportedCurrency": "USD", "grossProfit": "206827000", "totalRevenue": "284576000", "costOfRevenue": "77749000", "costofGoodsAndServicesSold": "77749000", "operatingIncome": "-5672000", "sellingGeneralAndAdministrative": "19802000", "researchAndDevelopment": "44966000", "operatingExpenses": "212171000", "investmentIncomeNet": "None", "netInterestIncome": "None", "interestIncome": "None", "interestExpense": "1746000", "nonInterestIncome": "None", "otherNonOperatingIncome": "434000", "depreciation": "None", "depreciationAndAmortization": "10550000", "incomeBeforeTax": "-5238000", "incomeTaxExpense": "-1809000", "interestAndDebtExpense": "None", "netIncomeFromContinuingOperations": "-3429000", "comprehensiveIncomeNetOfTax": "None", "ebit": "-3364000", "ebitda": "7186000", "netIncome": "-3429000"}, {"fiscalDateEnding": "2015-12-31", "reportedCurrency": "USD", "grossProfit": "214553000", "totalRevenue": "296529000", "costOfRevenue": "81976000", "costofGoodsAndServicesSold": "81976000", "operatingIncome": "12867000", "sellingGeneralAndAdministrative": "20315000", "researchAndDevelopment": "42814000", "operatingExpenses": "199969000", "investmentIncomeNet": "None", "netInterestIncome": "None", "interestIncome": "None", "interestExpense": "1176000", "nonInterestIncome": "None", "otherNonOperatingIncome": "169000", "depreciation": "None", "depreciationAndAmortization": "9383000", "incomeBeforeTax": "13036000", "incomeTaxExpense": "15570000", "interestAndDebtExpense": "None", "netIncomeFromContinuingOperations": "-2534000", "comprehensiveIncomeNetOfTax": "None", "ebit": "14584000", "ebitda": "23967000", "netIncome": "-2534000"}, {"fiscalDateEnding": "2015-09-30", "reportedCurrency": "USD", "grossProfit": "188367000", "totalRevenue": "260068000", "costOfRevenue": "71701000", "costofGoodsAndServicesSold": "71701000", "operatingIncome": "-1840000", "sellingGeneralAndAdministrative": "21220000", "researchAndDevelopment": "42110000", "operatingExpenses": "184324000", "investmentIncomeNet": "None", "netInterestIncome": "None", "interestIncome": "None", "interestExpense": "1333000", "nonInterestIncome": "None", "otherNonOperatingIncome": "680000", "depreciation": "None", "depreciationAndAmortization": "8824000", "incomeBeforeTax": "-1160000", "incomeTaxExpense": "-9329000", "interestAndDebtExpense": "None", "netIncomeFromContinuingOperations": "8169000", "comprehensiveIncomeNetOfTax": "None", "ebit": "5743000", "ebitda": "14567000", "netIncome": "8169000"}, {"fiscalDateEnding": "2015-06-30", "reportedCurrency": "USD", "grossProfit": "170287000", "totalRevenue": "239785000", "costOfRevenue": "69498000", "costofGoodsAndServicesSold": "69498000", "operatingIncome": "2952000", "sellingGeneralAndAdministrative": "18018000", "researchAndDevelopment": "37389000", "operatingExpenses": "167335000", "investmentIncomeNet": "None", "netInterestIncome": "None", "interestIncome": "None", "interestExpense": "1364000", "nonInterestIncome": "None", "otherNonOperatingIncome": "534000", "depreciation": "None", "depreciationAndAmortization": "7029000", "incomeBeforeTax": "3486000", "incomeTaxExpense": "2694000", "interestAndDebtExpense": "None", "netIncomeFromContinuingOperations": "792000", "comprehensiveIncomeNetOfTax": "None", "ebit": "2952000", "ebitda": "9981000", "netIncome": "792000"}, {"fiscalDateEnding": "2015-03-31", "reportedCurrency": "USD", "grossProfit": "149284000", "totalRevenue": "212886000", "costOfRevenue": "63602000", "costofGoodsAndServicesSold": "63602000", "operatingIncome": "898000", "sellingGeneralAndAdministrative": "11961000", "researchAndDevelopment": "35816000", "operatingExpenses": "148386000", "investmentIncomeNet": "None", "netInterestIncome": "None", "interestIncome": "None", "interestExpense": "1422000", "nonInterestIncome": "None", "otherNonOperatingIncome": "745000", "depreciation": "None", "depreciationAndAmortization": "6353000", "incomeBeforeTax": "1643000", "incomeTaxExpense": "83000", "interestAndDebtExpense": "None", "netIncomeFromContinuingOperations": "1560000", "comprehensiveIncomeNetOfTax": "None", "ebit": "898000", "ebitda": "7251000", "netIncome": "1560000"}, {"fiscalDateEnding": "2014-12-31", "reportedCurrency": "USD", "grossProfit": "158345000", "totalRevenue": "223969000", "costOfRevenue": "65624000", "costofGoodsAndServicesSold": "65624000", "operatingIncome": "19916000", "sellingGeneralAndAdministrative": "12104000", "researchAndDevelopment": "33097000", "operatingExpenses": "138429000", "investmentIncomeNet": "None", "netInterestIncome": "None", "interestIncome": "None", "interestExpense": "1402000", "nonInterestIncome": "None", "otherNonOperatingIncome": "202000", "depreciation": "None", "depreciationAndAmortization": "5509000", "incomeBeforeTax": "20118000", "incomeTaxExpense": "13305000", "interestAndDebtExpense": "None", "netIncomeFromContinuingOperations": "6813000", "comprehensiveIncomeNetOfTax": "None", "ebit": "19916000", "ebitda": "25425000", "netIncome": "6813000"}, {"fiscalDateEnding": "2014-09-30", "reportedCurrency": "USD", "grossProfit": "136463000", "totalRevenue": "193348000", "costOfRevenue": "56885000", "costofGoodsAndServicesSold": "56885000", "operatingIncome": "15451000", "sellingGeneralAndAdministrative": "9789000", "researchAndDevelopment": "30790000", "operatingExpenses": "121012000", "investmentIncomeNet": "None", "netInterestIncome": "None", "interestIncome": "None", "interestExpense": "1339000", "nonInterestIncome": "None", "otherNonOperatingIncome": "334000", "depreciation": "None", "depreciationAndAmortization": "5605000", "incomeBeforeTax": "15785000", "incomeTaxExpense": "11729000", "interestAndDebtExpense": "None", "netIncomeFromContinuingOperations": "4056000", "comprehensiveIncomeNetOfTax": "None", "ebit": "15451000", "ebitda": "21056000", "netIncome": "4056000"}, {"fiscalDateEnding": "2014-06-30", "reportedCurrency": "USD", "grossProfit": "126341000", "totalRevenue": "184098000", "costOfRevenue": "57757000", "costofGoodsAndServicesSold": "57757000", "operatingIncome": "11142000", "sellingGeneralAndAdministrative": "10444000", "researchAndDevelopment": "29938000", "operatingExpenses": "115199000", "investmentIncomeNet": "None", "netInterestIncome": "None", "interestIncome": "None", "interestExpense": "1319000", "nonInterestIncome": "None", "otherNonOperatingIncome": "745000", "depreciation": "None", "depreciationAndAmortization": "6492000", "incomeBeforeTax": "11887000", "incomeTaxExpense": "5806000", "interestAndDebtExpense": "None", "netIncomeFromContinuingOperations": "6081000", "comprehensiveIncomeNetOfTax": "None", "ebit": "11142000", "ebitda": "17634000", "netIncome": "6081000"}, {"fiscalDateEnding": "2014-03-31", "reportedCurrency": "USD", "grossProfit": "118206000", "totalRevenue": "168949000", "costOfRevenue": "50743000", "costofGoodsAndServicesSold": "50743000", "operatingIncome": "12815000", "sellingGeneralAndAdministrative": "9010000", "researchAndDevelopment": "29055000", "operatingExpenses": "105391000", "investmentIncomeNet": "None", "netInterestIncome": "None", "interestIncome": "None", "interestExpense": "1333000", "nonInterestIncome": "None", "otherNonOperatingIncome": "944000", "depreciation": "None", "depreciationAndAmortization": "4422000", "incomeBeforeTax": "13759000", "incomeTaxExpense": "5366000", "interestAndDebtExpense": "None", "netIncomeFromContinuingOperations": "8393000", "comprehensiveIncomeNetOfTax": "None", "ebit": "12815000", "ebitda": "17237000", "netIncome": "8393000"}, {"fiscalDateEnding": "2013-12-31", "reportedCurrency": "USD", "grossProfit": "123473000", "totalRevenue": "177350000", "costOfRevenue": "53877000", "costofGoodsAndServicesSold": "53877000", "operatingIncome": "24643000", "sellingGeneralAndAdministrative": "8752000", "researchAndDevelopment": "27747000", "operatingExpenses": "98830000", "investmentIncomeNet": "None", "netInterestIncome": "None", "interestIncome": "None", "interestExpense": "1318000", "nonInterestIncome": "None", "otherNonOperatingIncome": "899000", "depreciation": "None", "depreciationAndAmortization": "4112000", "incomeBeforeTax": "25542000", "incomeTaxExpense": "13526000", "interestAndDebtExpense": "None", "netIncomeFromContinuingOperations": "12016000", "comprehensiveIncomeNetOfTax": "None", "ebit": "24643000", "ebitda": "28755000", "netIncome": "12016000"}, {"fiscalDateEnding": "2013-09-30", "reportedCurrency": "USD", "grossProfit": "110769000", "totalRevenue": "154699000", "costOfRevenue": "43930000", "costofGoodsAndServicesSold": "43930000", "operatingIncome": "18279000", "sellingGeneralAndAdministrative": "9382000", "researchAndDevelopment": "26421000", "operatingExpenses": "92490000", "investmentIncomeNet": "None", "netInterestIncome": "None", "interestIncome": "None", "interestExpense": "1282000", "nonInterestIncome": "None", "otherNonOperatingIncome": "131000", "depreciation": "None", "depreciationAndAmortization": "4189000", "incomeBeforeTax": "18410000", "incomeTaxExpense": "7381000", "interestAndDebtExpense": "None", "netIncomeFromContinuingOperations": "11029000", "comprehensiveIncomeNetOfTax": "None", "ebit": "18279000", "ebitda": "22468000", "netIncome": "11029000"}, {"fiscalDateEnding": "2013-06-30", "reportedCurrency": "USD", "grossProfit": "103720000", "totalRevenue": "147428000", "costOfRevenue": "43708000", "costofGoodsAndServicesSold": "43708000", "operatingIncome": "13777000", "sellingGeneralAndAdministrative": "8788000", "researchAndDevelopment": "25158000", "operatingExpenses": "89943000", "investmentIncomeNet": "None", "netInterestIncome": "None", "interestIncome": "None", "interestExpense": "1337000", "nonInterestIncome": "None", "otherNonOperatingIncome": "1237000", "depreciation": "None", "depreciationAndAmortization": "4224000", "incomeBeforeTax": "15014000", "incomeTaxExpense": "6035000", "interestAndDebtExpense": "None", "netIncomeFromContinuingOperations": "8979000", "comprehensiveIncomeNetOfTax": "None", "ebit": "9553000", "ebitda": "13777000", "netIncome": "8979000"}, {"fiscalDateEnding": "2013-03-31", "reportedCurrency": "USD", "grossProfit": "96692000", "totalRevenue": "135820000", "costOfRevenue": "39128000", "costofGoodsAndServicesSold": "39128000", "operatingIncome": "15391000", "sellingGeneralAndAdministrative": "7991000", "researchAndDevelopment": "23334000", "operatingExpenses": "81301000", "investmentIncomeNet": "None", "netInterestIncome": "None", "interestIncome": "None", "interestExpense": "1369000", "nonInterestIncome": "None", "otherNonOperatingIncome": "1584000", "depreciation": "None", "depreciationAndAmortization": "3098000", "incomeBeforeTax": "16975000", "incomeTaxExpense": "4726000", "interestAndDebtExpense": "None", "netIncomeFromContinuingOperations": "12249000", "comprehensiveIncomeNetOfTax": "None", "ebit": "12293000", "ebitda": "15391000", "netIncome": "12249000"}, {"fiscalDateEnding": "2012-12-31", "reportedCurrency": "USD", "grossProfit": "109720000", "totalRevenue": "151162000", "costOfRevenue": "41442000", "costofGoodsAndServicesSold": "41442000", "operatingIncome": "35040000", "sellingGeneralAndAdministrative": "6038000", "researchAndDevelopment": "20525000", "operatingExpenses": "74680000", "investmentIncomeNet": "None", "netInterestIncome": "None", "interestIncome": "None", "interestExpense": "1400000", "nonInterestIncome": "None", "otherNonOperatingIncome": "1230000", "depreciation": "None", "depreciationAndAmortization": "3488000", "incomeBeforeTax": "36270000", "incomeTaxExpense": "14763000", "interestAndDebtExpense": "None", "netIncomeFromContinuingOperations": "21507000", "comprehensiveIncomeNetOfTax": "None", "ebit": "35040000", "ebitda": "38528000", "netIncome": "21507000"}, {"fiscalDateEnding": "2012-09-30", "reportedCurrency": "USD", "grossProfit": "98460000", "totalRevenue": "136268000", "costOfRevenue": "37808000", "costofGoodsAndServicesSold": "37808000", "operatingIncome": "25770000", "sellingGeneralAndAdministrative": "7449000", "researchAndDevelopment": "20498000", "operatingExpenses": "72690000", "investmentIncomeNet": "None", "netInterestIncome": "None", "interestIncome": "None", "interestExpense": "1318000", "nonInterestIncome": "None", "otherNonOperatingIncome": "1001000", "depreciation": "None", "depreciationAndAmortization": "2999000", "incomeBeforeTax": "26771000", "incomeTaxExpense": "9565000", "interestAndDebtExpense": "None", "netIncomeFromContinuingOperations": "17206000", "comprehensiveIncomeNetOfTax": "None", "ebit": "22771000", "ebitda": "25770000", "netIncome": "17206000"}, {"fiscalDateEnding": "2012-06-30", "reportedCurrency": "USD", "grossProfit": "91835000", "totalRevenue": "128962000", "costOfRevenue": "37127000", "costofGoodsAndServicesSold": "37127000", "operatingIncome": "20950000", "sellingGeneralAndAdministrative": "6238000", "researchAndDevelopment": "20388000", "operatingExpenses": "70885000", "investmentIncomeNet": "None", "netInterestIncome": "None", "interestIncome": "None", "interestExpense": "1203000", "nonInterestIncome": "None", "otherNonOperatingIncome": "1276000", "depreciation": "None", "depreciationAndAmortization": "2995000", "incomeBeforeTax": "22226000", "incomeTaxExpense": "8276000", "interestAndDebtExpense": "None", "netIncomeFromContinuingOperations": "13950000", "comprehensiveIncomeNetOfTax": "None", "ebit": "17955000", "ebitda": "20950000", "netIncome": "13950000"}, {"fiscalDateEnding": "2012-03-31", "reportedCurrency": "USD", "grossProfit": "86204000", "totalRevenue": "117247000", "costOfRevenue": "31043000", "costofGoodsAndServicesSold": "31043000", "operatingIncome": "18715000", "sellingGeneralAndAdministrative": "5786000", "researchAndDevelopment": "19667000", "operatingExpenses": "67489000", "investmentIncomeNet": "None", "netInterestIncome": "None", "interestIncome": "None", "interestExpense": "1085000", "nonInterestIncome": "None", "otherNonOperatingIncome": "1014000", "depreciation": "None", "depreciationAndAmortization": "2082000", "incomeBeforeTax": "19729000", "incomeTaxExpense": "5556000", "interestAndDebtExpense": "None", "netIncomeFromContinuingOperations": "14173000", "comprehensiveIncomeNetOfTax": "None", "ebit": "16633000", "ebitda": "18715000", "netIncome": "14173000"}, {"fiscalDateEnding": "2011-12-31", "reportedCurrency": "USD", "grossProfit": "88376000", "totalRevenue": "120861000", "costOfRevenue": "32485000", "costofGoodsAndServicesSold": "32485000", "operatingIncome": "26520000", "sellingGeneralAndAdministrative": "5492000", "researchAndDevelopment": "16380000", "operatingExpenses": "61856000", "investmentIncomeNet": "None", "netInterestIncome": "None", "interestIncome": "None", "interestExpense": "963000", "nonInterestIncome": "None", "otherNonOperatingIncome": "None", "depreciation": "None", "depreciationAndAmortization": "1875000", "incomeBeforeTax": "27371000", "incomeTaxExpense": "10877000", "interestAndDebtExpense": "None", "netIncomeFromContinuingOperations": "0", "comprehensiveIncomeNetOfTax": "None", "ebit": "26520000", "ebitda": "28395000", "netIncome": "16494000"}, {"fiscalDateEnding": "2011-09-30", "reportedCurrency": "USD", "grossProfit": "85287000", "totalRevenue": "116426000", "costOfRevenue": "31139000", "costofGoodsAndServicesSold": "31139000", "operatingIncome": "26160000", "sellingGeneralAndAdministrative": "5359000", "researchAndDevelopment": "16834000", "operatingExpenses": "59127000", "investmentIncomeNet": "None", "netInterestIncome": "None", "interestIncome": "None", "interestExpense": "904000", "nonInterestIncome": "None", "otherNonOperatingIncome": "964000", "depreciation": "None", "depreciationAndAmortization": "1778000", "incomeBeforeTax": "27124000", "incomeTaxExpense": "9207000", "interestAndDebtExpense": "None", "netIncomeFromContinuingOperations": "17917000", "comprehensiveIncomeNetOfTax": "None", "ebit": "24382000", "ebitda": "26160000", "netIncome": "17917000"}, {"fiscalDateEnding": "2011-06-30", "reportedCurrency": "USD", "grossProfit": "76465000", "totalRevenue": "103023000", "costOfRevenue": "26558000", "costofGoodsAndServicesSold": "26558000", "operatingIncome": "18779000", "sellingGeneralAndAdministrative": "5848000", "researchAndDevelopment": "15942000", "operatingExpenses": "57686000", "investmentIncomeNet": "None", "netInterestIncome": "None", "interestIncome": "None", "interestExpense": "863000", "nonInterestIncome": "None", "otherNonOperatingIncome": "656000", "depreciation": "None", "depreciationAndAmortization": "1658000", "incomeBeforeTax": "19435000", "incomeTaxExpense": "4941000", "interestAndDebtExpense": "None", "netIncomeFromContinuingOperations": "14494000", "comprehensiveIncomeNetOfTax": "None", "ebit": "17121000", "ebitda": "18779000", "netIncome": "14494000"}, {"fiscalDateEnding": "2011-03-31", "reportedCurrency": "USD", "grossProfit": "69850000", "totalRevenue": "93266000", "costOfRevenue": "23416000", "costofGoodsAndServicesSold": "23416000", "operatingIncome": "17445000", "sellingGeneralAndAdministrative": "5266000", "researchAndDevelopment": "14421000", "operatingExpenses": "52405000", "investmentIncomeNet": "None", "netInterestIncome": "None", "interestIncome": "None", "interestExpense": "793000", "nonInterestIncome": "None", "otherNonOperatingIncome": "None", "depreciation": "None", "depreciationAndAmortization": "1678000", "incomeBeforeTax": "18143000", "incomeTaxExpense": "4556000", "interestAndDebtExpense": "None", "netIncomeFromContinuingOperations": "0", "comprehensiveIncomeNetOfTax": "None", "ebit": "15767000", "ebitda": "17445000", "netIncome": "13587000"}, {"fiscalDateEnding": "2010-12-31", "reportedCurrency": "USD", "grossProfit": "69376000", "totalRevenue": "93599000", "costOfRevenue": "24223000", "costofGoodsAndServicesSold": "24223000", "operatingIncome": "20698000", "sellingGeneralAndAdministrative": "5395000", "researchAndDevelopment": "12802000", "operatingExpenses": "48678000", "investmentIncomeNet": "None", "netInterestIncome": "None", "interestIncome": "None", "interestExpense": "634000", "nonInterestIncome": "None", "otherNonOperatingIncome": "None", "depreciation": "None", "depreciationAndAmortization": "1463000", "incomeBeforeTax": "21082000", "incomeTaxExpense": "4941000", "interestAndDebtExpense": "None", "netIncomeFromContinuingOperations": "0", "comprehensiveIncomeNetOfTax": "None", "ebit": "20698000", "ebitda": "22161000", "netIncome": "16141000"}, {"fiscalDateEnding": "2010-09-30", "reportedCurrency": "USD", "grossProfit": "63528000", "totalRevenue": "84971000", "costOfRevenue": "21443000", "costofGoodsAndServicesSold": "21443000", "operatingIncome": "18159000", "sellingGeneralAndAdministrative": "5993000", "researchAndDevelopment": "12389000", "operatingExpenses": "45369000", "investmentIncomeNet": "None", "netInterestIncome": "None", "interestIncome": "None", "interestExpense": "514000", "nonInterestIncome": "None", "otherNonOperatingIncome": "None", "depreciation": "None", "depreciationAndAmortization": "1391000", "incomeBeforeTax": "18271000", "incomeTaxExpense": "4254000", "interestAndDebtExpense": "None", "netIncomeFromContinuingOperations": "0", "comprehensiveIncomeNetOfTax": "None", "ebit": "16768000", "ebitda": "18159000", "netIncome": "14017000"}, {"fiscalDateEnding": "2010-06-30", "reportedCurrency": "USD", "grossProfit": "56166000", "totalRevenue": "76331000", "costOfRevenue": "20165000", "costofGoodsAndServicesSold": "20165000", "operatingIncome": "9780000", "sellingGeneralAndAdministrative": "5933000", "researchAndDevelopment": "12676000", "operatingExpenses": "46386000", "investmentIncomeNet": "None", "netInterestIncome": "None", "interestIncome": "None", "interestExpense": "399000", "nonInterestIncome": "None", "otherNonOperatingIncome": "None", "depreciation": "None", "depreciationAndAmortization": "1467000", "incomeBeforeTax": "10266000", "incomeTaxExpense": "3397000", "interestAndDebtExpense": "None", "netIncomeFromContinuingOperations": "0", "comprehensiveIncomeNetOfTax": "None", "ebit": "8313000", "ebitda": "9780000", "netIncome": "6869000"}, {"fiscalDateEnding": "2010-03-31", "reportedCurrency": "USD", "grossProfit": "50420000", "totalRevenue": "69795000", "costOfRevenue": "19375000", "costofGoodsAndServicesSold": "19375000", "operatingIncome": "6704000", "sellingGeneralAndAdministrative": "5059000", "researchAndDevelopment": "11934000", "operatingExpenses": "43716000", "investmentIncomeNet": "None", "netInterestIncome": "None", "interestIncome": "None", "interestExpense": "268000", "nonInterestIncome": "None", "otherNonOperatingIncome": "None", "depreciation": "None", "depreciationAndAmortization": "1375000", "incomeBeforeTax": "6722000", "incomeTaxExpense": "2504000", "interestAndDebtExpense": "None", "netIncomeFromContinuingOperations": "0", "comprehensiveIncomeNetOfTax": "None", "ebit": "5329000", "ebitda": "6704000", "netIncome": "4218000"}, {"fiscalDateEnding": "2009-12-31", "reportedCurrency": "USD", "grossProfit": "49803000", "totalRevenue": "70712000", "costOfRevenue": "20909000", "costofGoodsAndServicesSold": "20909000", "operatingIncome": "7454000", "sellingGeneralAndAdministrative": "4642000", "researchAndDevelopment": "10988000", "operatingExpenses": "42349000", "investmentIncomeNet": "None", "netInterestIncome": "None", "interestIncome": "None", "interestExpense": "304000", "nonInterestIncome": "None", "otherNonOperatingIncome": "None", "depreciation": "None", "depreciationAndAmortization": "1613000", "incomeBeforeTax": "7808000", "incomeTaxExpense": "-36132000", "interestAndDebtExpense": "None", "netIncomeFromContinuingOperations": "0", "comprehensiveIncomeNetOfTax": "None", "ebit": "7454000", "ebitda": "9067000", "netIncome": "43940000"}, {"fiscalDateEnding": "2009-09-30", "reportedCurrency": "USD", "grossProfit": "48431000", "totalRevenue": "65864000", "costOfRevenue": "17433000", "costofGoodsAndServicesSold": "17433000", "operatingIncome": "9676000", "sellingGeneralAndAdministrative": "4490000", "researchAndDevelopment": "10797000", "operatingExpenses": "38755000", "investmentIncomeNet": "None", "netInterestIncome": "None", "interestIncome": "None", "interestExpense": "428000", "nonInterestIncome": "None", "otherNonOperatingIncome": "None", "depreciation": "None", "depreciationAndAmortization": "1475000", "incomeBeforeTax": "10040000", "incomeTaxExpense": "2151000", "interestAndDebtExpense": "None", "netIncomeFromContinuingOperations": "0", "comprehensiveIncomeNetOfTax": "None", "ebit": "9676000", "ebitda": "11151000", "netIncome": "7889000"}, {"fiscalDateEnding": "2009-06-30", "reportedCurrency": "USD", "grossProfit": "44366000", "totalRevenue": "61345000", "costOfRevenue": "16979000", "costofGoodsAndServicesSold": "16979000", "operatingIncome": "4975000", "sellingGeneralAndAdministrative": "4516000", "researchAndDevelopment": "10534000", "operatingExpenses": "39391000", "investmentIncomeNet": "None", "netInterestIncome": "None", "interestIncome": "None", "interestExpense": "535000", "nonInterestIncome": "None", "otherNonOperatingIncome": "None", "depreciation": "None", "depreciationAndAmortization": "1494000", "incomeBeforeTax": "5228000", "incomeTaxExpense": "652000", "interestAndDebtExpense": "None", "netIncomeFromContinuingOperations": "0", "comprehensiveIncomeNetOfTax": "None", "ebit": "4975000", "ebitda": "6469000", "netIncome": "4576000"}, {"fiscalDateEnding": "2009-03-31", "reportedCurrency": "USD", "grossProfit": "39540000", "totalRevenue": "54194000", "costOfRevenue": "14654000", "costofGoodsAndServicesSold": "14654000", "operatingIncome": "3229000", "sellingGeneralAndAdministrative": "4672000", "researchAndDevelopment": "9876000", "operatingExpenses": "36311000", "investmentIncomeNet": "None", "netInterestIncome": "None", "interestIncome": "None", "interestExpense": "714000", "nonInterestIncome": "None", "otherNonOperatingIncome": "None", "depreciation": "None", "depreciationAndAmortization": "1353000", "incomeBeforeTax": "4437000", "incomeTaxExpense": "663000", "interestAndDebtExpense": "None", "netIncomeFromContinuingOperations": "0", "comprehensiveIncomeNetOfTax": "None", "ebit": "3229000", "ebitda": "4582000", "netIncome": "3774000"}, {"fiscalDateEnding": "2008-12-31", "reportedCurrency": "USD", "grossProfit": "41212000", "totalRevenue": "59066000", "costOfRevenue": "17854000", "costofGoodsAndServicesSold": "17854000", "operatingIncome": "6273000", "sellingGeneralAndAdministrative": "4273000", "researchAndDevelopment": "8849000", "operatingExpenses": "34939000", "investmentIncomeNet": "None", "netInterestIncome": "None", "interestIncome": "None", "interestExpense": "742000", "nonInterestIncome": "None", "otherNonOperatingIncome": "None", "depreciation": "None", "depreciationAndAmortization": "928000", "incomeBeforeTax": "8554000", "incomeTaxExpense": "611000", "interestAndDebtExpense": "None", "netIncomeFromContinuingOperations": "0", "comprehensiveIncomeNetOfTax": "None", "ebit": "6273000", "ebitda": "7201000", "netIncome": "7943000"}, {"fiscalDateEnding": "2008-09-30", "reportedCurrency": "USD", "grossProfit": "38574000", "totalRevenue": "54414000", "costOfRevenue": "15840000", "costofGoodsAndServicesSold": "15840000", "operatingIncome": "3220000", "sellingGeneralAndAdministrative": "3963000", "researchAndDevelopment": "9957000", "operatingExpenses": "35354000", "investmentIncomeNet": "None", "netInterestIncome": "None", "interestIncome": "None", "interestExpense": "595000", "nonInterestIncome": "None", "otherNonOperatingIncome": "None", "depreciation": "None", "depreciationAndAmortization": "1215000", "incomeBeforeTax": "4690000", "incomeTaxExpense": "183000", "interestAndDebtExpense": "None", "netIncomeFromContinuingOperations": "0", "comprehensiveIncomeNetOfTax": "None", "ebit": "3220000", "ebitda": "4435000", "netIncome": "4507000"}, {"fiscalDateEnding": "2008-06-30", "reportedCurrency": "USD", "grossProfit": "0", "totalRevenue": "52547000", "costOfRevenue": "16640000", "costofGoodsAndServicesSold": "16640000", "operatingIncome": "0", "sellingGeneralAndAdministrative": "36810000", "researchAndDevelopment": "9449000", "operatingExpenses": "0", "investmentIncomeNet": "None", "netInterestIncome": "None", "interestIncome": "None", "interestExpense": "0", "nonInterestIncome": "None", "otherNonOperatingIncome": "None", "depreciation": "None", "depreciationAndAmortization": "None", "incomeBeforeTax": "0", "incomeTaxExpense": "756000", "interestAndDebtExpense": "None", "netIncomeFromContinuingOperations": "0", "comprehensiveIncomeNetOfTax": "None", "ebit": "0", "ebitda": "None", "netIncome": "0"}, {"fiscalDateEnding": "2008-03-31", "reportedCurrency": "USD", "grossProfit": "0", "totalRevenue": "45764000", "costOfRevenue": "15138000", "costofGoodsAndServicesSold": "15138000", "operatingIncome": "0", "sellingGeneralAndAdministrative": "34289000", "researchAndDevelopment": "8780000", "operatingExpenses": "0", "investmentIncomeNet": "None", "netInterestIncome": "None", "interestIncome": "None", "interestExpense": "0", "nonInterestIncome": "None", "otherNonOperatingIncome": "None", "depreciation": "None", "depreciationAndAmortization": "None", "incomeBeforeTax": "0", "incomeTaxExpense": "338000", "interestAndDebtExpense": "None", "netIncomeFromContinuingOperations": "0", "comprehensiveIncomeNetOfTax": "None", "ebit": "0", "ebitda": "None", "netIncome": "0"}, {"fiscalDateEnding": "2007-12-31", "reportedCurrency": "USD", "grossProfit": "102867000", "totalRevenue": "43620000", "costOfRevenue": "18225000", "costofGoodsAndServicesSold": "18225000", "operatingIncome": "0", "sellingGeneralAndAdministrative": "35853000", "researchAndDevelopment": "7949000", "operatingExpenses": "0", "investmentIncomeNet": "None", "netInterestIncome": "None", "interestIncome": "None", "interestExpense": "0", "nonInterestIncome": "None", "otherNonOperatingIncome": "None", "depreciation": "None", "depreciationAndAmortization": "None", "incomeBeforeTax": "0", "incomeTaxExpense": "437000", "interestAndDebtExpense": "None", "netIncomeFromContinuingOperations": "0", "comprehensiveIncomeNetOfTax": "None", "ebit": "0", "ebitda": "None", "netIncome": "0"}, {"fiscalDateEnding": "2007-09-30", "reportedCurrency": "USD", "grossProfit": "0", "totalRevenue": "38334000", "costOfRevenue": "14200000", "costofGoodsAndServicesSold": "14200000", "operatingIncome": "0", "sellingGeneralAndAdministrative": "29298000", "researchAndDevelopment": "7278000", "operatingExpenses": "0", "investmentIncomeNet": "None", "netInterestIncome": "None", "interestIncome": "None", "interestExpense": "0", "nonInterestIncome": "None", "otherNonOperatingIncome": "None", "depreciation": "None", "depreciationAndAmortization": "None", "incomeBeforeTax": "0", "incomeTaxExpense": "376000", "interestAndDebtExpense": "None", "netIncomeFromContinuingOperations": "0", "comprehensiveIncomeNetOfTax": "None", "ebit": "0", "ebitda": "None", "netIncome": "0"}, {"fiscalDateEnding": "2007-06-30", "reportedCurrency": "USD", "grossProfit": "0", "totalRevenue": "38811000", "costOfRevenue": "13156000", "costofGoodsAndServicesSold": "13156000", "operatingIncome": "0", "sellingGeneralAndAdministrative": "28770000", "researchAndDevelopment": "6363000", "operatingExpenses": "0", "investmentIncomeNet": "None", "netInterestIncome": "None", "interestIncome": "None", "interestExpense": "0", "nonInterestIncome": "None", "otherNonOperatingIncome": "None", "depreciation": "None", "depreciationAndAmortization": "None", "incomeBeforeTax": "0", "incomeTaxExpense": "804000", "interestAndDebtExpense": "None", "netIncomeFromContinuingOperations": "0", "comprehensiveIncomeNetOfTax": "None", "ebit": "0", "ebitda": "None", "netIncome": "0"}, {"fiscalDateEnding": "2007-03-31", "reportedCurrency": "USD", "grossProfit": "0", "totalRevenue": "34601000", "costOfRevenue": "11071000", "costofGoodsAndServicesSold": "11071000", "operatingIncome": "0", "sellingGeneralAndAdministrative": "26370000", "researchAndDevelopment": "5998000", "operatingExpenses": "0", "investmentIncomeNet": "None", "netInterestIncome": "None", "interestIncome": "None", "interestExpense": "0", "nonInterestIncome": "None", "otherNonOperatingIncome": "None", "depreciation": "None", "depreciationAndAmortization": "None", "incomeBeforeTax": "0", "incomeTaxExpense": "164000", "interestAndDebtExpense": "None", "netIncomeFromContinuingOperations": "0", "comprehensiveIncomeNetOfTax": "None", "ebit": "0", "ebitda": "None", "netIncome": "0"}]}