{"symbol": "WFC", "annualReports": [{"fiscalDateEnding": "2024-12-31", "reportedCurrency": "USD", "grossProfit": "77962000000", "totalRevenue": "77962000000", "costOfRevenue": "None", "costofGoodsAndServicesSold": "None", "operatingIncome": "28489000000", "sellingGeneralAndAdministrative": "36362000000", "researchAndDevelopment": "None", "operatingExpenses": "49473000000", "investmentIncomeNet": "None", "netInterestIncome": "47676000000", "interestIncome": "90777000000", "interestExpense": "43101000000", "nonInterestIncome": "None", "otherNonOperatingIncome": "None", "depreciation": "None", "depreciationAndAmortization": "-4492000000", "incomeBeforeTax": "23364000000", "incomeTaxExpense": "3399000000", "interestAndDebtExpense": "None", "netIncomeFromContinuingOperations": "19965000000", "comprehensiveIncomeNetOfTax": "None", "ebit": "28489000000", "ebitda": "23997000000", "netIncome": "19722000000"}, {"fiscalDateEnding": "2023-12-31", "reportedCurrency": "USD", "grossProfit": "77198000000", "totalRevenue": "77198000000", "costOfRevenue": "-5399000000", "costofGoodsAndServicesSold": "-5399000000", "operatingIncome": "28668000000", "sellingGeneralAndAdministrative": "35829000000", "researchAndDevelopment": "None", "operatingExpenses": "48530000000", "investmentIncomeNet": "None", "netInterestIncome": "53037000000", "interestIncome": "80072000000", "interestExpense": "32743000000", "nonInterestIncome": "None", "otherNonOperatingIncome": "None", "depreciation": "None", "depreciationAndAmortization": "6271000000", "incomeBeforeTax": "21636000000", "incomeTaxExpense": "2607000000", "interestAndDebtExpense": "None", "netIncomeFromContinuingOperations": "17943000000", "comprehensiveIncomeNetOfTax": "None", "ebit": "21636000000", "ebitda": "27907000000", "netIncome": "19142000000"}, {"fiscalDateEnding": "2022-12-31", "reportedCurrency": "USD", "grossProfit": "74368000000", "totalRevenue": "73785000000", "costOfRevenue": "-583000000", "costofGoodsAndServicesSold": "-583000000", "operatingIncome": "14970000000", "sellingGeneralAndAdministrative": "35090000000", "researchAndDevelopment": "None", "operatingExpenses": "46289000000", "investmentIncomeNet": "None", "netInterestIncome": "44950000000", "interestIncome": "54024000000", "interestExpense": "9074000000", "nonInterestIncome": "None", "otherNonOperatingIncome": "None", "depreciation": "None", "depreciationAndAmortization": "7309000000", "incomeBeforeTax": "15629000000", "incomeTaxExpense": "2087000000", "interestAndDebtExpense": "None", "netIncomeFromContinuingOperations": "12882000000", "comprehensiveIncomeNetOfTax": "None", "ebit": "14969000000", "ebitda": "22278000000", "netIncome": "13677000000"}, {"fiscalDateEnding": "2021-12-31", "reportedCurrency": "USD", "grossProfit": "79166000000", "totalRevenue": "78492000000", "costOfRevenue": "-674000000", "costofGoodsAndServicesSold": "-674000000", "operatingIncome": "35262000000", "sellingGeneralAndAdministrative": "35541000000", "researchAndDevelopment": "None", "operatingExpenses": "48059000000", "investmentIncomeNet": "None", "netInterestIncome": "35779000000", "interestIncome": "39694000000", "interestExpense": "3915000000", "nonInterestIncome": "None", "otherNonOperatingIncome": "None", "depreciation": "None", "depreciationAndAmortization": "8494000000", "incomeBeforeTax": "29563000000", "incomeTaxExpense": "5578000000", "interestAndDebtExpense": "None", "netIncomeFromContinuingOperations": "23238000000", "comprehensiveIncomeNetOfTax": "None", "ebit": "28816000000", "ebitda": "37310000000", "netIncome": "22109000000"}, {"fiscalDateEnding": "2020-12-31", "reportedCurrency": "USD", "grossProfit": "72340000000", "totalRevenue": "72340000000", "costOfRevenue": "None", "costofGoodsAndServicesSold": "None", "operatingIncome": "4041000000", "sellingGeneralAndAdministrative": "6706000000", "researchAndDevelopment": "None", "operatingExpenses": "57667000000", "investmentIncomeNet": "None", "netInterestIncome": "39835000000", "interestIncome": "47798000000", "interestExpense": "7963000000", "nonInterestIncome": "None", "otherNonOperatingIncome": "None", "depreciation": "None", "depreciationAndAmortization": "8974000000", "incomeBeforeTax": "2505000000", "incomeTaxExpense": "1157000000", "interestAndDebtExpense": "None", "netIncomeFromContinuingOperations": "3586000000", "comprehensiveIncomeNetOfTax": "None", "ebit": "-892000000", "ebitda": "8082000000", "netIncome": "1786000000"}, {"fiscalDateEnding": "2019-12-31", "reportedCurrency": "USD", "grossProfit": "85063000000", "totalRevenue": "85063000000", "costOfRevenue": "None", "costofGoodsAndServicesSold": "None", "operatingIncome": "25967000000", "sellingGeneralAndAdministrative": "6745000000", "researchAndDevelopment": "None", "operatingExpenses": "58260000000", "investmentIncomeNet": "None", "netInterestIncome": "47231000000", "interestIncome": "66083000000", "interestExpense": "18852000000", "nonInterestIncome": "None", "otherNonOperatingIncome": "None", "depreciation": "None", "depreciationAndAmortization": "7923000000", "incomeBeforeTax": "25967000000", "incomeTaxExpense": "5761000000", "interestAndDebtExpense": "None", "netIncomeFromContinuingOperations": "20041000000", "comprehensiveIncomeNetOfTax": "None", "ebit": "25967000000", "ebitda": "51934000000", "netIncome": "19715000000"}, {"fiscalDateEnding": "2018-12-31", "reportedCurrency": "USD", "grossProfit": "86408000000", "totalRevenue": "86408000000", "costOfRevenue": "16396000000", "costofGoodsAndServicesSold": "16396000000", "operatingIncome": "28538000000", "sellingGeneralAndAdministrative": "6588000000", "researchAndDevelopment": "0", "operatingExpenses": "56158000000", "investmentIncomeNet": "None", "netInterestIncome": "49995000000", "interestIncome": "64647000000", "interestExpense": "14652000000", "nonInterestIncome": "None", "otherNonOperatingIncome": "None", "depreciation": "None", "depreciationAndAmortization": "5593000000", "incomeBeforeTax": "28538000000", "incomeTaxExpense": "5662000000", "interestAndDebtExpense": "None", "netIncomeFromContinuingOperations": "22876000000", "comprehensiveIncomeNetOfTax": "None", "ebit": "28538000000", "ebitda": "34131000000", "netIncome": "22393000000"}, {"fiscalDateEnding": "2017-12-31", "reportedCurrency": "USD", "grossProfit": "87121000000", "totalRevenue": "87121000000", "costOfRevenue": "848000000", "costofGoodsAndServicesSold": "848000000", "operatingIncome": "29816000000", "sellingGeneralAndAdministrative": "38457000000", "researchAndDevelopment": "0", "operatingExpenses": "58612000000", "investmentIncomeNet": "None", "netInterestIncome": "49557000000", "interestIncome": "58909000000", "interestExpense": "9352000000", "nonInterestIncome": "None", "otherNonOperatingIncome": "None", "depreciation": "None", "depreciationAndAmortization": "5406000000", "incomeBeforeTax": "27377000000", "incomeTaxExpense": "4917000000", "interestAndDebtExpense": "None", "netIncomeFromContinuingOperations": "22460000000", "comprehensiveIncomeNetOfTax": "None", "ebit": "29816000000", "ebitda": "59632000000", "netIncome": "22183000000"}, {"fiscalDateEnding": "2016-12-31", "reportedCurrency": "USD", "grossProfit": "87388000000", "totalRevenue": "87388000000", "costOfRevenue": "660000000", "costofGoodsAndServicesSold": "660000000", "operatingIncome": "34480000000", "sellingGeneralAndAdministrative": "38231000000", "researchAndDevelopment": "0", "operatingExpenses": "52421000000", "investmentIncomeNet": "None", "netInterestIncome": "47754000000", "interestIncome": "53663000000", "interestExpense": "5909000000", "nonInterestIncome": "None", "otherNonOperatingIncome": "None", "depreciation": "None", "depreciationAndAmortization": "4970000000", "incomeBeforeTax": "32120000000", "incomeTaxExpense": "10075000000", "interestAndDebtExpense": "None", "netIncomeFromContinuingOperations": "22045000000", "comprehensiveIncomeNetOfTax": "None", "ebit": "32120000000", "ebitda": "37090000000", "netIncome": "21938000000"}, {"fiscalDateEnding": "2015-12-31", "reportedCurrency": "USD", "grossProfit": "83827000000", "totalRevenue": "83827000000", "costOfRevenue": "6418000000", "costofGoodsAndServicesSold": "6418000000", "operatingIncome": "35860000000", "sellingGeneralAndAdministrative": "35908000000", "researchAndDevelopment": "0", "operatingExpenses": "50049000000", "investmentIncomeNet": "None", "netInterestIncome": "45301000000", "interestIncome": "49277000000", "interestExpense": "3976000000", "nonInterestIncome": "None", "otherNonOperatingIncome": "None", "depreciation": "None", "depreciationAndAmortization": "35860000000", "incomeBeforeTax": "33641000000", "incomeTaxExpense": "10365000000", "interestAndDebtExpense": "None", "netIncomeFromContinuingOperations": "23276000000", "comprehensiveIncomeNetOfTax": "None", "ebit": "33641000000", "ebitda": "69501000000", "netIncome": "22894000000"}, {"fiscalDateEnding": "2014-12-31", "reportedCurrency": "USD", "grossProfit": "81967000000", "totalRevenue": "81967000000", "costOfRevenue": "5420000000", "costofGoodsAndServicesSold": "5420000000", "operatingIncome": "36213000000", "sellingGeneralAndAdministrative": "34840000000", "researchAndDevelopment": "0", "operatingExpenses": "49065000000", "investmentIncomeNet": "None", "netInterestIncome": "None", "interestIncome": "None", "interestExpense": "4025000000", "nonInterestIncome": "None", "otherNonOperatingIncome": "None", "depreciation": "None", "depreciationAndAmortization": "36213000000", "incomeBeforeTax": "33915000000", "incomeTaxExpense": "10307000000", "interestAndDebtExpense": "None", "netIncomeFromContinuingOperations": "23608000000", "comprehensiveIncomeNetOfTax": "None", "ebit": "33915000000", "ebitda": "70128000000", "netIncome": "23057000000"}, {"fiscalDateEnding": "2013-12-31", "reportedCurrency": "USD", "grossProfit": "82308000000", "totalRevenue": "82308000000", "costOfRevenue": "6598000000", "costofGoodsAndServicesSold": "6598000000", "operatingIncome": "35094000000", "sellingGeneralAndAdministrative": "35015000000", "researchAndDevelopment": "0", "operatingExpenses": "48827000000", "investmentIncomeNet": "None", "netInterestIncome": "None", "interestIncome": "None", "interestExpense": "4289000000", "nonInterestIncome": "None", "otherNonOperatingIncome": "None", "depreciation": "None", "depreciationAndAmortization": "35094000000", "incomeBeforeTax": "32629000000", "incomeTaxExpense": "10405000000", "interestAndDebtExpense": "None", "netIncomeFromContinuingOperations": "22224000000", "comprehensiveIncomeNetOfTax": "None", "ebit": "32629000000", "ebitda": "67723000000", "netIncome": "21878000000"}, {"fiscalDateEnding": "2012-12-31", "reportedCurrency": "USD", "grossProfit": "84601000000", "totalRevenue": "84601000000", "costOfRevenue": "12378000000", "costofGoodsAndServicesSold": "12378000000", "operatingIncome": "31464000000", "sellingGeneralAndAdministrative": "30160000000", "researchAndDevelopment": "0", "operatingExpenses": "50368000000", "investmentIncomeNet": "None", "netInterestIncome": "None", "interestIncome": "None", "interestExpense": "5161000000", "nonInterestIncome": "None", "otherNonOperatingIncome": "None", "depreciation": "None", "depreciationAndAmortization": "31464000000", "incomeBeforeTax": "28471000000", "incomeTaxExpense": "9103000000", "interestAndDebtExpense": "None", "netIncomeFromContinuingOperations": "19368000000", "comprehensiveIncomeNetOfTax": "None", "ebit": "-186000000", "ebitda": "31278000000", "netIncome": "18897000000"}, {"fiscalDateEnding": "2011-12-31", "reportedCurrency": "USD", "grossProfit": "79466000000", "totalRevenue": "79466000000", "costOfRevenue": "14548000000", "costofGoodsAndServicesSold": "14548000000", "operatingIncome": "30291000000", "sellingGeneralAndAdministrative": "28933000000", "researchAndDevelopment": "0", "operatingExpenses": "-49175000000", "investmentIncomeNet": "None", "netInterestIncome": "None", "interestIncome": "None", "interestExpense": "6649000000", "nonInterestIncome": "None", "otherNonOperatingIncome": "None", "depreciation": "None", "depreciationAndAmortization": "1880000000", "incomeBeforeTax": "23656000000", "incomeTaxExpense": "7445000000", "interestAndDebtExpense": "None", "netIncomeFromContinuingOperations": "None", "comprehensiveIncomeNetOfTax": "None", "ebit": "23984000000", "ebitda": "25864000000", "netIncome": "15869000000"}, {"fiscalDateEnding": "2010-12-31", "reportedCurrency": "USD", "grossProfit": "84431000000", "totalRevenue": "84431000000", "costOfRevenue": "23792000000", "costofGoodsAndServicesSold": "23792000000", "operatingIncome": "26739000000", "sellingGeneralAndAdministrative": "28409000000", "researchAndDevelopment": "0", "operatingExpenses": "-57692000000", "investmentIncomeNet": "None", "netInterestIncome": "None", "interestIncome": "None", "interestExpense": "8039000000", "nonInterestIncome": "None", "otherNonOperatingIncome": "None", "depreciation": "None", "depreciationAndAmortization": "1924000000", "incomeBeforeTax": "19001000000", "incomeTaxExpense": "6338000000", "interestAndDebtExpense": "None", "netIncomeFromContinuingOperations": "12663000000", "comprehensiveIncomeNetOfTax": "None", "ebit": "19276000000", "ebitda": "21200000000", "netIncome": "12362000000"}, {"fiscalDateEnding": "2009-12-31", "reportedCurrency": "USD", "grossProfit": "88501000000", "totalRevenue": "88501000000", "costOfRevenue": "31618000000", "costofGoodsAndServicesSold": "31618000000", "operatingIncome": "27556000000", "sellingGeneralAndAdministrative": "28316000000", "researchAndDevelopment": "0", "operatingExpenses": "-60945000000", "investmentIncomeNet": "None", "netInterestIncome": "None", "interestIncome": "None", "interestExpense": "9950000000", "nonInterestIncome": "None", "otherNonOperatingIncome": "None", "depreciation": "None", "depreciationAndAmortization": "2841000000", "incomeBeforeTax": "17998000000", "incomeTaxExpense": "5331000000", "interestAndDebtExpense": "None", "netIncomeFromContinuingOperations": "None", "comprehensiveIncomeNetOfTax": "None", "ebit": "19034000000", "ebitda": "21875000000", "netIncome": "12275000000"}, {"fiscalDateEnding": "2008-12-31", "reportedCurrency": "USD", "grossProfit": "42225000000", "totalRevenue": "42225000000", "costOfRevenue": "-409000000", "costofGoodsAndServicesSold": "-409000000", "operatingIncome": "13012000000", "sellingGeneralAndAdministrative": "12940000000", "researchAndDevelopment": "None", "operatingExpenses": "-29622000000", "investmentIncomeNet": "None", "netInterestIncome": "None", "interestIncome": "None", "interestExpense": "9755000000", "nonInterestIncome": "None", "otherNonOperatingIncome": "None", "depreciation": "None", "depreciationAndAmortization": "1669000000", "incomeBeforeTax": "3585000000", "incomeTaxExpense": "743000000", "interestAndDebtExpense": "None", "netIncomeFromContinuingOperations": "None", "comprehensiveIncomeNetOfTax": "None", "ebit": "13012000000", "ebitda": "14681000000", "netIncome": "2655000000"}, {"fiscalDateEnding": "2007-12-31", "reportedCurrency": "USD", "grossProfit": "38656000000", "totalRevenue": "38656000000", "costOfRevenue": "19142000000", "costofGoodsAndServicesSold": "19142000000", "operatingIncome": "25830000000", "sellingGeneralAndAdministrative": "13368000000", "researchAndDevelopment": "None", "operatingExpenses": "-12826000000", "investmentIncomeNet": "None", "netInterestIncome": "None", "interestIncome": "None", "interestExpense": "14203000000", "nonInterestIncome": "None", "otherNonOperatingIncome": "None", "depreciation": "None", "depreciationAndAmortization": "1532000000", "incomeBeforeTax": "11627000000", "incomeTaxExpense": "3570000000", "interestAndDebtExpense": "None", "netIncomeFromContinuingOperations": "None", "comprehensiveIncomeNetOfTax": "None", "ebit": "25830000000", "ebitda": "27362000000", "netIncome": "8057000000"}, {"fiscalDateEnding": "2006-12-31", "reportedCurrency": "USD", "grossProfit": "34953000000", "totalRevenue": "34953000000", "costOfRevenue": "14492000000", "costofGoodsAndServicesSold": "14492000000", "operatingIncome": "25033000000", "sellingGeneralAndAdministrative": "11927000000", "researchAndDevelopment": "None", "operatingExpenses": "-9920000000", "investmentIncomeNet": "None", "netInterestIncome": "None", "interestIncome": "None", "interestExpense": "12288000000", "nonInterestIncome": "None", "otherNonOperatingIncome": "None", "depreciation": "None", "depreciationAndAmortization": "3221000000", "incomeBeforeTax": "12745000000", "incomeTaxExpense": "4263000000", "interestAndDebtExpense": "None", "netIncomeFromContinuingOperations": "None", "comprehensiveIncomeNetOfTax": "None", "ebit": "10439000000", "ebitda": "13660000000", "netIncome": "8420000000"}, {"fiscalDateEnding": "2005-12-31", "reportedCurrency": "USD", "grossProfit": "32949000000", "totalRevenue": "32949000000", "costOfRevenue": "9841000000", "costofGoodsAndServicesSold": "9841000000", "operatingIncome": "19006000000", "sellingGeneralAndAdministrative": "10455000000", "researchAndDevelopment": "None", "operatingExpenses": "-13943000000", "investmentIncomeNet": "None", "netInterestIncome": "None", "interestIncome": "None", "interestExpense": "7458000000", "nonInterestIncome": "None", "otherNonOperatingIncome": "None", "depreciation": "None", "depreciationAndAmortization": "4161000000", "incomeBeforeTax": "11548000000", "incomeTaxExpense": "3877000000", "interestAndDebtExpense": "None", "netIncomeFromContinuingOperations": "None", "comprehensiveIncomeNetOfTax": "None", "ebit": "8375000000", "ebitda": "12536000000", "netIncome": "7671000000"}], "quarterlyReports": [{"fiscalDateEnding": "2024-12-31", "reportedCurrency": "USD", "grossProfit": "19283000000", "totalRevenue": "19283000000", "costOfRevenue": "None", "costofGoodsAndServicesSold": "None", "operatingIncome": "6503000000", "sellingGeneralAndAdministrative": "9229000000", "researchAndDevelopment": "None", "operatingExpenses": "12780000000", "investmentIncomeNet": "None", "netInterestIncome": "11836000000", "interestIncome": "22055000000", "interestExpense": "10219000000", "nonInterestIncome": "None", "otherNonOperatingIncome": "None", "depreciation": "None", "depreciationAndAmortization": "-962000000", "incomeBeforeTax": "5383000000", "incomeTaxExpense": "120000000", "interestAndDebtExpense": "None", "netIncomeFromContinuingOperations": "5263000000", "comprehensiveIncomeNetOfTax": "None", "ebit": "6503000000", "ebitda": "5541000000", "netIncome": "5079000000"}, {"fiscalDateEnding": "2024-09-30", "reportedCurrency": "USD", "grossProfit": "20366000000", "totalRevenue": "19301000000", "costOfRevenue": "-1065000000", "costofGoodsAndServicesSold": "-1065000000", "operatingIncome": "7295000000", "sellingGeneralAndAdministrative": "8743000000", "researchAndDevelopment": "None", "operatingExpenses": "11854000000", "investmentIncomeNet": "None", "netInterestIncome": "11690000000", "interestIncome": "22998000000", "interestExpense": "11308000000", "nonInterestIncome": "None", "otherNonOperatingIncome": "None", "depreciation": "None", "depreciationAndAmortization": "1783000000", "incomeBeforeTax": "6234000000", "incomeTaxExpense": "1064000000", "interestAndDebtExpense": "None", "netIncomeFromContinuingOperations": "5170000000", "comprehensiveIncomeNetOfTax": "None", "ebit": "5512000000", "ebitda": "7295000000", "netIncome": "5114000000"}, {"fiscalDateEnding": "2024-06-30", "reportedCurrency": "USD", "grossProfit": "20689000000", "totalRevenue": "20689000000", "costOfRevenue": "2362000000", "costofGoodsAndServicesSold": "2362000000", "operatingIncome": "18103000000", "sellingGeneralAndAdministrative": "8575000000", "researchAndDevelopment": "None", "operatingExpenses": "11807000000", "investmentIncomeNet": "None", "netInterestIncome": "11923000000", "interestIncome": "22884000000", "interestExpense": "10961000000", "nonInterestIncome": "None", "otherNonOperatingIncome": "None", "depreciation": "None", "depreciationAndAmortization": "1972000000", "incomeBeforeTax": "6160000000", "incomeTaxExpense": "1251000000", "interestAndDebtExpense": "None", "netIncomeFromContinuingOperations": "4909000000", "comprehensiveIncomeNetOfTax": "None", "ebit": "16131000000", "ebitda": "18103000000", "netIncome": "4910000000"}, {"fiscalDateEnding": "2024-03-31", "reportedCurrency": "USD", "grossProfit": "20863000000", "totalRevenue": "20863000000", "costOfRevenue": "2400000000", "costofGoodsAndServicesSold": "2400000000", "operatingIncome": "18266000000", "sellingGeneralAndAdministrative": "9656000000", "researchAndDevelopment": "None", "operatingExpenses": "12557000000", "investmentIncomeNet": "None", "netInterestIncome": "12227000000", "interestIncome": "22840000000", "interestExpense": "10613000000", "nonInterestIncome": "None", "otherNonOperatingIncome": "None", "depreciation": "None", "depreciationAndAmortization": "1819000000", "incomeBeforeTax": "5587000000", "incomeTaxExpense": "964000000", "interestAndDebtExpense": "None", "netIncomeFromContinuingOperations": "4623000000", "comprehensiveIncomeNetOfTax": "None", "ebit": "16447000000", "ebitda": "18266000000", "netIncome": "4619000000"}, {"fiscalDateEnding": "2023-12-31", "reportedCurrency": "USD", "grossProfit": "20478000000", "totalRevenue": "20478000000", "costOfRevenue": "None", "costofGoodsAndServicesSold": "None", "operatingIncome": "3410000000", "sellingGeneralAndAdministrative": "1242000000", "researchAndDevelopment": "None", "operatingExpenses": "15786000000", "investmentIncomeNet": "None", "netInterestIncome": "12771000000", "interestIncome": "22839000000", "interestExpense": "10068000000", "nonInterestIncome": "None", "otherNonOperatingIncome": "None", "depreciation": "None", "depreciationAndAmortization": "1533000000", "incomeBeforeTax": "3410000000", "incomeTaxExpense": "100000000", "interestAndDebtExpense": "None", "netIncomeFromContinuingOperations": "3510000000", "comprehensiveIncomeNetOfTax": "None", "ebit": "5287000000", "ebitda": "6820000000", "netIncome": "3446000000"}, {"fiscalDateEnding": "2023-09-30", "reportedCurrency": "USD", "grossProfit": "20857000000", "totalRevenue": "20857000000", "costOfRevenue": "2028000000", "costofGoodsAndServicesSold": "2028000000", "operatingIncome": "6547000000", "sellingGeneralAndAdministrative": "1310000000", "researchAndDevelopment": "None", "operatingExpenses": "13113000000", "investmentIncomeNet": "None", "netInterestIncome": "13105000000", "interestIncome": "22093000000", "interestExpense": "8988000000", "nonInterestIncome": "None", "otherNonOperatingIncome": "None", "depreciation": "None", "depreciationAndAmortization": "1597000000", "incomeBeforeTax": "6547000000", "incomeTaxExpense": "811000000", "interestAndDebtExpense": "None", "netIncomeFromContinuingOperations": "5736000000", "comprehensiveIncomeNetOfTax": "None", "ebit": "6547000000", "ebitda": "8144000000", "netIncome": "5767000000"}, {"fiscalDateEnding": "2023-06-30", "reportedCurrency": "USD", "grossProfit": "20533000000", "totalRevenue": "20533000000", "costOfRevenue": "1886000000", "costofGoodsAndServicesSold": "1886000000", "operatingIncome": "5833000000", "sellingGeneralAndAdministrative": "1304000000", "researchAndDevelopment": "None", "operatingExpenses": "12987000000", "investmentIncomeNet": "None", "netInterestIncome": "13163000000", "interestIncome": "20830000000", "interestExpense": "7667000000", "nonInterestIncome": "None", "otherNonOperatingIncome": "None", "depreciation": "None", "depreciationAndAmortization": "1628000000", "incomeBeforeTax": "5833000000", "incomeTaxExpense": "930000000", "interestAndDebtExpense": "None", "netIncomeFromContinuingOperations": "4903000000", "comprehensiveIncomeNetOfTax": "None", "ebit": "5833000000", "ebitda": "7461000000", "netIncome": "4938000000"}, {"fiscalDateEnding": "2023-03-31", "reportedCurrency": "USD", "grossProfit": "20729000000", "totalRevenue": "20729000000", "costOfRevenue": "1902000000", "costofGoodsAndServicesSold": "1902000000", "operatingIncome": "5846000000", "sellingGeneralAndAdministrative": "1229000000", "researchAndDevelopment": "None", "operatingExpenses": "13676000000", "investmentIncomeNet": "None", "netInterestIncome": "13336000000", "interestIncome": "19356000000", "interestExpense": "6020000000", "nonInterestIncome": "None", "otherNonOperatingIncome": "None", "depreciation": "None", "depreciationAndAmortization": "1552000000", "incomeBeforeTax": "5846000000", "incomeTaxExpense": "966000000", "interestAndDebtExpense": "None", "netIncomeFromContinuingOperations": "4880000000", "comprehensiveIncomeNetOfTax": "None", "ebit": "5846000000", "ebitda": "11692000000", "netIncome": "4991000000"}, {"fiscalDateEnding": "2022-12-31", "reportedCurrency": "USD", "grossProfit": "19660000000", "totalRevenue": "19660000000", "costOfRevenue": "None", "costofGoodsAndServicesSold": "None", "operatingIncome": "2493000000", "sellingGeneralAndAdministrative": "1357000000", "researchAndDevelopment": "None", "operatingExpenses": "16194000000", "investmentIncomeNet": "None", "netInterestIncome": "13433000000", "interestIncome": "17793000000", "interestExpense": "4360000000", "nonInterestIncome": "None", "otherNonOperatingIncome": "None", "depreciation": "None", "depreciationAndAmortization": "1579000000", "incomeBeforeTax": "2501000000", "incomeTaxExpense": "127000000", "interestAndDebtExpense": "None", "netIncomeFromContinuingOperations": "2628000000", "comprehensiveIncomeNetOfTax": "None", "ebit": "2493000000", "ebitda": "4986000000", "netIncome": "2864000000"}, {"fiscalDateEnding": "2022-09-30", "reportedCurrency": "USD", "grossProfit": "19505000000", "totalRevenue": "19505000000", "costOfRevenue": "3748000000", "costofGoodsAndServicesSold": "3748000000", "operatingIncome": "4476000000", "sellingGeneralAndAdministrative": "1235000000", "researchAndDevelopment": "None", "operatingExpenses": "14306000000", "investmentIncomeNet": "None", "netInterestIncome": "12098000000", "interestIncome": "14494000000", "interestExpense": "2396000000", "nonInterestIncome": "None", "otherNonOperatingIncome": "None", "depreciation": "None", "depreciationAndAmortization": "1690000000", "incomeBeforeTax": "4476000000", "incomeTaxExpense": "912000000", "interestAndDebtExpense": "None", "netIncomeFromContinuingOperations": "3500000000", "comprehensiveIncomeNetOfTax": "None", "ebit": "4476000000", "ebitda": "8952000000", "netIncome": "3313000000"}, {"fiscalDateEnding": "2022-06-30", "reportedCurrency": "USD", "grossProfit": "17028000000", "totalRevenue": "17028000000", "costOfRevenue": "2080000000", "costofGoodsAndServicesSold": "2080000000", "operatingIncome": "3598000000", "sellingGeneralAndAdministrative": "1310000000", "researchAndDevelopment": "None", "operatingExpenses": "12862000000", "investmentIncomeNet": "None", "netInterestIncome": "10198000000", "interestIncome": "11556000000", "interestExpense": "1358000000", "nonInterestIncome": "None", "otherNonOperatingIncome": "None", "depreciation": "None", "depreciationAndAmortization": "1772000000", "incomeBeforeTax": "3598000000", "incomeTaxExpense": "622000000", "interestAndDebtExpense": "None", "netIncomeFromContinuingOperations": "2952000000", "comprehensiveIncomeNetOfTax": "None", "ebit": "3598000000", "ebitda": "7196000000", "netIncome": "2863000000"}, {"fiscalDateEnding": "2022-03-31", "reportedCurrency": "USD", "grossProfit": "17592000000", "totalRevenue": "17592000000", "costOfRevenue": "2271000000", "costofGoodsAndServicesSold": "2271000000", "operatingIncome": "4669000000", "sellingGeneralAndAdministrative": "1286000000", "researchAndDevelopment": "None", "operatingExpenses": "13851000000", "investmentIncomeNet": "None", "netInterestIncome": "9221000000", "interestIncome": "10181000000", "interestExpense": "960000000", "nonInterestIncome": "None", "otherNonOperatingIncome": "None", "depreciation": "None", "depreciationAndAmortization": "1791000000", "incomeBeforeTax": "4664000000", "incomeTaxExpense": "746000000", "interestAndDebtExpense": "None", "netIncomeFromContinuingOperations": "3802000000", "comprehensiveIncomeNetOfTax": "None", "ebit": "4669000000", "ebitda": "9338000000", "netIncome": "3509000000"}, {"fiscalDateEnding": "2021-12-31", "reportedCurrency": "USD", "grossProfit": "20856000000", "totalRevenue": "20856000000", "costOfRevenue": "None", "costofGoodsAndServicesSold": "None", "operatingIncome": "8094000000", "sellingGeneralAndAdministrative": "1468000000", "researchAndDevelopment": "None", "operatingExpenses": "13116000000", "investmentIncomeNet": "None", "netInterestIncome": "9262000000", "interestIncome": "10121000000", "interestExpense": "859000000", "nonInterestIncome": "None", "otherNonOperatingIncome": "None", "depreciation": "None", "depreciationAndAmortization": "2404000000", "incomeBeforeTax": "8110000000", "incomeTaxExpense": "1711000000", "interestAndDebtExpense": "None", "netIncomeFromContinuingOperations": "6293000000", "comprehensiveIncomeNetOfTax": "None", "ebit": "8094000000", "ebitda": "16188000000", "netIncome": "5470000000"}, {"fiscalDateEnding": "2021-09-30", "reportedCurrency": "USD", "grossProfit": "18834000000", "totalRevenue": "18834000000", "costOfRevenue": "2019000000", "costofGoodsAndServicesSold": "2019000000", "operatingIncome": "6931000000", "sellingGeneralAndAdministrative": "1417000000", "researchAndDevelopment": "None", "operatingExpenses": "13307000000", "investmentIncomeNet": "None", "netInterestIncome": "8909000000", "interestIncome": "9841000000", "interestExpense": "925000000", "nonInterestIncome": "None", "otherNonOperatingIncome": "None", "depreciation": "None", "depreciationAndAmortization": "1917000000", "incomeBeforeTax": "6926000000", "incomeTaxExpense": "1521000000", "interestAndDebtExpense": "None", "netIncomeFromContinuingOperations": "5405000000", "comprehensiveIncomeNetOfTax": "None", "ebit": "6931000000", "ebitda": "13862000000", "netIncome": "4787000000"}, {"fiscalDateEnding": "2021-06-30", "reportedCurrency": "USD", "grossProfit": "20270000000", "totalRevenue": "20270000000", "costOfRevenue": "1853000000", "costofGoodsAndServicesSold": "1853000000", "operatingIncome": "8222000000", "sellingGeneralAndAdministrative": "1450000000", "researchAndDevelopment": "None", "operatingExpenses": "13378000000", "investmentIncomeNet": "None", "netInterestIncome": "8800000000", "interestIncome": "9693000000", "interestExpense": "893000000", "nonInterestIncome": "None", "otherNonOperatingIncome": "None", "depreciation": "None", "depreciationAndAmortization": "1936000000", "incomeBeforeTax": "8189000000", "incomeTaxExpense": "1445000000", "interestAndDebtExpense": "None", "netIncomeFromContinuingOperations": "6744000000", "comprehensiveIncomeNetOfTax": "None", "ebit": "16349000000", "ebitda": "18285000000", "netIncome": "5743000000"}, {"fiscalDateEnding": "2021-03-31", "reportedCurrency": "USD", "grossProfit": "18063000000", "totalRevenue": "18063000000", "costOfRevenue": "1827000000", "costofGoodsAndServicesSold": "1827000000", "operatingIncome": "5604000000", "sellingGeneralAndAdministrative": "1388000000", "researchAndDevelopment": "None", "operatingExpenses": "13989000000", "investmentIncomeNet": "None", "netInterestIncome": "8798000000", "interestIncome": "10036000000", "interestExpense": "1238000000", "nonInterestIncome": "None", "otherNonOperatingIncome": "None", "depreciation": "None", "depreciationAndAmortization": "2150000000", "incomeBeforeTax": "5591000000", "incomeTaxExpense": "901000000", "interestAndDebtExpense": "None", "netIncomeFromContinuingOperations": "4796000000", "comprehensiveIncomeNetOfTax": "None", "ebit": "6825000000", "ebitda": "8975000000", "netIncome": "4256000000"}, {"fiscalDateEnding": "2020-12-31", "reportedCurrency": "USD", "grossProfit": "17925000000", "totalRevenue": "17925000000", "costOfRevenue": "-159000000", "costofGoodsAndServicesSold": "-159000000", "operatingIncome": "4647000000", "sellingGeneralAndAdministrative": "1664000000", "researchAndDevelopment": "None", "operatingExpenses": "14873000000", "investmentIncomeNet": "None", "netInterestIncome": "9275000000", "interestIncome": "10470000000", "interestExpense": "1195000000", "nonInterestIncome": "None", "otherNonOperatingIncome": "None", "depreciation": "None", "depreciationAndAmortization": "2292000000", "incomeBeforeTax": "3866000000", "incomeTaxExpense": "574000000", "interestAndDebtExpense": "None", "netIncomeFromContinuingOperations": "3194000000", "comprehensiveIncomeNetOfTax": "None", "ebit": "3302000000", "ebitda": "5594000000", "netIncome": "2642000000"}, {"fiscalDateEnding": "2020-09-30", "reportedCurrency": "USD", "grossProfit": "18862000000", "totalRevenue": "18862000000", "costOfRevenue": "18000000", "costofGoodsAndServicesSold": "18000000", "operatingIncome": "4043000000", "sellingGeneralAndAdministrative": "1760000000", "researchAndDevelopment": "None", "operatingExpenses": "15236000000", "investmentIncomeNet": "None", "netInterestIncome": "9368000000", "interestIncome": "10800000000", "interestExpense": "1432000000", "nonInterestIncome": "None", "otherNonOperatingIncome": "None", "depreciation": "None", "depreciationAndAmortization": "2279000000", "incomeBeforeTax": "3318000000", "incomeTaxExpense": "83000000", "interestAndDebtExpense": "None", "netIncomeFromContinuingOperations": "2219000000", "comprehensiveIncomeNetOfTax": "None", "ebit": "4043000000", "ebitda": "8086000000", "netIncome": "2901000000"}, {"fiscalDateEnding": "2020-06-30", "reportedCurrency": "USD", "grossProfit": "17867000000", "totalRevenue": "17867000000", "costOfRevenue": "None", "costofGoodsAndServicesSold": "None", "operatingIncome": "-5769000000", "sellingGeneralAndAdministrative": "1676000000", "researchAndDevelopment": "None", "operatingExpenses": "14581000000", "investmentIncomeNet": "None", "netInterestIncome": "9880000000", "interestIncome": "11801000000", "interestExpense": "1921000000", "nonInterestIncome": "None", "otherNonOperatingIncome": "None", "depreciation": "None", "depreciationAndAmortization": "1990000000", "incomeBeforeTax": "-5799000000", "incomeTaxExpense": "2001000000", "interestAndDebtExpense": "None", "netIncomeFromContinuingOperations": "-2332000000", "comprehensiveIncomeNetOfTax": "None", "ebit": "-2159000000", "ebitda": "3610000000", "netIncome": "-4160000000"}, {"fiscalDateEnding": "2020-03-31", "reportedCurrency": "USD", "grossProfit": "17545000000", "totalRevenue": "17545000000", "costOfRevenue": "None", "costofGoodsAndServicesSold": "None", "operatingIncome": "1120000000", "sellingGeneralAndAdministrative": "1606000000", "researchAndDevelopment": "None", "operatingExpenses": "13048000000", "investmentIncomeNet": "None", "netInterestIncome": "11312000000", "interestIncome": "14727000000", "interestExpense": "3415000000", "nonInterestIncome": "None", "otherNonOperatingIncome": "None", "depreciation": "None", "depreciationAndAmortization": "1868000000", "incomeBeforeTax": "1120000000", "incomeTaxExpense": "353000000", "interestAndDebtExpense": "None", "netIncomeFromContinuingOperations": "505000000", "comprehensiveIncomeNetOfTax": "None", "ebit": "1120000000", "ebitda": "2240000000", "netIncome": "304000000"}, {"fiscalDateEnding": "2019-12-31", "reportedCurrency": "USD", "grossProfit": "19860000000", "totalRevenue": "19860000000", "costOfRevenue": "None", "costofGoodsAndServicesSold": "None", "operatingIncome": "3499000000", "sellingGeneralAndAdministrative": "1789000000", "researchAndDevelopment": "None", "operatingExpenses": "15696000000", "investmentIncomeNet": "None", "netInterestIncome": "11200000000", "interestIncome": "15595000000", "interestExpense": "4395000000", "nonInterestIncome": "None", "otherNonOperatingIncome": "None", "depreciation": "None", "depreciationAndAmortization": "2135000000", "incomeBeforeTax": "3602000000", "incomeTaxExpense": "678000000", "interestAndDebtExpense": "None", "netIncomeFromContinuingOperations": "2924000000", "comprehensiveIncomeNetOfTax": "None", "ebit": "3499000000", "ebitda": "6998000000", "netIncome": "2546000000"}, {"fiscalDateEnding": "2019-09-30", "reportedCurrency": "USD", "grossProfit": "22010000000", "totalRevenue": "22010000000", "costOfRevenue": "None", "costofGoodsAndServicesSold": "None", "operatingIncome": "7819000000", "sellingGeneralAndAdministrative": "1737000000", "researchAndDevelopment": "None", "operatingExpenses": "15199000000", "investmentIncomeNet": "None", "netInterestIncome": "11625000000", "interestIncome": "16499000000", "interestExpense": "4874000000", "nonInterestIncome": "None", "otherNonOperatingIncome": "None", "depreciation": "None", "depreciationAndAmortization": "1840000000", "incomeBeforeTax": "6116000000", "incomeTaxExpense": "1304000000", "interestAndDebtExpense": "None", "netIncomeFromContinuingOperations": "4812000000", "comprehensiveIncomeNetOfTax": "None", "ebit": "7819000000", "ebitda": "15638000000", "netIncome": "4037000000"}, {"fiscalDateEnding": "2019-06-30", "reportedCurrency": "USD", "grossProfit": "21584000000", "totalRevenue": "21584000000", "costOfRevenue": "None", "costofGoodsAndServicesSold": "None", "operatingIncome": "7803000000", "sellingGeneralAndAdministrative": "9834000000", "researchAndDevelopment": "None", "operatingExpenses": "13449000000", "investmentIncomeNet": "None", "netInterestIncome": "12095000000", "interestIncome": "16986000000", "interestExpense": "4891000000", "nonInterestIncome": "None", "otherNonOperatingIncome": "None", "depreciation": "None", "depreciationAndAmortization": "1651000000", "incomeBeforeTax": "7632000000", "incomeTaxExpense": "1294000000", "interestAndDebtExpense": "None", "netIncomeFromContinuingOperations": "6338000000", "comprehensiveIncomeNetOfTax": "None", "ebit": "7803000000", "ebitda": "15606000000", "netIncome": "5848000000"}, {"fiscalDateEnding": "2019-03-31", "reportedCurrency": "USD", "grossProfit": "21609000000", "totalRevenue": "21609000000", "costOfRevenue": "0", "costofGoodsAndServicesSold": "0", "operatingIncome": "7035000000", "sellingGeneralAndAdministrative": "10586000000", "researchAndDevelopment": "None", "operatingExpenses": "13916000000", "investmentIncomeNet": "None", "netInterestIncome": "12311000000", "interestIncome": "17003000000", "interestExpense": "4692000000", "nonInterestIncome": "None", "otherNonOperatingIncome": "None", "depreciation": "None", "depreciationAndAmortization": "1449000000", "incomeBeforeTax": "6848000000", "incomeTaxExpense": "881000000", "interestAndDebtExpense": "None", "netIncomeFromContinuingOperations": "5967000000", "comprehensiveIncomeNetOfTax": "None", "ebit": "7035000000", "ebitda": "14070000000", "netIncome": "5507000000"}, {"fiscalDateEnding": "2018-12-31", "reportedCurrency": "USD", "grossProfit": "20980000000", "totalRevenue": "20980000000", "costOfRevenue": "4798000000", "costofGoodsAndServicesSold": "4798000000", "operatingIncome": "7537000000", "sellingGeneralAndAdministrative": "9056000000", "researchAndDevelopment": "0", "operatingExpenses": "13371000000", "investmentIncomeNet": "None", "netInterestIncome": "None", "interestIncome": "None", "interestExpense": "4277000000", "nonInterestIncome": "None", "otherNonOperatingIncome": "None", "depreciation": "None", "depreciationAndAmortization": "7537000000", "incomeBeforeTax": "7120000000", "incomeTaxExpense": "966000000", "interestAndDebtExpense": "None", "netIncomeFromContinuingOperations": "6154000000", "comprehensiveIncomeNetOfTax": "None", "ebit": "1107000000", "ebitda": "8644000000", "netIncome": "5711000000"}, {"fiscalDateEnding": "2018-09-30", "reportedCurrency": "USD", "grossProfit": "21941000000", "totalRevenue": "21941000000", "costOfRevenue": "4372000000", "costofGoodsAndServicesSold": "4372000000", "operatingIncome": "8198000000", "sellingGeneralAndAdministrative": "9617000000", "researchAndDevelopment": "0", "operatingExpenses": "13763000000", "investmentIncomeNet": "None", "netInterestIncome": "None", "interestIncome": "None", "interestExpense": "3792000000", "nonInterestIncome": "None", "otherNonOperatingIncome": "None", "depreciation": "None", "depreciationAndAmortization": "8198000000", "incomeBeforeTax": "7598000000", "incomeTaxExpense": "1512000000", "interestAndDebtExpense": "None", "netIncomeFromContinuingOperations": "6086000000", "comprehensiveIncomeNetOfTax": "None", "ebit": "1045000000", "ebitda": "9243000000", "netIncome": "5453000000"}, {"fiscalDateEnding": "2018-06-30", "reportedCurrency": "USD", "grossProfit": "21553000000", "totalRevenue": "21553000000", "costOfRevenue": "3926000000", "costofGoodsAndServicesSold": "3926000000", "operatingIncome": "7681000000", "sellingGeneralAndAdministrative": "9624000000", "researchAndDevelopment": "0", "operatingExpenses": "13982000000", "investmentIncomeNet": "None", "netInterestIncome": "None", "interestIncome": "None", "interestExpense": "3474000000", "nonInterestIncome": "None", "otherNonOperatingIncome": "None", "depreciation": "None", "depreciationAndAmortization": "7681000000", "incomeBeforeTax": "7119000000", "incomeTaxExpense": "1810000000", "interestAndDebtExpense": "None", "netIncomeFromContinuingOperations": "5309000000", "comprehensiveIncomeNetOfTax": "None", "ebit": "842000000", "ebitda": "8523000000", "netIncome": "4792000000"}, {"fiscalDateEnding": "2018-03-31", "reportedCurrency": "USD", "grossProfit": "21151000000", "totalRevenue": "21151000000", "costOfRevenue": "-783000000", "costofGoodsAndServicesSold": "-783000000", "operatingIncome": "7290000000", "sellingGeneralAndAdministrative": "10059000000", "researchAndDevelopment": "0", "operatingExpenses": "15042000000", "investmentIncomeNet": "None", "netInterestIncome": "None", "interestIncome": "None", "interestExpense": "3109000000", "nonInterestIncome": "None", "otherNonOperatingIncome": "None", "depreciation": "None", "depreciationAndAmortization": "7290000000", "incomeBeforeTax": "6701000000", "incomeTaxExpense": "1374000000", "interestAndDebtExpense": "None", "netIncomeFromContinuingOperations": "5327000000", "comprehensiveIncomeNetOfTax": "None", "ebit": "1166000000", "ebitda": "8456000000", "netIncome": "4733000000"}, {"fiscalDateEnding": "2017-12-31", "reportedCurrency": "USD", "grossProfit": "20763000000", "totalRevenue": "20763000000", "costOfRevenue": "-242000000", "costofGoodsAndServicesSold": "-242000000", "operatingIncome": "8899000000", "sellingGeneralAndAdministrative": "10009000000", "researchAndDevelopment": "0", "operatingExpenses": "16928000000", "investmentIncomeNet": "None", "netInterestIncome": "None", "interestIncome": "None", "interestExpense": "2645000000", "nonInterestIncome": "None", "otherNonOperatingIncome": "None", "depreciation": "None", "depreciationAndAmortization": "8899000000", "incomeBeforeTax": "4599000000", "incomeTaxExpense": "1642000000", "interestAndDebtExpense": "None", "netIncomeFromContinuingOperations": "6410000000", "comprehensiveIncomeNetOfTax": "None", "ebit": "-2134000000", "ebitda": "6765000000", "netIncome": "5909000000"}, {"fiscalDateEnding": "2017-09-30", "reportedCurrency": "USD", "grossProfit": "21688000000", "totalRevenue": "21688000000", "costOfRevenue": "3312000000", "costofGoodsAndServicesSold": "3312000000", "operatingIncome": "7383000000", "sellingGeneralAndAdministrative": "9774000000", "researchAndDevelopment": "0", "operatingExpenses": "14351000000", "investmentIncomeNet": "None", "netInterestIncome": "None", "interestIncome": "None", "interestExpense": "2582000000", "nonInterestIncome": "None", "otherNonOperatingIncome": "None", "depreciation": "None", "depreciationAndAmortization": "7383000000", "incomeBeforeTax": "6781000000", "incomeTaxExpense": "2181000000", "interestAndDebtExpense": "None", "netIncomeFromContinuingOperations": "4654000000", "comprehensiveIncomeNetOfTax": "None", "ebit": "1106000000", "ebitda": "8489000000", "netIncome": "4131000000"}, {"fiscalDateEnding": "2017-06-30", "reportedCurrency": "USD", "grossProfit": "21981000000", "totalRevenue": "21981000000", "costOfRevenue": "2778000000", "costofGoodsAndServicesSold": "2778000000", "operatingIncome": "8754000000", "sellingGeneralAndAdministrative": "9719000000", "researchAndDevelopment": "0", "operatingExpenses": "13541000000", "investmentIncomeNet": "None", "netInterestIncome": "None", "interestIncome": "None", "interestExpense": "2232000000", "nonInterestIncome": "None", "otherNonOperatingIncome": "None", "depreciation": "None", "depreciationAndAmortization": "8754000000", "incomeBeforeTax": "8139000000", "incomeTaxExpense": "2245000000", "interestAndDebtExpense": "None", "netIncomeFromContinuingOperations": "5848000000", "comprehensiveIncomeNetOfTax": "None", "ebit": "8401000000", "ebitda": "17155000000", "netIncome": "5450000000"}, {"fiscalDateEnding": "2017-03-31", "reportedCurrency": "USD", "grossProfit": "21599000000", "totalRevenue": "21599000000", "costOfRevenue": "2494000000", "costofGoodsAndServicesSold": "2494000000", "operatingIncome": "8480000000", "sellingGeneralAndAdministrative": "10306000000", "researchAndDevelopment": "0", "operatingExpenses": "13792000000", "investmentIncomeNet": "None", "netInterestIncome": "None", "interestIncome": "None", "interestExpense": "1926000000", "nonInterestIncome": "None", "otherNonOperatingIncome": "None", "depreciation": "None", "depreciationAndAmortization": "8480000000", "incomeBeforeTax": "7858000000", "incomeTaxExpense": "2133000000", "interestAndDebtExpense": "None", "netIncomeFromContinuingOperations": "5548000000", "comprehensiveIncomeNetOfTax": "None", "ebit": "7938000000", "ebitda": "16418000000", "netIncome": "5233000000"}, {"fiscalDateEnding": "2016-12-31", "reportedCurrency": "USD", "grossProfit": "21276000000", "totalRevenue": "21276000000", "costOfRevenue": "660000000", "costofGoodsAndServicesSold": "660000000", "operatingIncome": "8216000000", "sellingGeneralAndAdministrative": "10453000000", "researchAndDevelopment": "0", "operatingExpenses": "13259000000", "investmentIncomeNet": "None", "netInterestIncome": "None", "interestIncome": "None", "interestExpense": "1656000000", "nonInterestIncome": "None", "otherNonOperatingIncome": "None", "depreciation": "None", "depreciationAndAmortization": "8216000000", "incomeBeforeTax": "7562000000", "incomeTaxExpense": "2258000000", "interestAndDebtExpense": "None", "netIncomeFromContinuingOperations": "5304000000", "comprehensiveIncomeNetOfTax": "None", "ebit": "8216000000", "ebitda": "16432000000", "netIncome": "4872000000"}, {"fiscalDateEnding": "2016-09-30", "reportedCurrency": "USD", "grossProfit": "22188000000", "totalRevenue": "22188000000", "costOfRevenue": "2340000000", "costofGoodsAndServicesSold": "2340000000", "operatingIncome": "8864000000", "sellingGeneralAndAdministrative": "9176000000", "researchAndDevelopment": "0", "operatingExpenses": "13268000000", "investmentIncomeNet": "None", "netInterestIncome": "None", "interestIncome": "None", "interestExpense": "1535000000", "nonInterestIncome": "None", "otherNonOperatingIncome": "None", "depreciation": "None", "depreciationAndAmortization": "8864000000", "incomeBeforeTax": "8255000000", "incomeTaxExpense": "2601000000", "interestAndDebtExpense": "None", "netIncomeFromContinuingOperations": "5654000000", "comprehensiveIncomeNetOfTax": "None", "ebit": "756000000", "ebitda": "9620000000", "netIncome": "5243000000"}, {"fiscalDateEnding": "2016-06-30", "reportedCurrency": "USD", "grossProfit": "21973000000", "totalRevenue": "21973000000", "costOfRevenue": "290000000", "costofGoodsAndServicesSold": "290000000", "operatingIncome": "8776000000", "sellingGeneralAndAdministrative": "9156000000", "researchAndDevelopment": "0", "operatingExpenses": "12866000000", "investmentIncomeNet": "None", "netInterestIncome": "None", "interestIncome": "None", "interestExpense": "1413000000", "nonInterestIncome": "None", "otherNonOperatingIncome": "None", "depreciation": "None", "depreciationAndAmortization": "8776000000", "incomeBeforeTax": "8222000000", "incomeTaxExpense": "2649000000", "interestAndDebtExpense": "None", "netIncomeFromContinuingOperations": "5573000000", "comprehensiveIncomeNetOfTax": "None", "ebit": "8776000000", "ebitda": "17552000000", "netIncome": "5173000000"}, {"fiscalDateEnding": "2016-03-31", "reportedCurrency": "USD", "grossProfit": "21951000000", "totalRevenue": "21951000000", "costOfRevenue": "381000000", "costofGoodsAndServicesSold": "381000000", "operatingIncome": "8624000000", "sellingGeneralAndAdministrative": "9681000000", "researchAndDevelopment": "0", "operatingExpenses": "13028000000", "investmentIncomeNet": "None", "netInterestIncome": "None", "interestIncome": "None", "interestExpense": "1305000000", "nonInterestIncome": "None", "otherNonOperatingIncome": "None", "depreciation": "None", "depreciationAndAmortization": "8624000000", "incomeBeforeTax": "8081000000", "incomeTaxExpense": "2567000000", "interestAndDebtExpense": "None", "netIncomeFromContinuingOperations": "5514000000", "comprehensiveIncomeNetOfTax": "None", "ebit": "8624000000", "ebitda": "17248000000", "netIncome": "5085000000"}, {"fiscalDateEnding": "2015-12-31", "reportedCurrency": "USD", "grossProfit": "21163000000", "totalRevenue": "21163000000", "costOfRevenue": "1886000000", "costofGoodsAndServicesSold": "1886000000", "operatingIncome": "8725000000", "sellingGeneralAndAdministrative": "8925000000", "researchAndDevelopment": "0", "operatingExpenses": "12674000000", "investmentIncomeNet": "None", "netInterestIncome": "None", "interestIncome": "None", "interestExpense": "1055000000", "nonInterestIncome": "None", "otherNonOperatingIncome": "None", "depreciation": "None", "depreciationAndAmortization": "8725000000", "incomeBeforeTax": "8156000000", "incomeTaxExpense": "2533000000", "interestAndDebtExpense": "None", "netIncomeFromContinuingOperations": "5623000000", "comprehensiveIncomeNetOfTax": "None", "ebit": "8725000000", "ebitda": "17450000000", "netIncome": "5203000000"}, {"fiscalDateEnding": "2015-09-30", "reportedCurrency": "USD", "grossProfit": "20955000000", "totalRevenue": "20955000000", "costOfRevenue": "1691000000", "costofGoodsAndServicesSold": "1691000000", "operatingIncome": "9329000000", "sellingGeneralAndAdministrative": "8647000000", "researchAndDevelopment": "0", "operatingExpenses": "12399000000", "investmentIncomeNet": "None", "netInterestIncome": "None", "interestIncome": "None", "interestExpense": "988000000", "nonInterestIncome": "None", "otherNonOperatingIncome": "None", "depreciation": "None", "depreciationAndAmortization": "9329000000", "incomeBeforeTax": "8773000000", "incomeTaxExpense": "2790000000", "interestAndDebtExpense": "None", "netIncomeFromContinuingOperations": "5983000000", "comprehensiveIncomeNetOfTax": "None", "ebit": "9329000000", "ebitda": "18658000000", "netIncome": "5443000000"}, {"fiscalDateEnding": "2015-06-30", "reportedCurrency": "USD", "grossProfit": "20801000000", "totalRevenue": "20801000000", "costOfRevenue": "1256000000", "costofGoodsAndServicesSold": "1256000000", "operatingIncome": "9083000000", "sellingGeneralAndAdministrative": "8828000000", "researchAndDevelopment": "0", "operatingExpenses": "12469000000", "investmentIncomeNet": "None", "netInterestIncome": "None", "interestIncome": "None", "interestExpense": "956000000", "nonInterestIncome": "None", "otherNonOperatingIncome": "None", "depreciation": "None", "depreciationAndAmortization": "9083000000", "incomeBeforeTax": "8549000000", "incomeTaxExpense": "2763000000", "interestAndDebtExpense": "None", "netIncomeFromContinuingOperations": "5786000000", "comprehensiveIncomeNetOfTax": "None", "ebit": "9083000000", "ebitda": "18166000000", "netIncome": "5363000000"}, {"fiscalDateEnding": "2015-03-31", "reportedCurrency": "USD", "grossProfit": "20908000000", "totalRevenue": "20908000000", "costOfRevenue": "1585000000", "costofGoodsAndServicesSold": "1585000000", "operatingIncome": "8723000000", "sellingGeneralAndAdministrative": "9292000000", "researchAndDevelopment": "0", "operatingExpenses": "12507000000", "investmentIncomeNet": "None", "netInterestIncome": "None", "interestIncome": "None", "interestExpense": "977000000", "nonInterestIncome": "None", "otherNonOperatingIncome": "None", "depreciation": "None", "depreciationAndAmortization": "8723000000", "incomeBeforeTax": "8163000000", "incomeTaxExpense": "2279000000", "interestAndDebtExpense": "None", "netIncomeFromContinuingOperations": "5884000000", "comprehensiveIncomeNetOfTax": "None", "ebit": "8723000000", "ebitda": "17446000000", "netIncome": "5461000000"}, {"fiscalDateEnding": "2014-12-31", "reportedCurrency": "USD", "grossProfit": "21071000000", "totalRevenue": "21071000000", "costOfRevenue": "1488000000", "costofGoodsAndServicesSold": "1488000000", "operatingIncome": "8880000000", "sellingGeneralAndAdministrative": "8793000000", "researchAndDevelopment": "0", "operatingExpenses": "12675000000", "investmentIncomeNet": "None", "netInterestIncome": "None", "interestIncome": "None", "interestExpense": "1003000000", "nonInterestIncome": "None", "otherNonOperatingIncome": "None", "depreciation": "None", "depreciationAndAmortization": "8880000000", "incomeBeforeTax": "8311000000", "incomeTaxExpense": "2519000000", "interestAndDebtExpense": "None", "netIncomeFromContinuingOperations": "5792000000", "comprehensiveIncomeNetOfTax": "None", "ebit": "8880000000", "ebitda": "17760000000", "netIncome": "5382000000"}, {"fiscalDateEnding": "2014-09-30", "reportedCurrency": "USD", "grossProfit": "20501000000", "totalRevenue": "20501000000", "costOfRevenue": "1391000000", "costofGoodsAndServicesSold": "1391000000", "operatingIncome": "9168000000", "sellingGeneralAndAdministrative": "8618000000", "researchAndDevelopment": "0", "operatingExpenses": "12248000000", "investmentIncomeNet": "None", "netInterestIncome": "None", "interestIncome": "None", "interestExpense": "1023000000", "nonInterestIncome": "None", "otherNonOperatingIncome": "None", "depreciation": "None", "depreciationAndAmortization": "9168000000", "incomeBeforeTax": "8597000000", "incomeTaxExpense": "2642000000", "interestAndDebtExpense": "None", "netIncomeFromContinuingOperations": "5955000000", "comprehensiveIncomeNetOfTax": "None", "ebit": "9168000000", "ebitda": "18336000000", "netIncome": "5408000000"}, {"fiscalDateEnding": "2014-06-30", "reportedCurrency": "USD", "grossProfit": "20617000000", "totalRevenue": "20617000000", "costOfRevenue": "1219000000", "costofGoodsAndServicesSold": "1219000000", "operatingIncome": "9229000000", "sellingGeneralAndAdministrative": "8631000000", "researchAndDevelopment": "0", "operatingExpenses": "12194000000", "investmentIncomeNet": "None", "netInterestIncome": "None", "interestIncome": "None", "interestExpense": "1002000000", "nonInterestIncome": "None", "otherNonOperatingIncome": "None", "depreciation": "None", "depreciationAndAmortization": "9229000000", "incomeBeforeTax": "8655000000", "incomeTaxExpense": "2869000000", "interestAndDebtExpense": "None", "netIncomeFromContinuingOperations": "5786000000", "comprehensiveIncomeNetOfTax": "None", "ebit": "9229000000", "ebitda": "18458000000", "netIncome": "5424000000"}, {"fiscalDateEnding": "2014-03-31", "reportedCurrency": "USD", "grossProfit": "19778000000", "totalRevenue": "19778000000", "costOfRevenue": "1322000000", "costofGoodsAndServicesSold": "1322000000", "operatingIncome": "8936000000", "sellingGeneralAndAdministrative": "8798000000", "researchAndDevelopment": "0", "operatingExpenses": "11948000000", "investmentIncomeNet": "None", "netInterestIncome": "None", "interestIncome": "None", "interestExpense": "997000000", "nonInterestIncome": "None", "otherNonOperatingIncome": "None", "depreciation": "None", "depreciationAndAmortization": "8936000000", "incomeBeforeTax": "8352000000", "incomeTaxExpense": "2277000000", "interestAndDebtExpense": "None", "netIncomeFromContinuingOperations": "6075000000", "comprehensiveIncomeNetOfTax": "None", "ebit": "8936000000", "ebitda": "17872000000", "netIncome": "5607000000"}, {"fiscalDateEnding": "2013-12-31", "reportedCurrency": "USD", "grossProfit": "20011000000", "totalRevenue": "20011000000", "costOfRevenue": "1396000000", "costofGoodsAndServicesSold": "1396000000", "operatingIncome": "8788000000", "sellingGeneralAndAdministrative": "7574000000", "researchAndDevelopment": "0", "operatingExpenses": "12085000000", "investmentIncomeNet": "None", "netInterestIncome": "None", "interestIncome": "None", "interestExpense": "1033000000", "nonInterestIncome": "None", "otherNonOperatingIncome": "None", "depreciation": "None", "depreciationAndAmortization": "8788000000", "incomeBeforeTax": "8217000000", "incomeTaxExpense": "2504000000", "interestAndDebtExpense": "None", "netIncomeFromContinuingOperations": "5713000000", "comprehensiveIncomeNetOfTax": "None", "ebit": "8788000000", "ebitda": "17576000000", "netIncome": "5369000000"}, {"fiscalDateEnding": "2013-09-30", "reportedCurrency": "USD", "grossProfit": "19976000000", "totalRevenue": "19976000000", "costOfRevenue": "1103000000", "costofGoodsAndServicesSold": "1103000000", "operatingIncome": "8890000000", "sellingGeneralAndAdministrative": "7697000000", "researchAndDevelopment": "0", "operatingExpenses": "12102000000", "investmentIncomeNet": "None", "netInterestIncome": "None", "interestIncome": "None", "interestExpense": "1028000000", "nonInterestIncome": "None", "otherNonOperatingIncome": "None", "depreciation": "None", "depreciationAndAmortization": "8890000000", "incomeBeforeTax": "8301000000", "incomeTaxExpense": "2618000000", "interestAndDebtExpense": "None", "netIncomeFromContinuingOperations": "5683000000", "comprehensiveIncomeNetOfTax": "None", "ebit": "8890000000", "ebitda": "17780000000", "netIncome": "5317000000"}, {"fiscalDateEnding": "2013-06-30", "reportedCurrency": "USD", "grossProfit": "21175000000", "totalRevenue": "21175000000", "costOfRevenue": "1729000000", "costofGoodsAndServicesSold": "1729000000", "operatingIncome": "9107000000", "sellingGeneralAndAdministrative": "7771000000", "researchAndDevelopment": "0", "operatingExpenses": "12255000000", "investmentIncomeNet": "None", "netInterestIncome": "None", "interestIncome": "None", "interestExpense": "1077000000", "nonInterestIncome": "None", "otherNonOperatingIncome": "None", "depreciation": "None", "depreciationAndAmortization": "9107000000", "incomeBeforeTax": "8471000000", "incomeTaxExpense": "2863000000", "interestAndDebtExpense": "None", "netIncomeFromContinuingOperations": "5608000000", "comprehensiveIncomeNetOfTax": "None", "ebit": "9107000000", "ebitda": "18214000000", "netIncome": "5272000000"}, {"fiscalDateEnding": "2013-03-31", "reportedCurrency": "USD", "grossProfit": "21146000000", "totalRevenue": "21146000000", "costOfRevenue": "2370000000", "costofGoodsAndServicesSold": "2370000000", "operatingIncome": "8309000000", "sellingGeneralAndAdministrative": "8115000000", "researchAndDevelopment": "0", "operatingExpenses": "12400000000", "investmentIncomeNet": "None", "netInterestIncome": "None", "interestIncome": "None", "interestExpense": "1151000000", "nonInterestIncome": "None", "otherNonOperatingIncome": "None", "depreciation": "None", "depreciationAndAmortization": "8309000000", "incomeBeforeTax": "7640000000", "incomeTaxExpense": "2420000000", "interestAndDebtExpense": "None", "netIncomeFromContinuingOperations": "5220000000", "comprehensiveIncomeNetOfTax": "None", "ebit": "8309000000", "ebitda": "16618000000", "netIncome": "4931000000"}, {"fiscalDateEnding": "2012-12-31", "reportedCurrency": "USD", "grossProfit": "21233000000", "totalRevenue": "21233000000", "costOfRevenue": "3045000000", "costofGoodsAndServicesSold": "3045000000", "operatingIncome": "7909000000", "sellingGeneralAndAdministrative": "14437000000", "researchAndDevelopment": "0", "operatingExpenses": "12866000000", "investmentIncomeNet": "None", "netInterestIncome": "None", "interestIncome": "None", "interestExpense": "1214000000", "nonInterestIncome": "None", "otherNonOperatingIncome": "None", "depreciation": "None", "depreciationAndAmortization": "7909000000", "incomeBeforeTax": "7221000000", "incomeTaxExpense": "1924000000", "interestAndDebtExpense": "None", "netIncomeFromContinuingOperations": "0", "comprehensiveIncomeNetOfTax": "None", "ebit": "7909000000", "ebitda": "15818000000", "netIncome": "4857000000"}, {"fiscalDateEnding": "2012-09-30", "reportedCurrency": "USD", "grossProfit": "21049000000", "totalRevenue": "21049000000", "costOfRevenue": "2854000000", "costofGoodsAndServicesSold": "2854000000", "operatingIncome": "8960000000", "sellingGeneralAndAdministrative": "5070000000", "researchAndDevelopment": "0", "operatingExpenses": "-12089000000", "investmentIncomeNet": "None", "netInterestIncome": "None", "interestIncome": "None", "interestExpense": "1263000000", "nonInterestIncome": "None", "otherNonOperatingIncome": "None", "depreciation": "None", "depreciationAndAmortization": "419000000", "incomeBeforeTax": "7510000000", "incomeTaxExpense": "2480000000", "interestAndDebtExpense": "None", "netIncomeFromContinuingOperations": "0", "comprehensiveIncomeNetOfTax": "None", "ebit": "8960000000", "ebitda": "9379000000", "netIncome": "4717000000"}, {"fiscalDateEnding": "2012-06-30", "reportedCurrency": "USD", "grossProfit": "21047000000", "totalRevenue": "21047000000", "costOfRevenue": "3117000000", "costofGoodsAndServicesSold": "3117000000", "operatingIncome": "8627000000", "sellingGeneralAndAdministrative": "5087000000", "researchAndDevelopment": "0", "operatingExpenses": "-12420000000", "investmentIncomeNet": "None", "netInterestIncome": "None", "interestIncome": "None", "interestExpense": "1317000000", "nonInterestIncome": "None", "otherNonOperatingIncome": "None", "depreciation": "None", "depreciationAndAmortization": "418000000", "incomeBeforeTax": "7092000000", "incomeTaxExpense": "2371000000", "interestAndDebtExpense": "None", "netIncomeFromContinuingOperations": "0", "comprehensiveIncomeNetOfTax": "None", "ebit": "8627000000", "ebitda": "9045000000", "netIncome": "4403000000"}, {"fiscalDateEnding": "2012-03-31", "reportedCurrency": "USD", "grossProfit": "21272000000", "totalRevenue": "21272000000", "costOfRevenue": "3362000000", "costofGoodsAndServicesSold": "3362000000", "operatingIncome": "8173000000", "sellingGeneralAndAdministrative": "5566000000", "researchAndDevelopment": "0", "operatingExpenses": "-13099000000", "investmentIncomeNet": "None", "netInterestIncome": "None", "interestIncome": "None", "interestExpense": "1367000000", "nonInterestIncome": "None", "otherNonOperatingIncome": "None", "depreciation": "None", "depreciationAndAmortization": "419000000", "incomeBeforeTax": "6648000000", "incomeTaxExpense": "2328000000", "interestAndDebtExpense": "None", "netIncomeFromContinuingOperations": "0", "comprehensiveIncomeNetOfTax": "None", "ebit": "8173000000", "ebitda": "8592000000", "netIncome": "4022000000"}, {"fiscalDateEnding": "2011-12-31", "reportedCurrency": "USD", "grossProfit": "20544000000", "totalRevenue": "20544000000", "costOfRevenue": "3526000000", "costofGoodsAndServicesSold": "3526000000", "operatingIncome": "7467000000", "sellingGeneralAndAdministrative": "7283000000", "researchAndDevelopment": "0", "operatingExpenses": "-13077000000", "investmentIncomeNet": "None", "netInterestIncome": "None", "interestIncome": "None", "interestExpense": "1486000000", "nonInterestIncome": "None", "otherNonOperatingIncome": "None", "depreciation": "None", "depreciationAndAmortization": "725000000", "incomeBeforeTax": "6057000000", "incomeTaxExpense": "1874000000", "interestAndDebtExpense": "None", "netIncomeFromContinuingOperations": "0", "comprehensiveIncomeNetOfTax": "None", "ebit": "7467000000", "ebitda": "8192000000", "netIncome": "3888000000"}, {"fiscalDateEnding": "2011-09-30", "reportedCurrency": "USD", "grossProfit": "19284000000", "totalRevenue": "19284000000", "costOfRevenue": "3447000000", "costofGoodsAndServicesSold": "3447000000", "operatingIncome": "7738000000", "sellingGeneralAndAdministrative": "4830000000", "researchAndDevelopment": "0", "operatingExpenses": "-11546000000", "investmentIncomeNet": "None", "netInterestIncome": "None", "interestIncome": "None", "interestExpense": "1636000000", "nonInterestIncome": "None", "otherNonOperatingIncome": "None", "depreciation": "None", "depreciationAndAmortization": "466000000", "incomeBeforeTax": "6140000000", "incomeTaxExpense": "1998000000", "interestAndDebtExpense": "None", "netIncomeFromContinuingOperations": "4142000000", "comprehensiveIncomeNetOfTax": "None", "ebit": "7738000000", "ebitda": "8204000000", "netIncome": "3839000000"}, {"fiscalDateEnding": "2011-06-30", "reportedCurrency": "USD", "grossProfit": "19662000000", "totalRevenue": "19662000000", "costOfRevenue": "3544000000", "costofGoodsAndServicesSold": "3544000000", "operatingIncome": "7682000000", "sellingGeneralAndAdministrative": "5063000000", "researchAndDevelopment": "0", "operatingExpenses": "-11980000000", "investmentIncomeNet": "None", "netInterestIncome": "None", "interestIncome": "None", "interestExpense": "1706000000", "nonInterestIncome": "None", "otherNonOperatingIncome": "None", "depreciation": "None", "depreciationAndAmortization": "464000000", "incomeBeforeTax": "6073000000", "incomeTaxExpense": "2001000000", "interestAndDebtExpense": "None", "netIncomeFromContinuingOperations": "4072000000", "comprehensiveIncomeNetOfTax": "None", "ebit": "7682000000", "ebitda": "8146000000", "netIncome": "3728000000"}, {"fiscalDateEnding": "2011-03-31", "reportedCurrency": "USD", "grossProfit": "19976000000", "totalRevenue": "19976000000", "costOfRevenue": "4031000000", "costofGoodsAndServicesSold": "4031000000", "operatingIncome": "7146000000", "sellingGeneralAndAdministrative": "5151000000", "researchAndDevelopment": "0", "operatingExpenses": "-12830000000", "investmentIncomeNet": "None", "netInterestIncome": "None", "interestIncome": "None", "interestExpense": "1821000000", "nonInterestIncome": "None", "otherNonOperatingIncome": "None", "depreciation": "None", "depreciationAndAmortization": "483000000", "incomeBeforeTax": "5386000000", "incomeTaxExpense": "1572000000", "interestAndDebtExpense": "None", "netIncomeFromContinuingOperations": "3814000000", "comprehensiveIncomeNetOfTax": "None", "ebit": "7146000000", "ebitda": "7629000000", "netIncome": "3570000000"}, {"fiscalDateEnding": "2010-12-31", "reportedCurrency": "USD", "grossProfit": "21177000000", "totalRevenue": "21177000000", "costOfRevenue": "4895000000", "costofGoodsAndServicesSold": "4895000000", "operatingIncome": "6992000000", "sellingGeneralAndAdministrative": "7201000000", "researchAndDevelopment": "0", "operatingExpenses": "-14185000000", "investmentIncomeNet": "None", "netInterestIncome": "None", "interestIncome": "None", "interestExpense": "1906000000", "nonInterestIncome": "None", "otherNonOperatingIncome": "None", "depreciation": "None", "depreciationAndAmortization": "422000000", "incomeBeforeTax": "5165000000", "incomeTaxExpense": "1672000000", "interestAndDebtExpense": "None", "netIncomeFromContinuingOperations": "0", "comprehensiveIncomeNetOfTax": "None", "ebit": "6992000000", "ebitda": "7414000000", "netIncome": "3414000000"}, {"fiscalDateEnding": "2010-09-30", "reportedCurrency": "USD", "grossProfit": "20743000000", "totalRevenue": "20743000000", "costOfRevenue": "5477000000", "costofGoodsAndServicesSold": "5477000000", "operatingIncome": "7122000000", "sellingGeneralAndAdministrative": "4552000000", "researchAndDevelopment": "0", "operatingExpenses": "-13621000000", "investmentIncomeNet": "None", "netInterestIncome": "None", "interestIncome": "None", "interestExpense": "2032000000", "nonInterestIncome": "None", "otherNonOperatingIncome": "None", "depreciation": "None", "depreciationAndAmortization": "167000000", "incomeBeforeTax": "5176000000", "incomeTaxExpense": "1751000000", "interestAndDebtExpense": "None", "netIncomeFromContinuingOperations": "0", "comprehensiveIncomeNetOfTax": "None", "ebit": "7122000000", "ebitda": "7289000000", "netIncome": "2961000000"}, {"fiscalDateEnding": "2010-06-30", "reportedCurrency": "USD", "grossProfit": "21106000000", "totalRevenue": "21106000000", "costOfRevenue": "6012000000", "costofGoodsAndServicesSold": "6012000000", "operatingIncome": "6599000000", "sellingGeneralAndAdministrative": "4627000000", "researchAndDevelopment": "0", "operatingExpenses": "-14507000000", "investmentIncomeNet": "None", "netInterestIncome": "None", "interestIncome": "None", "interestExpense": "2023000000", "nonInterestIncome": "None", "otherNonOperatingIncome": "None", "depreciation": "None", "depreciationAndAmortization": "622000000", "incomeBeforeTax": "4659000000", "incomeTaxExpense": "1514000000", "interestAndDebtExpense": "None", "netIncomeFromContinuingOperations": "0", "comprehensiveIncomeNetOfTax": "None", "ebit": "6599000000", "ebitda": "7221000000", "netIncome": "2878000000"}, {"fiscalDateEnding": "2010-03-31", "reportedCurrency": "USD", "grossProfit": "21405000000", "totalRevenue": "21405000000", "costOfRevenue": "7408000000", "costofGoodsAndServicesSold": "7408000000", "operatingIncome": "6026000000", "sellingGeneralAndAdministrative": "4636000000", "researchAndDevelopment": "0", "operatingExpenses": "-15379000000", "investmentIncomeNet": "None", "netInterestIncome": "None", "interestIncome": "None", "interestExpense": "2078000000", "nonInterestIncome": "None", "otherNonOperatingIncome": "None", "depreciation": "None", "depreciationAndAmortization": "713000000", "incomeBeforeTax": "4001000000", "incomeTaxExpense": "1401000000", "interestAndDebtExpense": "None", "netIncomeFromContinuingOperations": "0", "comprehensiveIncomeNetOfTax": "None", "ebit": "6026000000", "ebitda": "6739000000", "netIncome": "2372000000"}, {"fiscalDateEnding": "2009-12-31", "reportedCurrency": "USD", "grossProfit": "22423000000", "totalRevenue": "22423000000", "costOfRevenue": "8105000000", "costofGoodsAndServicesSold": "8105000000", "operatingIncome": "5964000000", "sellingGeneralAndAdministrative": "7037000000", "researchAndDevelopment": "0", "operatingExpenses": "-16459000000", "investmentIncomeNet": "None", "netInterestIncome": "None", "interestIncome": "None", "interestExpense": "2192000000", "nonInterestIncome": "None", "otherNonOperatingIncome": "None", "depreciation": "None", "depreciationAndAmortization": "404000000", "incomeBeforeTax": "3962000000", "incomeTaxExpense": "949000000", "interestAndDebtExpense": "None", "netIncomeFromContinuingOperations": "0", "comprehensiveIncomeNetOfTax": "None", "ebit": "5964000000", "ebitda": "6368000000", "netIncome": "2823000000"}, {"fiscalDateEnding": "2009-09-30", "reportedCurrency": "USD", "grossProfit": "22437000000", "totalRevenue": "22437000000", "costOfRevenue": "8395000000", "costofGoodsAndServicesSold": "8395000000", "operatingIncome": "6874000000", "sellingGeneralAndAdministrative": "4462000000", "researchAndDevelopment": "0", "operatingExpenses": "-15563000000", "investmentIncomeNet": "None", "netInterestIncome": "None", "interestIncome": "None", "interestExpense": "2284000000", "nonInterestIncome": "None", "otherNonOperatingIncome": "None", "depreciation": "None", "depreciationAndAmortization": "897000000", "incomeBeforeTax": "4671000000", "incomeTaxExpense": "1355000000", "interestAndDebtExpense": "None", "netIncomeFromContinuingOperations": "0", "comprehensiveIncomeNetOfTax": "None", "ebit": "6874000000", "ebitda": "7771000000", "netIncome": "2039000000"}, {"fiscalDateEnding": "2009-06-30", "reportedCurrency": "USD", "grossProfit": "22467000000", "totalRevenue": "22467000000", "costOfRevenue": "7623000000", "costofGoodsAndServicesSold": "7623000000", "operatingIncome": "7184000000", "sellingGeneralAndAdministrative": "4665000000", "researchAndDevelopment": "0", "operatingExpenses": "-15283000000", "investmentIncomeNet": "None", "netInterestIncome": "None", "interestIncome": "None", "interestExpense": "2537000000", "nonInterestIncome": "None", "otherNonOperatingIncome": "None", "depreciation": "None", "depreciationAndAmortization": "559000000", "incomeBeforeTax": "4724000000", "incomeTaxExpense": "1475000000", "interestAndDebtExpense": "None", "netIncomeFromContinuingOperations": "0", "comprehensiveIncomeNetOfTax": "None", "ebit": "7184000000", "ebitda": "7743000000", "netIncome": "2575000000"}, {"fiscalDateEnding": "2009-03-31", "reportedCurrency": "USD", "grossProfit": "21174000000", "totalRevenue": "21174000000", "costOfRevenue": "7495000000", "costofGoodsAndServicesSold": "7495000000", "operatingIncome": "7534000000", "sellingGeneralAndAdministrative": "4670000000", "researchAndDevelopment": "0", "operatingExpenses": "-13640000000", "investmentIncomeNet": "None", "netInterestIncome": "None", "interestIncome": "None", "interestExpense": "2937000000", "nonInterestIncome": "None", "otherNonOperatingIncome": "None", "depreciation": "None", "depreciationAndAmortization": "981000000", "incomeBeforeTax": "4641000000", "incomeTaxExpense": "1552000000", "interestAndDebtExpense": "None", "netIncomeFromContinuingOperations": "0", "comprehensiveIncomeNetOfTax": "None", "ebit": "7534000000", "ebitda": "8515000000", "netIncome": "2384000000"}, {"fiscalDateEnding": "2008-12-31", "reportedCurrency": "USD", "grossProfit": "9824000000", "totalRevenue": "9824000000", "costOfRevenue": "-409000000", "costofGoodsAndServicesSold": "-409000000", "operatingIncome": "-2766000000", "sellingGeneralAndAdministrative": "3177000000", "researchAndDevelopment": "0", "operatingExpenses": "-12999000000", "investmentIncomeNet": "None", "netInterestIncome": "None", "interestIncome": "None", "interestExpense": "2004000000", "nonInterestIncome": "None", "otherNonOperatingIncome": "None", "depreciation": "None", "depreciationAndAmortization": "515000000", "incomeBeforeTax": "-4442000000", "incomeTaxExpense": "-1895000000", "interestAndDebtExpense": "None", "netIncomeFromContinuingOperations": "0", "comprehensiveIncomeNetOfTax": "None", "ebit": "-2766000000", "ebitda": "-2251000000", "netIncome": "-2547000000"}, {"fiscalDateEnding": "2008-09-30", "reportedCurrency": "USD", "grossProfit": "10379000000", "totalRevenue": "10379000000", "costOfRevenue": "4888000000", "costofGoodsAndServicesSold": "4888000000", "operatingIncome": "4760000000", "sellingGeneralAndAdministrative": "2633000000", "researchAndDevelopment": "0", "operatingExpenses": "-5619000000", "investmentIncomeNet": "None", "netInterestIncome": "None", "interestIncome": "None", "interestExpense": "2393000000", "nonInterestIncome": "None", "otherNonOperatingIncome": "None", "depreciation": "None", "depreciationAndAmortization": "406000000", "incomeBeforeTax": "2367000000", "incomeTaxExpense": "730000000", "interestAndDebtExpense": "None", "netIncomeFromContinuingOperations": "0", "comprehensiveIncomeNetOfTax": "None", "ebit": "4760000000", "ebitda": "5166000000", "netIncome": "1637000000"}, {"fiscalDateEnding": "2008-06-30", "reportedCurrency": "USD", "grossProfit": "11459000000", "totalRevenue": "11459000000", "costOfRevenue": "5281000000", "costofGoodsAndServicesSold": "5281000000", "operatingIncome": "4856000000", "sellingGeneralAndAdministrative": "3429000000", "researchAndDevelopment": "0", "operatingExpenses": "-6603000000", "investmentIncomeNet": "None", "netInterestIncome": "None", "interestIncome": "None", "interestExpense": "2269000000", "nonInterestIncome": "None", "otherNonOperatingIncome": "None", "depreciation": "None", "depreciationAndAmortization": "380000000", "incomeBeforeTax": "2587000000", "incomeTaxExpense": "834000000", "interestAndDebtExpense": "None", "netIncomeFromContinuingOperations": "0", "comprehensiveIncomeNetOfTax": "None", "ebit": "4856000000", "ebitda": "5236000000", "netIncome": "1753000000"}, {"fiscalDateEnding": "2008-03-31", "reportedCurrency": "USD", "grossProfit": "10563000000", "totalRevenue": "10563000000", "costOfRevenue": "5117000000", "costofGoodsAndServicesSold": "5117000000", "operatingIncome": "6162000000", "sellingGeneralAndAdministrative": "3215000000", "researchAndDevelopment": "0", "operatingExpenses": "-4401000000", "investmentIncomeNet": "None", "netInterestIncome": "None", "interestIncome": "None", "interestExpense": "3089000000", "nonInterestIncome": "None", "otherNonOperatingIncome": "None", "depreciation": "None", "depreciationAndAmortization": "368000000", "incomeBeforeTax": "3073000000", "incomeTaxExpense": "1074000000", "interestAndDebtExpense": "None", "netIncomeFromContinuingOperations": "0", "comprehensiveIncomeNetOfTax": "None", "ebit": "6162000000", "ebitda": "6530000000", "netIncome": "1999000000"}, {"fiscalDateEnding": "2007-12-31", "reportedCurrency": "USD", "grossProfit": "9471000000", "totalRevenue": "9471000000", "costOfRevenue": "6366000000", "costofGoodsAndServicesSold": "6366000000", "operatingIncome": "5277000000", "sellingGeneralAndAdministrative": "3453000000", "researchAndDevelopment": "0", "operatingExpenses": "-4194000000", "investmentIncomeNet": "None", "netInterestIncome": "None", "interestIncome": "None", "interestExpense": "3754000000", "nonInterestIncome": "None", "otherNonOperatingIncome": "None", "depreciation": "None", "depreciationAndAmortization": "391000000", "incomeBeforeTax": "1523000000", "incomeTaxExpense": "272000000", "interestAndDebtExpense": "None", "netIncomeFromContinuingOperations": "0", "comprehensiveIncomeNetOfTax": "None", "ebit": "5277000000", "ebitda": "5668000000", "netIncome": "1251000000"}, {"fiscalDateEnding": "2007-09-30", "reportedCurrency": "USD", "grossProfit": "9853000000", "totalRevenue": "9853000000", "costOfRevenue": "4835000000", "costofGoodsAndServicesSold": "4835000000", "operatingIncome": "7403000000", "sellingGeneralAndAdministrative": "3253000000", "researchAndDevelopment": "0", "operatingExpenses": "-2450000000", "investmentIncomeNet": "None", "netInterestIncome": "None", "interestIncome": "None", "interestExpense": "3943000000", "nonInterestIncome": "None", "otherNonOperatingIncome": "None", "depreciation": "None", "depreciationAndAmortization": "377000000", "incomeBeforeTax": "3460000000", "incomeTaxExpense": "1177000000", "interestAndDebtExpense": "None", "netIncomeFromContinuingOperations": "0", "comprehensiveIncomeNetOfTax": "None", "ebit": "7403000000", "ebitda": "7780000000", "netIncome": "2283000000"}, {"fiscalDateEnding": "2007-06-30", "reportedCurrency": "USD", "grossProfit": "9891000000", "totalRevenue": "9891000000", "costOfRevenue": "4097000000", "costofGoodsAndServicesSold": "4097000000", "operatingIncome": "6821000000", "sellingGeneralAndAdministrative": "3388000000", "researchAndDevelopment": "0", "operatingExpenses": "-3070000000", "investmentIncomeNet": "None", "netInterestIncome": "None", "interestIncome": "None", "interestExpense": "3377000000", "nonInterestIncome": "None", "otherNonOperatingIncome": "None", "depreciation": "None", "depreciationAndAmortization": "382000000", "incomeBeforeTax": "3444000000", "incomeTaxExpense": "1165000000", "interestAndDebtExpense": "None", "netIncomeFromContinuingOperations": "0", "comprehensiveIncomeNetOfTax": "None", "ebit": "6821000000", "ebitda": "7203000000", "netIncome": "2279000000"}, {"fiscalDateEnding": "2007-03-31", "reportedCurrency": "USD", "grossProfit": "9441000000", "totalRevenue": "9441000000", "costOfRevenue": "3844000000", "costofGoodsAndServicesSold": "3844000000", "operatingIncome": "6329000000", "sellingGeneralAndAdministrative": "3274000000", "researchAndDevelopment": "0", "operatingExpenses": "-3112000000", "investmentIncomeNet": "None", "netInterestIncome": "None", "interestIncome": "None", "interestExpense": "3129000000", "nonInterestIncome": "None", "otherNonOperatingIncome": "None", "depreciation": "None", "depreciationAndAmortization": "382000000", "incomeBeforeTax": "3200000000", "incomeTaxExpense": "956000000", "interestAndDebtExpense": "None", "netIncomeFromContinuingOperations": "0", "comprehensiveIncomeNetOfTax": "None", "ebit": "6329000000", "ebitda": "6711000000", "netIncome": "2244000000"}, {"fiscalDateEnding": "2006-12-31", "reportedCurrency": "USD", "grossProfit": "8675000000", "totalRevenue": "8675000000", "costOfRevenue": "3907000000", "costofGoodsAndServicesSold": "3907000000", "operatingIncome": "6457000000", "sellingGeneralAndAdministrative": "3106000000", "researchAndDevelopment": "0", "operatingExpenses": "-2218000000", "investmentIncomeNet": "None", "netInterestIncome": "None", "interestIncome": "None", "interestExpense": "3181000000", "nonInterestIncome": "None", "otherNonOperatingIncome": "None", "depreciation": "None", "depreciationAndAmortization": "971000000", "incomeBeforeTax": "3276000000", "incomeTaxExpense": "1095000000", "interestAndDebtExpense": "None", "netIncomeFromContinuingOperations": "0", "comprehensiveIncomeNetOfTax": "None", "ebit": "6457000000", "ebitda": "7428000000", "netIncome": "2181000000"}, {"fiscalDateEnding": "2006-09-30", "reportedCurrency": "USD", "grossProfit": "8934000000", "totalRevenue": "8934000000", "costOfRevenue": "3965000000", "costofGoodsAndServicesSold": "3965000000", "operatingIncome": "6592000000", "sellingGeneralAndAdministrative": "2937000000", "researchAndDevelopment": "0", "operatingExpenses": "-2342000000", "investmentIncomeNet": "None", "netInterestIncome": "None", "interestIncome": "None", "interestExpense": "3352000000", "nonInterestIncome": "None", "otherNonOperatingIncome": "None", "depreciation": "None", "depreciationAndAmortization": "976000000", "incomeBeforeTax": "3240000000", "incomeTaxExpense": "1046000000", "interestAndDebtExpense": "None", "netIncomeFromContinuingOperations": "0", "comprehensiveIncomeNetOfTax": "None", "ebit": "6592000000", "ebitda": "7568000000", "netIncome": "2194000000"}, {"fiscalDateEnding": "2006-06-30", "reportedCurrency": "USD", "grossProfit": "8789000000", "totalRevenue": "8789000000", "costOfRevenue": "3525000000", "costofGoodsAndServicesSold": "3525000000", "operatingIncome": "6274000000", "sellingGeneralAndAdministrative": "2955000000", "researchAndDevelopment": "0", "operatingExpenses": "-2515000000", "investmentIncomeNet": "None", "netInterestIncome": "None", "interestIncome": "None", "interestExpense": "3093000000", "nonInterestIncome": "None", "otherNonOperatingIncome": "None", "depreciation": "None", "depreciationAndAmortization": "734000000", "incomeBeforeTax": "3181000000", "incomeTaxExpense": "1092000000", "interestAndDebtExpense": "None", "netIncomeFromContinuingOperations": "0", "comprehensiveIncomeNetOfTax": "None", "ebit": "6274000000", "ebitda": "7008000000", "netIncome": "2089000000"}, {"fiscalDateEnding": "2006-03-31", "reportedCurrency": "USD", "grossProfit": "8555000000", "totalRevenue": "8555000000", "costOfRevenue": "3095000000", "costofGoodsAndServicesSold": "3095000000", "operatingIncome": "5710000000", "sellingGeneralAndAdministrative": "2929000000", "researchAndDevelopment": "0", "operatingExpenses": "-2845000000", "investmentIncomeNet": "None", "netInterestIncome": "None", "interestIncome": "None", "interestExpense": "2662000000", "nonInterestIncome": "None", "otherNonOperatingIncome": "None", "depreciation": "None", "depreciationAndAmortization": "540000000", "incomeBeforeTax": "3048000000", "incomeTaxExpense": "1030000000", "interestAndDebtExpense": "None", "netIncomeFromContinuingOperations": "0", "comprehensiveIncomeNetOfTax": "None", "ebit": "5710000000", "ebitda": "6250000000", "netIncome": "2018000000"}, {"fiscalDateEnding": "2005-12-31", "reportedCurrency": "USD", "grossProfit": "8492000000", "totalRevenue": "8492000000", "costOfRevenue": "3108000000", "costofGoodsAndServicesSold": "3108000000", "operatingIncome": "5311000000", "sellingGeneralAndAdministrative": "2704000000", "researchAndDevelopment": "0", "operatingExpenses": "-3181000000", "investmentIncomeNet": "None", "netInterestIncome": "None", "interestIncome": "None", "interestExpense": "2405000000", "nonInterestIncome": "None", "otherNonOperatingIncome": "None", "depreciation": "None", "depreciationAndAmortization": "1159000000", "incomeBeforeTax": "2906000000", "incomeTaxExpense": "976000000", "interestAndDebtExpense": "None", "netIncomeFromContinuingOperations": "0", "comprehensiveIncomeNetOfTax": "None", "ebit": "5311000000", "ebitda": "6470000000", "netIncome": "1930000000"}, {"fiscalDateEnding": "2005-09-30", "reportedCurrency": "USD", "grossProfit": "8503000000", "totalRevenue": "8503000000", "costOfRevenue": "2610000000", "costofGoodsAndServicesSold": "2610000000", "operatingIncome": "4942000000", "sellingGeneralAndAdministrative": "2714000000", "researchAndDevelopment": "0", "operatingExpenses": "-3561000000", "investmentIncomeNet": "None", "netInterestIncome": "None", "interestIncome": "None", "interestExpense": "1969000000", "nonInterestIncome": "None", "otherNonOperatingIncome": "None", "depreciation": "None", "depreciationAndAmortization": "1000000000", "incomeBeforeTax": "2973000000", "incomeTaxExpense": "998000000", "interestAndDebtExpense": "None", "netIncomeFromContinuingOperations": "0", "comprehensiveIncomeNetOfTax": "None", "ebit": "4942000000", "ebitda": "5942000000", "netIncome": "1975000000"}, {"fiscalDateEnding": "2005-06-30", "reportedCurrency": "USD", "grossProfit": "7865000000", "totalRevenue": "7865000000", "costOfRevenue": "2118000000", "costofGoodsAndServicesSold": "2118000000", "operatingIncome": "4521000000", "sellingGeneralAndAdministrative": "2545000000", "researchAndDevelopment": "0", "operatingExpenses": "-3344000000", "investmentIncomeNet": "None", "netInterestIncome": "None", "interestIncome": "None", "interestExpense": "1664000000", "nonInterestIncome": "None", "otherNonOperatingIncome": "None", "depreciation": "None", "depreciationAndAmortization": "949000000", "incomeBeforeTax": "2857000000", "incomeTaxExpense": "947000000", "interestAndDebtExpense": "None", "netIncomeFromContinuingOperations": "0", "comprehensiveIncomeNetOfTax": "None", "ebit": "4521000000", "ebitda": "5470000000", "netIncome": "1910000000"}, {"fiscalDateEnding": "2005-03-31", "reportedCurrency": "USD", "grossProfit": "8089000000", "totalRevenue": "8089000000", "costOfRevenue": "2005000000", "costofGoodsAndServicesSold": "2005000000", "operatingIncome": "4232000000", "sellingGeneralAndAdministrative": "2492000000", "researchAndDevelopment": "0", "operatingExpenses": "-3857000000", "investmentIncomeNet": "None", "netInterestIncome": "None", "interestIncome": "None", "interestExpense": "1420000000", "nonInterestIncome": "None", "otherNonOperatingIncome": "None", "depreciation": "None", "depreciationAndAmortization": "1053000000", "incomeBeforeTax": "2812000000", "incomeTaxExpense": "956000000", "interestAndDebtExpense": "None", "netIncomeFromContinuingOperations": "0", "comprehensiveIncomeNetOfTax": "None", "ebit": "4232000000", "ebitda": "5285000000", "netIncome": "1856000000"}, {"fiscalDateEnding": "2004-12-31", "reportedCurrency": "USD", "grossProfit": "8168000000", "totalRevenue": "8168000000", "costOfRevenue": "1644000000", "costofGoodsAndServicesSold": "1644000000", "operatingIncome": "3911000000", "sellingGeneralAndAdministrative": "2415000000", "researchAndDevelopment": "0", "operatingExpenses": "-4257000000", "investmentIncomeNet": "None", "netInterestIncome": "None", "interestIncome": "None", "interestExpense": "1179000000", "nonInterestIncome": "None", "otherNonOperatingIncome": "None", "depreciation": "None", "depreciationAndAmortization": "930000000", "incomeBeforeTax": "2732000000", "incomeTaxExpense": "947000000", "interestAndDebtExpense": "None", "netIncomeFromContinuingOperations": "0", "comprehensiveIncomeNetOfTax": "None", "ebit": "3911000000", "ebitda": "4841000000", "netIncome": "1785000000"}]}