{"symbol": "JPM", "annualReports": [{"fiscalDateEnding": "2024-12-31", "reportedCurrency": "USD", "grossProfit": "166878000000", "totalRevenue": "166878000000", "costOfRevenue": "None", "costofGoodsAndServicesSold": "None", "operatingIncome": "84633000000", "sellingGeneralAndAdministrative": "20888000000", "researchAndDevelopment": "None", "operatingExpenses": "82245000000", "investmentIncomeNet": "None", "netInterestIncome": "92583000000", "interestIncome": "193933000000", "interestExpense": "101350000000", "nonInterestIncome": "None", "otherNonOperatingIncome": "None", "depreciation": "None", "depreciationAndAmortization": "8812000000", "incomeBeforeTax": "75081000000", "incomeTaxExpense": "16610000000", "interestAndDebtExpense": "None", "netIncomeFromContinuingOperations": "58471000000", "comprehensiveIncomeNetOfTax": "None", "ebit": "65821000000", "ebitda": "74633000000", "netIncome": "58471000000"}, {"fiscalDateEnding": "2023-12-31", "reportedCurrency": "USD", "grossProfit": "145670000000", "totalRevenue": "145670000000", "costOfRevenue": "-9282000000", "costofGoodsAndServicesSold": "-9282000000", "operatingIncome": "70543000000", "sellingGeneralAndAdministrative": "46465000000", "researchAndDevelopment": "None", "operatingExpenses": "75127000000", "investmentIncomeNet": "None", "netInterestIncome": "89267000000", "interestIncome": "170588000000", "interestExpense": "81321000000", "nonInterestIncome": "None", "otherNonOperatingIncome": "None", "depreciation": "None", "depreciationAndAmortization": "7512000000", "incomeBeforeTax": "61612000000", "incomeTaxExpense": "12060000000", "interestAndDebtExpense": "None", "netIncomeFromContinuingOperations": "49552000000", "comprehensiveIncomeNetOfTax": "None", "ebit": "70543000000", "ebitda": "78055000000", "netIncome": "49552000000"}, {"fiscalDateEnding": "2022-12-31", "reportedCurrency": "USD", "grossProfit": "128641000000", "totalRevenue": "128641000000", "costOfRevenue": "10174000000", "costofGoodsAndServicesSold": "10174000000", "operatingIncome": "52523000000", "sellingGeneralAndAdministrative": "41636000000", "researchAndDevelopment": "None", "operatingExpenses": "76140000000", "investmentIncomeNet": "None", "netInterestIncome": "66710000000", "interestIncome": "92807000000", "interestExpense": "26097000000", "nonInterestIncome": "None", "otherNonOperatingIncome": "None", "depreciation": "None", "depreciationAndAmortization": "7051000000", "incomeBeforeTax": "46166000000", "incomeTaxExpense": "8490000000", "interestAndDebtExpense": "None", "netIncomeFromContinuingOperations": "37676000000", "comprehensiveIncomeNetOfTax": "None", "ebit": "52523000000", "ebitda": "59574000000", "netIncome": "37676000000"}, {"fiscalDateEnding": "2021-12-31", "reportedCurrency": "USD", "grossProfit": "121685000000", "totalRevenue": "121685000000", "costOfRevenue": "9814000000", "costofGoodsAndServicesSold": "9814000000", "operatingIncome": "65024000000", "sellingGeneralAndAdministrative": "38567000000", "researchAndDevelopment": "None", "operatingExpenses": "71336000000", "investmentIncomeNet": "None", "netInterestIncome": "52311000000", "interestIncome": "57864000000", "interestExpense": "5553000000", "nonInterestIncome": "None", "otherNonOperatingIncome": "None", "depreciation": "None", "depreciationAndAmortization": "7932000000", "incomeBeforeTax": "59562000000", "incomeTaxExpense": "11228000000", "interestAndDebtExpense": "None", "netIncomeFromContinuingOperations": "48334000000", "comprehensiveIncomeNetOfTax": "None", "ebit": "65024000000", "ebitda": "72956000000", "netIncome": "48334000000"}, {"fiscalDateEnding": "2020-12-31", "reportedCurrency": "USD", "grossProfit": "119883000000", "totalRevenue": "119883000000", "costOfRevenue": "8464000000", "costofGoodsAndServicesSold": "8464000000", "operatingIncome": "41756000000", "sellingGeneralAndAdministrative": "34988000000", "researchAndDevelopment": "None", "operatingExpenses": "66656000000", "investmentIncomeNet": "None", "netInterestIncome": "54563000000", "interestIncome": "64523000000", "interestExpense": "9960000000", "nonInterestIncome": "None", "otherNonOperatingIncome": "None", "depreciation": "None", "depreciationAndAmortization": "8614000000", "incomeBeforeTax": "35815000000", "incomeTaxExpense": "6684000000", "interestAndDebtExpense": "None", "netIncomeFromContinuingOperations": "29131000000", "comprehensiveIncomeNetOfTax": "None", "ebit": "41756000000", "ebitda": "50370000000", "netIncome": "29131000000"}, {"fiscalDateEnding": "2019-12-31", "reportedCurrency": "USD", "grossProfit": "115720000000", "totalRevenue": "115720000000", "costOfRevenue": "8533000000", "costofGoodsAndServicesSold": "8533000000", "operatingIncome": "49952000000", "sellingGeneralAndAdministrative": "34155000000", "researchAndDevelopment": "None", "operatingExpenses": "65268000000", "investmentIncomeNet": "None", "netInterestIncome": "57245000000", "interestIncome": "84040000000", "interestExpense": "26795000000", "nonInterestIncome": "None", "otherNonOperatingIncome": "None", "depreciation": "None", "depreciationAndAmortization": "8368000000", "incomeBeforeTax": "44866000000", "incomeTaxExpense": "8435000000", "interestAndDebtExpense": "None", "netIncomeFromContinuingOperations": "36431000000", "comprehensiveIncomeNetOfTax": "None", "ebit": "49952000000", "ebitda": "58320000000", "netIncome": "36431000000"}, {"fiscalDateEnding": "2018-12-31", "reportedCurrency": "USD", "grossProfit": "108783000000", "totalRevenue": "108783000000", "costOfRevenue": "27254000000", "costofGoodsAndServicesSold": "27254000000", "operatingIncome": "46327000000", "sellingGeneralAndAdministrative": "33117000000", "researchAndDevelopment": "None", "operatingExpenses": "62980000000", "investmentIncomeNet": "None", "netInterestIncome": "55059000000", "interestIncome": "77442000000", "interestExpense": "21041000000", "nonInterestIncome": "None", "otherNonOperatingIncome": "None", "depreciation": "None", "depreciationAndAmortization": "7791000000", "incomeBeforeTax": "40764000000", "incomeTaxExpense": "8290000000", "interestAndDebtExpense": "None", "netIncomeFromContinuingOperations": "32474000000", "comprehensiveIncomeNetOfTax": "None", "ebit": "46327000000", "ebitda": "54118000000", "netIncome": "32474000000"}, {"fiscalDateEnding": "2017-12-31", "reportedCurrency": "USD", "grossProfit": "100705000000", "totalRevenue": "100705000000", "costOfRevenue": "19565000000", "costofGoodsAndServicesSold": "19565000000", "operatingIncome": "41309000000", "sellingGeneralAndAdministrative": "31208000000", "researchAndDevelopment": "0", "operatingExpenses": "58845000000", "investmentIncomeNet": "None", "netInterestIncome": "50097000000", "interestIncome": "64372000000", "interestExpense": "13874000000", "nonInterestIncome": "None", "otherNonOperatingIncome": "None", "depreciation": "None", "depreciationAndAmortization": "6179000000", "incomeBeforeTax": "35900000000", "incomeTaxExpense": "11459000000", "interestAndDebtExpense": "None", "netIncomeFromContinuingOperations": "24441000000", "comprehensiveIncomeNetOfTax": "None", "ebit": "41309000000", "ebitda": "47488000000", "netIncome": "24441000000"}, {"fiscalDateEnding": "2016-12-31", "reportedCurrency": "USD", "grossProfit": "96569000000", "totalRevenue": "96569000000", "costOfRevenue": "15179000000", "costofGoodsAndServicesSold": "15179000000", "operatingIncome": "40091000000", "sellingGeneralAndAdministrative": "30203000000", "researchAndDevelopment": "0", "operatingExpenses": "56672000000", "investmentIncomeNet": "None", "netInterestIncome": "46083000000", "interestIncome": "55901000000", "interestExpense": "9818000000", "nonInterestIncome": "None", "otherNonOperatingIncome": "None", "depreciation": "None", "depreciationAndAmortization": "5478000000", "incomeBeforeTax": "34536000000", "incomeTaxExpense": "9803000000", "interestAndDebtExpense": "None", "netIncomeFromContinuingOperations": "24733000000", "comprehensiveIncomeNetOfTax": "None", "ebit": "40091000000", "ebitda": "45569000000", "netIncome": "24733000000"}, {"fiscalDateEnding": "2015-12-31", "reportedCurrency": "USD", "grossProfit": "93543000000", "totalRevenue": "93543000000", "costOfRevenue": "11290000000", "costofGoodsAndServicesSold": "11290000000", "operatingIncome": "39782000000", "sellingGeneralAndAdministrative": "29750000000", "researchAndDevelopment": "0", "operatingExpenses": "58500000000", "investmentIncomeNet": "None", "netInterestIncome": "43510000000", "interestIncome": "50973000000", "interestExpense": "7463000000", "nonInterestIncome": "None", "otherNonOperatingIncome": "None", "depreciation": "None", "depreciationAndAmortization": "4940000000", "incomeBeforeTax": "30702000000", "incomeTaxExpense": "6260000000", "interestAndDebtExpense": "None", "netIncomeFromContinuingOperations": "24442000000", "comprehensiveIncomeNetOfTax": "None", "ebit": "39782000000", "ebitda": "44722000000", "netIncome": "24442000000"}, {"fiscalDateEnding": "2014-12-31", "reportedCurrency": "USD", "grossProfit": "95112000000", "totalRevenue": "95112000000", "costOfRevenue": "11036000000", "costofGoodsAndServicesSold": "11036000000", "operatingIncome": "41845000000", "sellingGeneralAndAdministrative": "30160000000", "researchAndDevelopment": "0", "operatingExpenses": "61274000000", "investmentIncomeNet": "None", "netInterestIncome": "None", "interestIncome": "None", "interestExpense": "7897000000", "nonInterestIncome": "None", "otherNonOperatingIncome": "None", "depreciation": "None", "depreciationAndAmortization": "4759000000", "incomeBeforeTax": "30699000000", "incomeTaxExpense": "8954000000", "interestAndDebtExpense": "None", "netIncomeFromContinuingOperations": "21762000000", "comprehensiveIncomeNetOfTax": "None", "ebit": "41845000000", "ebitda": "46604000000", "netIncome": "21745000000"}, {"fiscalDateEnding": "2013-12-31", "reportedCurrency": "USD", "grossProfit": "97367000000", "totalRevenue": "97367000000", "costOfRevenue": "9902000000", "costofGoodsAndServicesSold": "9902000000", "operatingIncome": "47073000000", "sellingGeneralAndAdministrative": "30810000000", "researchAndDevelopment": "0", "operatingExpenses": "70467000000", "investmentIncomeNet": "None", "netInterestIncome": "None", "interestIncome": "None", "interestExpense": "9350000000", "nonInterestIncome": "None", "otherNonOperatingIncome": "None", "depreciation": "None", "depreciationAndAmortization": "5306000000", "incomeBeforeTax": "26675000000", "incomeTaxExpense": "8789000000", "interestAndDebtExpense": "None", "netIncomeFromContinuingOperations": "33905000000", "comprehensiveIncomeNetOfTax": "None", "ebit": "47073000000", "ebitda": "52379000000", "netIncome": "17886000000"}, {"fiscalDateEnding": "2012-12-31", "reportedCurrency": "USD", "grossProfit": "97031000000", "totalRevenue": "97031000000", "costOfRevenue": "14538000000", "costofGoodsAndServicesSold": "14538000000", "operatingIncome": "31929000000", "sellingGeneralAndAdministrative": "30585000000", "researchAndDevelopment": "0", "operatingExpenses": "62741000000", "investmentIncomeNet": "None", "netInterestIncome": "None", "interestIncome": "None", "interestExpense": "11043000000", "nonInterestIncome": "None", "otherNonOperatingIncome": "None", "depreciation": "None", "depreciationAndAmortization": "5147000000", "incomeBeforeTax": "28917000000", "incomeTaxExpense": "7633000000", "interestAndDebtExpense": "None", "netIncomeFromContinuingOperations": "36550000000", "comprehensiveIncomeNetOfTax": "None", "ebit": "28917000000", "ebitda": "34064000000", "netIncome": "19877000000"}, {"fiscalDateEnding": "2011-12-31", "reportedCurrency": "USD", "grossProfit": "97234000000", "totalRevenue": "97234000000", "costOfRevenue": "21178000000", "costofGoodsAndServicesSold": "21178000000", "operatingIncome": "44610000000", "sellingGeneralAndAdministrative": "29037000000", "researchAndDevelopment": "0", "operatingExpenses": "52624000000", "investmentIncomeNet": "None", "netInterestIncome": "None", "interestIncome": "None", "interestExpense": "13604000000", "nonInterestIncome": "None", "otherNonOperatingIncome": "None", "depreciation": "None", "depreciationAndAmortization": "5105000000", "incomeBeforeTax": "26749000000", "incomeTaxExpense": "7773000000", "interestAndDebtExpense": "None", "netIncomeFromContinuingOperations": "18976000000", "comprehensiveIncomeNetOfTax": "None", "ebit": "44610000000", "ebitda": "49715000000", "netIncome": "18976000000"}, {"fiscalDateEnding": "2010-12-31", "reportedCurrency": "USD", "grossProfit": "102694000000", "totalRevenue": "102694000000", "costOfRevenue": "29420000000", "costofGoodsAndServicesSold": "29420000000", "operatingIncome": "41669000000", "sellingGeneralAndAdministrative": "28124000000", "researchAndDevelopment": "0", "operatingExpenses": "61025000000", "investmentIncomeNet": "None", "netInterestIncome": "None", "interestIncome": "None", "interestExpense": "12781000000", "nonInterestIncome": "None", "otherNonOperatingIncome": "None", "depreciation": "None", "depreciationAndAmortization": "4965000000", "incomeBeforeTax": "24859000000", "incomeTaxExpense": "7489000000", "interestAndDebtExpense": "None", "netIncomeFromContinuingOperations": "17370000000", "comprehensiveIncomeNetOfTax": "None", "ebit": "41669000000", "ebitda": "46634000000", "netIncome": "17370000000"}, {"fiscalDateEnding": "2009-12-31", "reportedCurrency": "USD", "grossProfit": "100434000000", "totalRevenue": "100434000000", "costOfRevenue": "47213000000", "costofGoodsAndServicesSold": "47213000000", "operatingIncome": "34124000000", "sellingGeneralAndAdministrative": "26928000000", "researchAndDevelopment": "0", "operatingExpenses": "66310000000", "investmentIncomeNet": "None", "netInterestIncome": "None", "interestIncome": "None", "interestExpense": "15198000000", "nonInterestIncome": "None", "otherNonOperatingIncome": "None", "depreciation": "None", "depreciationAndAmortization": "4358000000", "incomeBeforeTax": "16067000000", "incomeTaxExpense": "4415000000", "interestAndDebtExpense": "None", "netIncomeFromContinuingOperations": "11652000000", "comprehensiveIncomeNetOfTax": "None", "ebit": "34124000000", "ebitda": "38482000000", "netIncome": "11728000000"}, {"fiscalDateEnding": "2008-12-31", "reportedCurrency": "USD", "grossProfit": "67252000000", "totalRevenue": "67252000000", "costOfRevenue": "55218000000", "costofGoodsAndServicesSold": "55218000000", "operatingIncome": "42061000000", "sellingGeneralAndAdministrative": "22746000000", "researchAndDevelopment": "None", "operatingExpenses": "25191000000", "investmentIncomeNet": "None", "netInterestIncome": "None", "interestIncome": "None", "interestExpense": "34239000000", "nonInterestIncome": "None", "otherNonOperatingIncome": "None", "depreciation": "None", "depreciationAndAmortization": "4528000000", "incomeBeforeTax": "2773000000", "incomeTaxExpense": "-926000000", "interestAndDebtExpense": "None", "netIncomeFromContinuingOperations": "None", "comprehensiveIncomeNetOfTax": "None", "ebit": "42061000000", "ebitda": "46589000000", "netIncome": "5605000000"}, {"fiscalDateEnding": "2007-12-31", "reportedCurrency": "USD", "grossProfit": "71372000000", "totalRevenue": "71372000000", "costOfRevenue": "51845000000", "costofGoodsAndServicesSold": "51845000000", "operatingIncome": "67786000000", "sellingGeneralAndAdministrative": "22689000000", "researchAndDevelopment": "None", "operatingExpenses": "3586000000", "investmentIncomeNet": "None", "netInterestIncome": "None", "interestIncome": "None", "interestExpense": "44981000000", "nonInterestIncome": "None", "otherNonOperatingIncome": "None", "depreciation": "None", "depreciationAndAmortization": "3821000000", "incomeBeforeTax": "22805000000", "incomeTaxExpense": "7440000000", "interestAndDebtExpense": "None", "netIncomeFromContinuingOperations": "None", "comprehensiveIncomeNetOfTax": "None", "ebit": "67786000000", "ebitda": "71607000000", "netIncome": "15365000000"}, {"fiscalDateEnding": "2006-12-31", "reportedCurrency": "USD", "grossProfit": "61999000000", "totalRevenue": "61999000000", "costOfRevenue": "41135000000", "costofGoodsAndServicesSold": "41135000000", "operatingIncome": "58546000000", "sellingGeneralAndAdministrative": "21191000000", "researchAndDevelopment": "None", "operatingExpenses": "2891000000", "investmentIncomeNet": "None", "netInterestIncome": "None", "interestIncome": "None", "interestExpense": "37865000000", "nonInterestIncome": "None", "otherNonOperatingIncome": "None", "depreciation": "None", "depreciationAndAmortization": "3577000000", "incomeBeforeTax": "19886000000", "incomeTaxExpense": "6237000000", "interestAndDebtExpense": "None", "netIncomeFromContinuingOperations": "None", "comprehensiveIncomeNetOfTax": "None", "ebit": "58546000000", "ebitda": "62123000000", "netIncome": "14444000000"}, {"fiscalDateEnding": "2005-12-31", "reportedCurrency": "USD", "grossProfit": "54248000000", "totalRevenue": "54248000000", "costOfRevenue": "28852000000", "costofGoodsAndServicesSold": "28852000000", "operatingIncome": "37584000000", "sellingGeneralAndAdministrative": "18065000000", "researchAndDevelopment": "None", "operatingExpenses": "16949000000", "investmentIncomeNet": "None", "netInterestIncome": "None", "interestIncome": "None", "interestExpense": "25520000000", "nonInterestIncome": "None", "otherNonOperatingIncome": "None", "depreciation": "None", "depreciationAndAmortization": "4318000000", "incomeBeforeTax": "12215000000", "incomeTaxExpense": "3732000000", "interestAndDebtExpense": "None", "netIncomeFromContinuingOperations": "None", "comprehensiveIncomeNetOfTax": "None", "ebit": "37584000000", "ebitda": "41902000000", "netIncome": "8483000000"}], "quarterlyReports": [{"fiscalDateEnding": "2025-03-31", "reportedCurrency": "None", "grossProfit": "45310000000", "totalRevenue": "68890000000", "costOfRevenue": "23580000000", "costofGoodsAndServicesSold": "23580000000", "operatingIncome": "18408000000", "sellingGeneralAndAdministrative": "14932000000", "researchAndDevelopment": "2578000000", "operatingExpenses": "26902000000", "investmentIncomeNet": "None", "netInterestIncome": "None", "interestIncome": "None", "interestExpense": "23580000000", "nonInterestIncome": "None", "otherNonOperatingIncome": "None", "depreciation": "None", "depreciationAndAmortization": "None", "incomeBeforeTax": "18408000000", "incomeTaxExpense": "3765000000", "interestAndDebtExpense": "None", "netIncomeFromContinuingOperations": "None", "comprehensiveIncomeNetOfTax": "None", "ebit": "None", "ebitda": "18408000000", "netIncome": "14643000000"}, {"fiscalDateEnding": "2024-12-31", "reportedCurrency": "USD", "grossProfit": "42768000000", "totalRevenue": "42768000000", "costOfRevenue": "None", "costofGoodsAndServicesSold": "None", "operatingIncome": "19501000000", "sellingGeneralAndAdministrative": "5523000000", "researchAndDevelopment": "None", "operatingExpenses": "20636000000", "investmentIncomeNet": "None", "netInterestIncome": "23350000000", "interestIncome": "47566000000", "interestExpense": "24216000000", "nonInterestIncome": "None", "otherNonOperatingIncome": "None", "depreciation": "None", "depreciationAndAmortization": "1890000000", "incomeBeforeTax": "17375000000", "incomeTaxExpense": "3370000000", "interestAndDebtExpense": "None", "netIncomeFromContinuingOperations": "14005000000", "comprehensiveIncomeNetOfTax": "None", "ebit": "17611000000", "ebitda": "19501000000", "netIncome": "14005000000"}, {"fiscalDateEnding": "2024-09-30", "reportedCurrency": "USD", "grossProfit": "42656000000", "totalRevenue": "42656000000", "costOfRevenue": "594000000", "costofGoodsAndServicesSold": "594000000", "operatingIncome": "37691000000", "sellingGeneralAndAdministrative": "5227000000", "researchAndDevelopment": "None", "operatingExpenses": "20560000000", "investmentIncomeNet": "None", "netInterestIncome": "23405000000", "interestIncome": "50416000000", "interestExpense": "27011000000", "nonInterestIncome": "None", "otherNonOperatingIncome": "None", "depreciation": "None", "depreciationAndAmortization": "None", "incomeBeforeTax": "16978000000", "incomeTaxExpense": "4080000000", "interestAndDebtExpense": "None", "netIncomeFromContinuingOperations": "12898000000", "comprehensiveIncomeNetOfTax": "None", "ebit": "None", "ebitda": "16978000000", "netIncome": "12898000000"}, {"fiscalDateEnding": "2024-06-30", "reportedCurrency": "USD", "grossProfit": "50058000000", "totalRevenue": "50058000000", "costOfRevenue": "3695000000", "costofGoodsAndServicesSold": "3695000000", "operatingIncome": "26438000000", "sellingGeneralAndAdministrative": "12953000000", "researchAndDevelopment": "None", "operatingExpenses": "23713000000", "investmentIncomeNet": "None", "netInterestIncome": "22746000000", "interestIncome": "48513000000", "interestExpense": "25767000000", "nonInterestIncome": "None", "otherNonOperatingIncome": "None", "depreciation": "None", "depreciationAndAmortization": "2002000000", "incomeBeforeTax": "23435000000", "incomeTaxExpense": "5286000000", "interestAndDebtExpense": "None", "netIncomeFromContinuingOperations": "18149000000", "comprehensiveIncomeNetOfTax": "None", "ebit": "43282000000", "ebitda": "45284000000", "netIncome": "18149000000"}, {"fiscalDateEnding": "2024-03-31", "reportedCurrency": "USD", "grossProfit": "41908000000", "totalRevenue": "41908000000", "costOfRevenue": "3632000000", "costofGoodsAndServicesSold": "3632000000", "operatingIncome": "19608000000", "sellingGeneralAndAdministrative": "13366000000", "researchAndDevelopment": "None", "operatingExpenses": "22757000000", "investmentIncomeNet": "None", "netInterestIncome": "23082000000", "interestIncome": "47438000000", "interestExpense": "24356000000", "nonInterestIncome": "None", "otherNonOperatingIncome": "None", "depreciation": "None", "depreciationAndAmortization": "2004000000", "incomeBeforeTax": "17293000000", "incomeTaxExpense": "3874000000", "interestAndDebtExpense": "None", "netIncomeFromContinuingOperations": "13419000000", "comprehensiveIncomeNetOfTax": "None", "ebit": "35138000000", "ebitda": "37142000000", "netIncome": "13419000000"}, {"fiscalDateEnding": "2023-12-31", "reportedCurrency": "USD", "grossProfit": "38600000000", "totalRevenue": "38600000000", "costOfRevenue": "None", "costofGoodsAndServicesSold": "None", "operatingIncome": "16130000000", "sellingGeneralAndAdministrative": "11847000000", "researchAndDevelopment": "None", "operatingExpenses": "27286000000", "investmentIncomeNet": "None", "netInterestIncome": "24051000000", "interestIncome": "47384000000", "interestExpense": "23333000000", "nonInterestIncome": "None", "otherNonOperatingIncome": "None", "depreciation": "None", "depreciationAndAmortization": "3337000000", "incomeBeforeTax": "11326000000", "incomeTaxExpense": "2019000000", "interestAndDebtExpense": "None", "netIncomeFromContinuingOperations": "9307000000", "comprehensiveIncomeNetOfTax": "None", "ebit": "16130000000", "ebitda": "19467000000", "netIncome": "9307000000"}, {"fiscalDateEnding": "2023-09-30", "reportedCurrency": "USD", "grossProfit": "39761000000", "totalRevenue": "39761000000", "costOfRevenue": "3583000000", "costofGoodsAndServicesSold": "3583000000", "operatingIncome": "19335000000", "sellingGeneralAndAdministrative": "11726000000", "researchAndDevelopment": "None", "operatingExpenses": "21657000000", "investmentIncomeNet": "None", "netInterestIncome": "22726000000", "interestIncome": "44556000000", "interestExpense": "21830000000", "nonInterestIncome": "None", "otherNonOperatingIncome": "None", "depreciation": "None", "depreciationAndAmortization": "2019000000", "incomeBeforeTax": "16733000000", "incomeTaxExpense": "3582000000", "interestAndDebtExpense": "None", "netIncomeFromContinuingOperations": "13151000000", "comprehensiveIncomeNetOfTax": "None", "ebit": "33146000000", "ebitda": "35165000000", "netIncome": "13151000000"}, {"fiscalDateEnding": "2023-06-30", "reportedCurrency": "USD", "grossProfit": "38582000000", "totalRevenue": "38582000000", "costOfRevenue": "3337000000", "costofGoodsAndServicesSold": "3337000000", "operatingIncome": "17460000000", "sellingGeneralAndAdministrative": "11216000000", "researchAndDevelopment": "None", "operatingExpenses": "18122000000", "investmentIncomeNet": "None", "netInterestIncome": "21779000000", "interestIncome": "41644000000", "interestExpense": "19865000000", "nonInterestIncome": "None", "otherNonOperatingIncome": "None", "depreciation": "None", "depreciationAndAmortization": "507000000", "incomeBeforeTax": "17586000000", "incomeTaxExpense": "3114000000", "interestAndDebtExpense": "None", "netIncomeFromContinuingOperations": "14472000000", "comprehensiveIncomeNetOfTax": "None", "ebit": "36341000000", "ebitda": "36848000000", "netIncome": "14472000000"}, {"fiscalDateEnding": "2023-03-31", "reportedCurrency": "USD", "grossProfit": "38348000000", "totalRevenue": "38348000000", "costOfRevenue": "3299000000", "costofGoodsAndServicesSold": "3299000000", "operatingIncome": "17606000000", "sellingGeneralAndAdministrative": "11993000000", "researchAndDevelopment": "None", "operatingExpenses": "20107000000", "investmentIncomeNet": "None", "netInterestIncome": "20711000000", "interestIncome": "37004000000", "interestExpense": "16293000000", "nonInterestIncome": "None", "otherNonOperatingIncome": "None", "depreciation": "None", "depreciationAndAmortization": "1649000000", "incomeBeforeTax": "15967000000", "incomeTaxExpense": "3345000000", "interestAndDebtExpense": "None", "netIncomeFromContinuingOperations": "12622000000", "comprehensiveIncomeNetOfTax": "None", "ebit": "32356000000", "ebitda": "34005000000", "netIncome": "12622000000"}, {"fiscalDateEnding": "2022-12-31", "reportedCurrency": "USD", "grossProfit": "32259000000", "totalRevenue": "34547000000", "costOfRevenue": "None", "costofGoodsAndServicesSold": "None", "operatingIncome": "11155000000", "sellingGeneralAndAdministrative": "4908000000", "researchAndDevelopment": "None", "operatingExpenses": "-19022000000", "investmentIncomeNet": "None", "netInterestIncome": "20192000000", "interestIncome": "33054000000", "interestExpense": "12862000000", "nonInterestIncome": "None", "otherNonOperatingIncome": "None", "depreciation": "None", "depreciationAndAmortization": "1671000000", "incomeBeforeTax": "13237000000", "incomeTaxExpense": "2229000000", "interestAndDebtExpense": "None", "netIncomeFromContinuingOperations": "11008000000", "comprehensiveIncomeNetOfTax": "None", "ebit": "11155000000", "ebitda": "12826000000", "netIncome": "11008000000"}, {"fiscalDateEnding": "2022-09-30", "reportedCurrency": "USD", "grossProfit": "32702000000", "totalRevenue": "32702000000", "costOfRevenue": "3528000000", "costofGoodsAndServicesSold": "3528000000", "operatingIncome": "13614000000", "sellingGeneralAndAdministrative": "4847000000", "researchAndDevelopment": "None", "operatingExpenses": "17565000000", "investmentIncomeNet": "None", "netInterestIncome": "17518000000", "interestIncome": "25611000000", "interestExpense": "8093000000", "nonInterestIncome": "None", "otherNonOperatingIncome": "None", "depreciation": "None", "depreciationAndAmortization": "1771000000", "incomeBeforeTax": "12001000000", "incomeTaxExpense": "2264000000", "interestAndDebtExpense": "None", "netIncomeFromContinuingOperations": "9737000000", "comprehensiveIncomeNetOfTax": "None", "ebit": "26400000000", "ebitda": "28171000000", "netIncome": "9737000000"}, {"fiscalDateEnding": "2022-06-30", "reportedCurrency": "USD", "grossProfit": "30709000000", "totalRevenue": "30709000000", "costOfRevenue": "3505000000", "costofGoodsAndServicesSold": "3505000000", "operatingIncome": "12458000000", "sellingGeneralAndAdministrative": "10301000000", "researchAndDevelopment": "None", "operatingExpenses": "18749000000", "investmentIncomeNet": "None", "netInterestIncome": "15128000000", "interestIncome": "18646000000", "interestExpense": "3518000000", "nonInterestIncome": "None", "otherNonOperatingIncome": "None", "depreciation": "None", "depreciationAndAmortization": "1789000000", "incomeBeforeTax": "10865000000", "incomeTaxExpense": "2216000000", "interestAndDebtExpense": "None", "netIncomeFromContinuingOperations": "8649000000", "comprehensiveIncomeNetOfTax": "None", "ebit": "24540000000", "ebitda": "26329000000", "netIncome": "8649000000"}, {"fiscalDateEnding": "2022-03-31", "reportedCurrency": "USD", "grossProfit": "30718000000", "totalRevenue": "30718000000", "costOfRevenue": "3494000000", "costofGoodsAndServicesSold": "3494000000", "operatingIncome": "11481000000", "sellingGeneralAndAdministrative": "10787000000", "researchAndDevelopment": "None", "operatingExpenses": "19191000000", "investmentIncomeNet": "None", "netInterestIncome": "13872000000", "interestIncome": "15496000000", "interestExpense": "1624000000", "nonInterestIncome": "None", "otherNonOperatingIncome": "None", "depreciation": "None", "depreciationAndAmortization": "1820000000", "incomeBeforeTax": "10063000000", "incomeTaxExpense": "1781000000", "interestAndDebtExpense": "None", "netIncomeFromContinuingOperations": "8282000000", "comprehensiveIncomeNetOfTax": "None", "ebit": "24483000000", "ebitda": "26303000000", "netIncome": "8282000000"}, {"fiscalDateEnding": "2021-12-31", "reportedCurrency": "USD", "grossProfit": "29288000000", "totalRevenue": "29288000000", "costOfRevenue": "9814000000", "costofGoodsAndServicesSold": "9814000000", "operatingIncome": "14160000000", "sellingGeneralAndAdministrative": "9065000000", "researchAndDevelopment": "None", "operatingExpenses": "17881000000", "investmentIncomeNet": "None", "netInterestIncome": "13601000000", "interestIncome": "15019000000", "interestExpense": "1418000000", "nonInterestIncome": "None", "otherNonOperatingIncome": "None", "depreciation": "None", "depreciationAndAmortization": "1931000000", "incomeBeforeTax": "12657000000", "incomeTaxExpense": "2258000000", "interestAndDebtExpense": "None", "netIncomeFromContinuingOperations": "10399000000", "comprehensiveIncomeNetOfTax": "None", "ebit": "14160000000", "ebitda": "16091000000", "netIncome": "10399000000"}, {"fiscalDateEnding": "2021-09-30", "reportedCurrency": "USD", "grossProfit": "29661000000", "totalRevenue": "29661000000", "costOfRevenue": "3582000000", "costofGoodsAndServicesSold": "3582000000", "operatingIncome": "15270000000", "sellingGeneralAndAdministrative": "9087000000", "researchAndDevelopment": "None", "operatingExpenses": "17063000000", "investmentIncomeNet": "None", "netInterestIncome": "13080000000", "interestIncome": "14480000000", "interestExpense": "1400000000", "nonInterestIncome": "None", "otherNonOperatingIncome": "None", "depreciation": "None", "depreciationAndAmortization": "1928000000", "incomeBeforeTax": "14111000000", "incomeTaxExpense": "2424000000", "interestAndDebtExpense": "None", "netIncomeFromContinuingOperations": "11687000000", "comprehensiveIncomeNetOfTax": "None", "ebit": "23425000000", "ebitda": "25353000000", "netIncome": "11687000000"}, {"fiscalDateEnding": "2021-06-30", "reportedCurrency": "USD", "grossProfit": "30486000000", "totalRevenue": "30486000000", "costOfRevenue": "3578000000", "costofGoodsAndServicesSold": "3578000000", "operatingIncome": "16361000000", "sellingGeneralAndAdministrative": "9814000000", "researchAndDevelopment": "None", "operatingExpenses": "17667000000", "investmentIncomeNet": "None", "netInterestIncome": "12741000000", "interestIncome": "14094000000", "interestExpense": "1353000000", "nonInterestIncome": "None", "otherNonOperatingIncome": "None", "depreciation": "None", "depreciationAndAmortization": "2003000000", "incomeBeforeTax": "15097000000", "incomeTaxExpense": "3149000000", "interestAndDebtExpense": "None", "netIncomeFromContinuingOperations": "11948000000", "comprehensiveIncomeNetOfTax": "None", "ebit": "24272000000", "ebitda": "26275000000", "netIncome": "11948000000"}, {"fiscalDateEnding": "2021-03-31", "reportedCurrency": "USD", "grossProfit": "32250000000", "totalRevenue": "32250000000", "costOfRevenue": "3634000000", "costofGoodsAndServicesSold": "3634000000", "operatingIncome": "19233000000", "sellingGeneralAndAdministrative": "10601000000", "researchAndDevelopment": "None", "operatingExpenses": "18725000000", "investmentIncomeNet": "None", "netInterestIncome": "12889000000", "interestIncome": "14271000000", "interestExpense": "1382000000", "nonInterestIncome": "None", "otherNonOperatingIncome": "None", "depreciation": "None", "depreciationAndAmortization": "2070000000", "incomeBeforeTax": "17697000000", "incomeTaxExpense": "3397000000", "interestAndDebtExpense": "None", "netIncomeFromContinuingOperations": "14300000000", "comprehensiveIncomeNetOfTax": "None", "ebit": "25811000000", "ebitda": "27881000000", "netIncome": "14300000000"}, {"fiscalDateEnding": "2020-12-31", "reportedCurrency": "USD", "grossProfit": "29266000000", "totalRevenue": "29266000000", "costOfRevenue": "None", "costofGoodsAndServicesSold": "None", "operatingIncome": "16519000000", "sellingGeneralAndAdministrative": "7954000000", "researchAndDevelopment": "None", "operatingExpenses": "16048000000", "investmentIncomeNet": "None", "netInterestIncome": "13258000000", "interestIncome": "14550000000", "interestExpense": "1292000000", "nonInterestIncome": "None", "otherNonOperatingIncome": "None", "depreciation": "None", "depreciationAndAmortization": "2127000000", "incomeBeforeTax": "15176000000", "incomeTaxExpense": "3040000000", "interestAndDebtExpense": "None", "netIncomeFromContinuingOperations": "12136000000", "comprehensiveIncomeNetOfTax": "None", "ebit": "16519000000", "ebitda": "18646000000", "netIncome": "12136000000"}, {"fiscalDateEnding": "2020-09-30", "reportedCurrency": "USD", "grossProfit": "29158000000", "totalRevenue": "29158000000", "costOfRevenue": "3706000000", "costofGoodsAndServicesSold": "3706000000", "operatingIncome": "13660000000", "sellingGeneralAndAdministrative": "8630000000", "researchAndDevelopment": "None", "operatingExpenses": "16875000000", "investmentIncomeNet": "None", "netInterestIncome": "13013000000", "interestIncome": "14700000000", "interestExpense": "1687000000", "nonInterestIncome": "None", "otherNonOperatingIncome": "None", "depreciation": "None", "depreciationAndAmortization": "2141000000", "incomeBeforeTax": "11769000000", "incomeTaxExpense": "2326000000", "interestAndDebtExpense": "None", "netIncomeFromContinuingOperations": "9443000000", "comprehensiveIncomeNetOfTax": "None", "ebit": "22830000000", "ebitda": "24971000000", "netIncome": "9443000000"}, {"fiscalDateEnding": "2020-06-30", "reportedCurrency": "USD", "grossProfit": "33071000000", "totalRevenue": "33071000000", "costOfRevenue": "3670000000", "costofGoodsAndServicesSold": "3670000000", "operatingIncome": "6943000000", "sellingGeneralAndAdministrative": "9509000000", "researchAndDevelopment": "None", "operatingExpenses": "16942000000", "investmentIncomeNet": "None", "netInterestIncome": "13853000000", "interestIncome": "16112000000", "interestExpense": "2259000000", "nonInterestIncome": "None", "otherNonOperatingIncome": "None", "depreciation": "None", "depreciationAndAmortization": "2149000000", "incomeBeforeTax": "5660000000", "incomeTaxExpense": "973000000", "interestAndDebtExpense": "None", "netIncomeFromContinuingOperations": "4687000000", "comprehensiveIncomeNetOfTax": "None", "ebit": "26680000000", "ebitda": "28829000000", "netIncome": "4687000000"}, {"fiscalDateEnding": "2020-03-31", "reportedCurrency": "USD", "grossProfit": "28277000000", "totalRevenue": "28277000000", "costOfRevenue": "3644000000", "costofGoodsAndServicesSold": "3644000000", "operatingIncome": "4634000000", "sellingGeneralAndAdministrative": "8895000000", "researchAndDevelopment": "None", "operatingExpenses": "16791000000", "investmentIncomeNet": "None", "netInterestIncome": "14439000000", "interestIncome": "19161000000", "interestExpense": "4722000000", "nonInterestIncome": "None", "otherNonOperatingIncome": "None", "depreciation": "None", "depreciationAndAmortization": "2197000000", "incomeBeforeTax": "3210000000", "incomeTaxExpense": "345000000", "interestAndDebtExpense": "None", "netIncomeFromContinuingOperations": "2865000000", "comprehensiveIncomeNetOfTax": "None", "ebit": "21551000000", "ebitda": "23748000000", "netIncome": "2865000000"}, {"fiscalDateEnding": "2019-12-31", "reportedCurrency": "USD", "grossProfit": "28331000000", "totalRevenue": "28331000000", "costOfRevenue": "None", "costofGoodsAndServicesSold": "None", "operatingIncome": "12027000000", "sellingGeneralAndAdministrative": "8088000000", "researchAndDevelopment": "None", "operatingExpenses": "16292000000", "investmentIncomeNet": "None", "netInterestIncome": "14166000000", "interestIncome": "19927000000", "interestExpense": "5761000000", "nonInterestIncome": "None", "otherNonOperatingIncome": "None", "depreciation": "None", "depreciationAndAmortization": "2139000000", "incomeBeforeTax": "10565000000", "incomeTaxExpense": "2045000000", "interestAndDebtExpense": "None", "netIncomeFromContinuingOperations": "8520000000", "comprehensiveIncomeNetOfTax": "None", "ebit": "12027000000", "ebitda": "14166000000", "netIncome": "8520000000"}, {"fiscalDateEnding": "2019-09-30", "reportedCurrency": "USD", "grossProfit": "29291000000", "totalRevenue": "29291000000", "costOfRevenue": "3604000000", "costofGoodsAndServicesSold": "3604000000", "operatingIncome": "12639000000", "sellingGeneralAndAdministrative": "8583000000", "researchAndDevelopment": "None", "operatingExpenses": "16372000000", "investmentIncomeNet": "None", "netInterestIncome": "14228000000", "interestIncome": "21121000000", "interestExpense": "6893000000", "nonInterestIncome": "None", "otherNonOperatingIncome": "None", "depreciation": "None", "depreciationAndAmortization": "2145000000", "incomeBeforeTax": "11405000000", "incomeTaxExpense": "2325000000", "interestAndDebtExpense": "None", "netIncomeFromContinuingOperations": "9080000000", "comprehensiveIncomeNetOfTax": "None", "ebit": "22647000000", "ebitda": "24792000000", "netIncome": "9080000000"}, {"fiscalDateEnding": "2019-06-30", "reportedCurrency": "USD", "grossProfit": "28747000000", "totalRevenue": "28747000000", "costOfRevenue": "3438000000", "costofGoodsAndServicesSold": "3438000000", "operatingIncome": "12624000000", "sellingGeneralAndAdministrative": "8547000000", "researchAndDevelopment": "None", "operatingExpenses": "16256000000", "investmentIncomeNet": "None", "netInterestIncome": "14398000000", "interestIncome": "21603000000", "interestExpense": "7205000000", "nonInterestIncome": "None", "otherNonOperatingIncome": "None", "depreciation": "None", "depreciationAndAmortization": "2046000000", "incomeBeforeTax": "11342000000", "incomeTaxExpense": "1690000000", "interestAndDebtExpense": "None", "netIncomeFromContinuingOperations": "9652000000", "comprehensiveIncomeNetOfTax": "None", "ebit": "22486000000", "ebitda": "24532000000", "netIncome": "9652000000"}, {"fiscalDateEnding": "2019-03-31", "reportedCurrency": "USD", "grossProfit": "29123000000", "totalRevenue": "29123000000", "costOfRevenue": "3432000000", "costofGoodsAndServicesSold": "3432000000", "operatingIncome": "12341000000", "sellingGeneralAndAdministrative": "8937000000", "researchAndDevelopment": "None", "operatingExpenses": "16348000000", "investmentIncomeNet": "None", "netInterestIncome": "14453000000", "interestIncome": "21894000000", "interestExpense": "6936000000", "nonInterestIncome": "None", "otherNonOperatingIncome": "None", "depreciation": "None", "depreciationAndAmortization": "2038000000", "incomeBeforeTax": "11233000000", "incomeTaxExpense": "2054000000", "interestAndDebtExpense": "None", "netIncomeFromContinuingOperations": "9179000000", "comprehensiveIncomeNetOfTax": "None", "ebit": "22774000000", "ebitda": "24812000000", "netIncome": "9179000000"}, {"fiscalDateEnding": "2018-12-31", "reportedCurrency": "USD", "grossProfit": "26109000000", "totalRevenue": "26109000000", "costOfRevenue": "8232000000", "costofGoodsAndServicesSold": "8232000000", "operatingIncome": "10085000000", "sellingGeneralAndAdministrative": "7809000000", "researchAndDevelopment": "0", "operatingExpenses": "15546000000", "investmentIncomeNet": "None", "netInterestIncome": "None", "interestIncome": "None", "interestExpense": "6684000000", "nonInterestIncome": "None", "otherNonOperatingIncome": "None", "depreciation": "None", "depreciationAndAmortization": "2075000000", "incomeBeforeTax": "8841000000", "incomeTaxExpense": "1775000000", "interestAndDebtExpense": "None", "netIncomeFromContinuingOperations": "7066000000", "comprehensiveIncomeNetOfTax": "None", "ebit": "10085000000", "ebitda": "12160000000", "netIncome": "7066000000"}, {"fiscalDateEnding": "2018-09-30", "reportedCurrency": "USD", "grossProfit": "27260000000", "totalRevenue": "27260000000", "costOfRevenue": "3233000000", "costofGoodsAndServicesSold": "3233000000", "operatingIncome": "12087000000", "sellingGeneralAndAdministrative": "8108000000", "researchAndDevelopment": "0", "operatingExpenses": "15623000000", "investmentIncomeNet": "None", "netInterestIncome": "None", "interestIncome": "None", "interestExpense": "5531000000", "nonInterestIncome": "None", "otherNonOperatingIncome": "None", "depreciation": "None", "depreciationAndAmortization": "1992000000", "incomeBeforeTax": "10689000000", "incomeTaxExpense": "2309000000", "interestAndDebtExpense": "None", "netIncomeFromContinuingOperations": "8380000000", "comprehensiveIncomeNetOfTax": "None", "ebit": "21237000000", "ebitda": "23229000000", "netIncome": "8380000000"}, {"fiscalDateEnding": "2018-06-30", "reportedCurrency": "USD", "grossProfit": "27753000000", "totalRevenue": "27753000000", "costOfRevenue": "3149000000", "costofGoodsAndServicesSold": "3149000000", "operatingIncome": "12132000000", "sellingGeneralAndAdministrative": "8338000000", "researchAndDevelopment": "0", "operatingExpenses": "15971000000", "investmentIncomeNet": "None", "netInterestIncome": "None", "interestIncome": "None", "interestExpense": "5081000000", "nonInterestIncome": "None", "otherNonOperatingIncome": "None", "depreciation": "None", "depreciationAndAmortization": "1927000000", "incomeBeforeTax": "10572000000", "incomeTaxExpense": "2256000000", "interestAndDebtExpense": "None", "netIncomeFromContinuingOperations": "8316000000", "comprehensiveIncomeNetOfTax": "None", "ebit": "21879000000", "ebitda": "23806000000", "netIncome": "8316000000"}, {"fiscalDateEnding": "2018-03-31", "reportedCurrency": "USD", "grossProfit": "27907000000", "totalRevenue": "27907000000", "costOfRevenue": "2942000000", "costofGoodsAndServicesSold": "2942000000", "operatingIncome": "12017000000", "sellingGeneralAndAdministrative": "8862000000", "researchAndDevelopment": "0", "operatingExpenses": "16080000000", "investmentIncomeNet": "None", "netInterestIncome": "None", "interestIncome": "None", "interestExpense": "4383000000", "nonInterestIncome": "None", "otherNonOperatingIncome": "None", "depreciation": "None", "depreciationAndAmortization": "1797000000", "incomeBeforeTax": "10662000000", "incomeTaxExpense": "1950000000", "interestAndDebtExpense": "None", "netIncomeFromContinuingOperations": "8712000000", "comprehensiveIncomeNetOfTax": "None", "ebit": "22368000000", "ebitda": "24165000000", "netIncome": "8712000000"}, {"fiscalDateEnding": "2017-12-31", "reportedCurrency": "USD", "grossProfit": "24153000000", "totalRevenue": "24153000000", "costOfRevenue": "5274000000", "costofGoodsAndServicesSold": "5274000000", "operatingIncome": "9703000000", "sellingGeneralAndAdministrative": "7456000000", "researchAndDevelopment": "0", "operatingExpenses": "14870000000", "investmentIncomeNet": "None", "netInterestIncome": "None", "interestIncome": "None", "interestExpense": "3966000000", "nonInterestIncome": "None", "otherNonOperatingIncome": "None", "depreciation": "None", "depreciationAndAmortization": "1632000000", "incomeBeforeTax": "8254000000", "incomeTaxExpense": "4022000000", "interestAndDebtExpense": "None", "netIncomeFromContinuingOperations": "4232000000", "comprehensiveIncomeNetOfTax": "None", "ebit": "9703000000", "ebitda": "11335000000", "netIncome": "4232000000"}, {"fiscalDateEnding": "2017-09-30", "reportedCurrency": "USD", "grossProfit": "25578000000", "totalRevenue": "25578000000", "costOfRevenue": "2902000000", "costofGoodsAndServicesSold": "2902000000", "operatingIncome": "10862000000", "sellingGeneralAndAdministrative": "7697000000", "researchAndDevelopment": "0", "operatingExpenses": "14570000000", "investmentIncomeNet": "None", "netInterestIncome": "None", "interestIncome": "None", "interestExpense": "3889000000", "nonInterestIncome": "None", "otherNonOperatingIncome": "None", "depreciation": "None", "depreciationAndAmortization": "1579000000", "incomeBeforeTax": "9556000000", "incomeTaxExpense": "2824000000", "interestAndDebtExpense": "None", "netIncomeFromContinuingOperations": "6732000000", "comprehensiveIncomeNetOfTax": "None", "ebit": "20135000000", "ebitda": "21714000000", "netIncome": "6732000000"}, {"fiscalDateEnding": "2017-06-30", "reportedCurrency": "USD", "grossProfit": "25086000000", "totalRevenue": "25086000000", "costOfRevenue": "2782000000", "costofGoodsAndServicesSold": "2782000000", "operatingIncome": "10676000000", "sellingGeneralAndAdministrative": "7757000000", "researchAndDevelopment": "0", "operatingExpenses": "14122000000", "investmentIncomeNet": "None", "netInterestIncome": "None", "interestIncome": "None", "interestExpense": "3442000000", "nonInterestIncome": "None", "otherNonOperatingIncome": "None", "depreciation": "None", "depreciationAndAmortization": "1504000000", "incomeBeforeTax": "9749000000", "incomeTaxExpense": "2720000000", "interestAndDebtExpense": "None", "netIncomeFromContinuingOperations": "7029000000", "comprehensiveIncomeNetOfTax": "None", "ebit": "20428000000", "ebitda": "21932000000", "netIncome": "7029000000"}, {"fiscalDateEnding": "2017-03-31", "reportedCurrency": "USD", "grossProfit": "24939000000", "totalRevenue": "24939000000", "costOfRevenue": "2789000000", "costofGoodsAndServicesSold": "2789000000", "operatingIncome": "10068000000", "sellingGeneralAndAdministrative": "8256000000", "researchAndDevelopment": "0", "operatingExpenses": "15283000000", "investmentIncomeNet": "None", "netInterestIncome": "None", "interestIncome": "None", "interestExpense": "2978000000", "nonInterestIncome": "None", "otherNonOperatingIncome": "None", "depreciation": "None", "depreciationAndAmortization": "1464000000", "incomeBeforeTax": "8341000000", "incomeTaxExpense": "1893000000", "interestAndDebtExpense": "None", "netIncomeFromContinuingOperations": "6448000000", "comprehensiveIncomeNetOfTax": "None", "ebit": "19709000000", "ebitda": "21173000000", "netIncome": "6448000000"}, {"fiscalDateEnding": "2016-12-31", "reportedCurrency": "USD", "grossProfit": "23376000000", "totalRevenue": "23376000000", "costOfRevenue": "3577000000", "costofGoodsAndServicesSold": "3577000000", "operatingIncome": "10422000000", "sellingGeneralAndAdministrative": "6872000000", "researchAndDevelopment": "0", "operatingExpenses": "13833000000", "investmentIncomeNet": "None", "netInterestIncome": "None", "interestIncome": "None", "interestExpense": "2713000000", "nonInterestIncome": "None", "otherNonOperatingIncome": "None", "depreciation": "None", "depreciationAndAmortization": "1446000000", "incomeBeforeTax": "8679000000", "incomeTaxExpense": "1952000000", "interestAndDebtExpense": "None", "netIncomeFromContinuingOperations": "6727000000", "comprehensiveIncomeNetOfTax": "None", "ebit": "10422000000", "ebitda": "11868000000", "netIncome": "6727000000"}, {"fiscalDateEnding": "2016-09-30", "reportedCurrency": "USD", "grossProfit": "24673000000", "totalRevenue": "24673000000", "costOfRevenue": "2640000000", "costofGoodsAndServicesSold": "2640000000", "operatingIncome": "10603000000", "sellingGeneralAndAdministrative": "7669000000", "researchAndDevelopment": "0", "operatingExpenses": "14463000000", "investmentIncomeNet": "None", "netInterestIncome": "None", "interestIncome": "None", "interestExpense": "2467000000", "nonInterestIncome": "None", "otherNonOperatingIncome": "None", "depreciation": "None", "depreciationAndAmortization": "1407000000", "incomeBeforeTax": "8939000000", "incomeTaxExpense": "2653000000", "interestAndDebtExpense": "None", "netIncomeFromContinuingOperations": "6286000000", "comprehensiveIncomeNetOfTax": "None", "ebit": "19801000000", "ebitda": "21208000000", "netIncome": "6286000000"}, {"fiscalDateEnding": "2016-06-30", "reportedCurrency": "USD", "grossProfit": "24380000000", "totalRevenue": "24380000000", "costOfRevenue": "2564000000", "costofGoodsAndServicesSold": "2564000000", "operatingIncome": "10264000000", "sellingGeneralAndAdministrative": "7778000000", "researchAndDevelopment": "0", "operatingExpenses": "13638000000", "investmentIncomeNet": "None", "netInterestIncome": "None", "interestIncome": "None", "interestExpense": "2466000000", "nonInterestIncome": "None", "otherNonOperatingIncome": "None", "depreciation": "None", "depreciationAndAmortization": "1336000000", "incomeBeforeTax": "9340000000", "incomeTaxExpense": "3140000000", "interestAndDebtExpense": "None", "netIncomeFromContinuingOperations": "6200000000", "comprehensiveIncomeNetOfTax": "None", "ebit": "19808000000", "ebitda": "21144000000", "netIncome": "6200000000"}, {"fiscalDateEnding": "2016-03-31", "reportedCurrency": "USD", "grossProfit": "23239000000", "totalRevenue": "23239000000", "costOfRevenue": "2501000000", "costofGoodsAndServicesSold": "2501000000", "operatingIncome": "9003000000", "sellingGeneralAndAdministrative": "7660000000", "researchAndDevelopment": "0", "operatingExpenses": "13837000000", "investmentIncomeNet": "None", "netInterestIncome": "None", "interestIncome": "None", "interestExpense": "2172000000", "nonInterestIncome": "None", "otherNonOperatingIncome": "None", "depreciation": "None", "depreciationAndAmortization": "1289000000", "incomeBeforeTax": "7578000000", "incomeTaxExpense": "2058000000", "interestAndDebtExpense": "None", "netIncomeFromContinuingOperations": "5520000000", "comprehensiveIncomeNetOfTax": "None", "ebit": "18746000000", "ebitda": "20035000000", "netIncome": "5520000000"}, {"fiscalDateEnding": "2015-12-31", "reportedCurrency": "USD", "grossProfit": "22371000000", "totalRevenue": "22371000000", "costOfRevenue": "3181000000", "costofGoodsAndServicesSold": "3181000000", "operatingIncome": "9229000000", "sellingGeneralAndAdministrative": "6693000000", "researchAndDevelopment": "0", "operatingExpenses": "13749000000", "investmentIncomeNet": "None", "netInterestIncome": "None", "interestIncome": "None", "interestExpense": "1930000000", "nonInterestIncome": "None", "otherNonOperatingIncome": "None", "depreciation": "None", "depreciationAndAmortization": "1273000000", "incomeBeforeTax": "7371000000", "incomeTaxExpense": "1937000000", "interestAndDebtExpense": "None", "netIncomeFromContinuingOperations": "5434000000", "comprehensiveIncomeNetOfTax": "None", "ebit": "9229000000", "ebitda": "10502000000", "netIncome": "5434000000"}, {"fiscalDateEnding": "2015-09-30", "reportedCurrency": "USD", "grossProfit": "22780000000", "totalRevenue": "22780000000", "costOfRevenue": "2511000000", "costofGoodsAndServicesSold": "2511000000", "operatingIncome": "9787000000", "sellingGeneralAndAdministrative": "7320000000", "researchAndDevelopment": "0", "operatingExpenses": "15368000000", "investmentIncomeNet": "None", "netInterestIncome": "None", "interestIncome": "None", "interestExpense": "1815000000", "nonInterestIncome": "None", "otherNonOperatingIncome": "None", "depreciation": "None", "depreciationAndAmortization": "1248000000", "incomeBeforeTax": "6730000000", "incomeTaxExpense": "74000000", "interestAndDebtExpense": "None", "netIncomeFromContinuingOperations": "6804000000", "comprehensiveIncomeNetOfTax": "None", "ebit": "18317000000", "ebitda": "19565000000", "netIncome": "6804000000"}, {"fiscalDateEnding": "2015-06-30", "reportedCurrency": "USD", "grossProfit": "23812000000", "totalRevenue": "23812000000", "costOfRevenue": "2422000000", "costofGoodsAndServicesSold": "2422000000", "operatingIncome": "10351000000", "sellingGeneralAndAdministrative": "7694000000", "researchAndDevelopment": "0", "operatingExpenses": "14500000000", "investmentIncomeNet": "None", "netInterestIncome": "None", "interestIncome": "None", "interestExpense": "1830000000", "nonInterestIncome": "None", "otherNonOperatingIncome": "None", "depreciation": "None", "depreciationAndAmortization": "1238000000", "incomeBeforeTax": "8377000000", "incomeTaxExpense": "2087000000", "interestAndDebtExpense": "None", "netIncomeFromContinuingOperations": "6290000000", "comprehensiveIncomeNetOfTax": "None", "ebit": "19510000000", "ebitda": "20748000000", "netIncome": "6290000000"}, {"fiscalDateEnding": "2015-03-31", "reportedCurrency": "USD", "grossProfit": "24066000000", "totalRevenue": "24066000000", "costOfRevenue": "2424000000", "costofGoodsAndServicesSold": "2424000000", "operatingIncome": "10415000000", "sellingGeneralAndAdministrative": "8043000000", "researchAndDevelopment": "0", "operatingExpenses": "14883000000", "investmentIncomeNet": "None", "netInterestIncome": "None", "interestIncome": "None", "interestExpense": "1888000000", "nonInterestIncome": "None", "otherNonOperatingIncome": "None", "depreciation": "None", "depreciationAndAmortization": "1181000000", "incomeBeforeTax": "8224000000", "incomeTaxExpense": "2310000000", "interestAndDebtExpense": "None", "netIncomeFromContinuingOperations": "5914000000", "comprehensiveIncomeNetOfTax": "None", "ebit": "19870000000", "ebitda": "21051000000", "netIncome": "5914000000"}, {"fiscalDateEnding": "2014-12-31", "reportedCurrency": "USD", "grossProfit": "22512000000", "totalRevenue": "22512000000", "costOfRevenue": "2729000000", "costofGoodsAndServicesSold": "2729000000", "operatingIncome": "9743000000", "sellingGeneralAndAdministrative": "6860000000", "researchAndDevelopment": "0", "operatingExpenses": "15409000000", "investmentIncomeNet": "None", "netInterestIncome": "None", "interestIncome": "None", "interestExpense": "1889000000", "nonInterestIncome": "None", "otherNonOperatingIncome": "None", "depreciation": "None", "depreciationAndAmortization": "1186000000", "incomeBeforeTax": "6501000000", "incomeTaxExpense": "1570000000", "interestAndDebtExpense": "None", "netIncomeFromContinuingOperations": "4931000000", "comprehensiveIncomeNetOfTax": "None", "ebit": "9743000000", "ebitda": "10929000000", "netIncome": "4931000000"}, {"fiscalDateEnding": "2014-09-30", "reportedCurrency": "USD", "grossProfit": "24469000000", "totalRevenue": "24469000000", "costOfRevenue": "2443000000", "costofGoodsAndServicesSold": "2443000000", "operatingIncome": "10921000000", "sellingGeneralAndAdministrative": "7831000000", "researchAndDevelopment": "0", "operatingExpenses": "15798000000", "investmentIncomeNet": "None", "netInterestIncome": "None", "interestIncome": "None", "interestExpense": "1819000000", "nonInterestIncome": "None", "otherNonOperatingIncome": "None", "depreciation": "None", "depreciationAndAmortization": "1147000000", "incomeBeforeTax": "7914000000", "incomeTaxExpense": "2349000000", "interestAndDebtExpense": "None", "netIncomeFromContinuingOperations": "5572000000", "comprehensiveIncomeNetOfTax": "None", "ebit": "20046000000", "ebitda": "21193000000", "netIncome": "5565000000"}, {"fiscalDateEnding": "2014-06-30", "reportedCurrency": "USD", "grossProfit": "24678000000", "totalRevenue": "24678000000", "costOfRevenue": "2406000000", "costofGoodsAndServicesSold": "2406000000", "operatingIncome": "11388000000", "sellingGeneralAndAdministrative": "7610000000", "researchAndDevelopment": "0", "operatingExpenses": "15431000000", "investmentIncomeNet": "None", "netInterestIncome": "None", "interestIncome": "None", "interestExpense": "2063000000", "nonInterestIncome": "None", "otherNonOperatingIncome": "None", "depreciation": "None", "depreciationAndAmortization": "1218000000", "incomeBeforeTax": "8555000000", "incomeTaxExpense": "2575000000", "interestAndDebtExpense": "None", "netIncomeFromContinuingOperations": "5985000000", "comprehensiveIncomeNetOfTax": "None", "ebit": "20180000000", "ebitda": "21398000000", "netIncome": "5980000000"}, {"fiscalDateEnding": "2014-03-31", "reportedCurrency": "USD", "grossProfit": "23215000000", "totalRevenue": "23215000000", "costOfRevenue": "2363000000", "costofGoodsAndServicesSold": "2363000000", "operatingIncome": "9793000000", "sellingGeneralAndAdministrative": "7859000000", "researchAndDevelopment": "0", "operatingExpenses": "14636000000", "investmentIncomeNet": "None", "netInterestIncome": "None", "interestIncome": "None", "interestExpense": "2126000000", "nonInterestIncome": "None", "otherNonOperatingIncome": "None", "depreciation": "None", "depreciationAndAmortization": "1208000000", "incomeBeforeTax": "7729000000", "incomeTaxExpense": "2460000000", "interestAndDebtExpense": "None", "netIncomeFromContinuingOperations": "5274000000", "comprehensiveIncomeNetOfTax": "None", "ebit": "18858000000", "ebitda": "20066000000", "netIncome": "5269000000"}, {"fiscalDateEnding": "2013-12-31", "reportedCurrency": "USD", "grossProfit": "23156000000", "totalRevenue": "23156000000", "costOfRevenue": "2459000000", "costofGoodsAndServicesSold": "2459000000", "operatingIncome": "10829000000", "sellingGeneralAndAdministrative": "7052000000", "researchAndDevelopment": "0", "operatingExpenses": "15552000000", "investmentIncomeNet": "None", "netInterestIncome": "None", "interestIncome": "None", "interestExpense": "2355000000", "nonInterestIncome": "None", "otherNonOperatingIncome": "None", "depreciation": "None", "depreciationAndAmortization": "1246000000", "incomeBeforeTax": "7500000000", "incomeTaxExpense": "2222000000", "interestAndDebtExpense": "None", "netIncomeFromContinuingOperations": "9722000000", "comprehensiveIncomeNetOfTax": "None", "ebit": "10829000000", "ebitda": "12075000000", "netIncome": "5278000000"}, {"fiscalDateEnding": "2013-09-30", "reportedCurrency": "USD", "grossProfit": "23117000000", "totalRevenue": "23117000000", "costOfRevenue": "2303000000", "costofGoodsAndServicesSold": "2303000000", "operatingIncome": "11547000000", "sellingGeneralAndAdministrative": "7325000000", "researchAndDevelopment": "0", "operatingExpenses": "23626000000", "investmentIncomeNet": "None", "netInterestIncome": "None", "interestIncome": "None", "interestExpense": "2291000000", "nonInterestIncome": "None", "otherNonOperatingIncome": "13162000000", "depreciation": "None", "depreciationAndAmortization": "1651000000", "incomeBeforeTax": "34000000", "incomeTaxExpense": "414000000", "interestAndDebtExpense": "None", "netIncomeFromContinuingOperations": "448000000", "comprehensiveIncomeNetOfTax": "None", "ebit": "18575000000", "ebitda": "20226000000", "netIncome": "-380000000"}, {"fiscalDateEnding": "2013-06-30", "reportedCurrency": "USD", "grossProfit": "25211000000", "totalRevenue": "25211000000", "costOfRevenue": "2265000000", "costofGoodsAndServicesSold": "2265000000", "operatingIncome": "10103000000", "sellingGeneralAndAdministrative": "8019000000", "researchAndDevelopment": "0", "operatingExpenses": "15866000000", "investmentIncomeNet": "None", "netInterestIncome": "None", "interestIncome": "None", "interestExpense": "2368000000", "nonInterestIncome": "None", "otherNonOperatingIncome": "13145000000", "depreciation": "None", "depreciationAndAmortization": "1435000000", "incomeBeforeTax": "9298000000", "incomeTaxExpense": "2802000000", "interestAndDebtExpense": "None", "netIncomeFromContinuingOperations": "12100000000", "comprehensiveIncomeNetOfTax": "None", "ebit": "20933000000", "ebitda": "22368000000", "netIncome": "6175000000"}, {"fiscalDateEnding": "2013-03-31", "reportedCurrency": "USD", "grossProfit": "25122000000", "totalRevenue": "25122000000", "costOfRevenue": "2233000000", "costofGoodsAndServicesSold": "2233000000", "operatingIncome": "9581000000", "sellingGeneralAndAdministrative": "8414000000", "researchAndDevelopment": "0", "operatingExpenses": "15423000000", "investmentIncomeNet": "None", "netInterestIncome": "None", "interestIncome": "None", "interestExpense": "2432000000", "nonInterestIncome": "None", "otherNonOperatingIncome": "13427000000", "depreciation": "None", "depreciationAndAmortization": "974000000", "incomeBeforeTax": "9082000000", "incomeTaxExpense": "2553000000", "interestAndDebtExpense": "None", "netIncomeFromContinuingOperations": "11635000000", "comprehensiveIncomeNetOfTax": "None", "ebit": "21326000000", "ebitda": "22300000000", "netIncome": "6131000000"}, {"fiscalDateEnding": "2012-12-31", "reportedCurrency": "USD", "grossProfit": "23653000000", "totalRevenue": "23653000000", "costOfRevenue": "3168000000", "costofGoodsAndServicesSold": "3168000000", "operatingIncome": "8541000000", "sellingGeneralAndAdministrative": "3177000000", "researchAndDevelopment": "0", "operatingExpenses": "16047000000", "investmentIncomeNet": "None", "netInterestIncome": "None", "interestIncome": "None", "interestExpense": "2512000000", "nonInterestIncome": "None", "otherNonOperatingIncome": "None", "depreciation": "None", "depreciationAndAmortization": "1404000000", "incomeBeforeTax": "6950000000", "incomeTaxExpense": "1258000000", "interestAndDebtExpense": "None", "netIncomeFromContinuingOperations": "20958000000", "comprehensiveIncomeNetOfTax": "None", "ebit": "8541000000", "ebitda": "9945000000", "netIncome": "5321000000"}, {"fiscalDateEnding": "2012-09-30", "reportedCurrency": "USD", "grossProfit": "25146000000", "totalRevenue": "25146000000", "costOfRevenue": "2285000000", "costofGoodsAndServicesSold": "2285000000", "operatingIncome": "6330000000", "sellingGeneralAndAdministrative": "7503000000", "researchAndDevelopment": "0", "operatingExpenses": "14483000000", "investmentIncomeNet": "None", "netInterestIncome": "None", "interestIncome": "None", "interestExpense": "2653000000", "nonInterestIncome": "None", "otherNonOperatingIncome": "None", "depreciation": "None", "depreciationAndAmortization": "1294000000", "incomeBeforeTax": "7986000000", "incomeTaxExpense": "2278000000", "interestAndDebtExpense": "None", "netIncomeFromContinuingOperations": "5708000000", "comprehensiveIncomeNetOfTax": "None", "ebit": "20960000000", "ebitda": "22254000000", "netIncome": "5708000000"}, {"fiscalDateEnding": "2012-06-30", "reportedCurrency": "USD", "grossProfit": "22180000000", "totalRevenue": "22180000000", "costOfRevenue": "2362000000", "costofGoodsAndServicesSold": "2362000000", "operatingIncome": "5457000000", "sellingGeneralAndAdministrative": "7427000000", "researchAndDevelopment": "0", "operatingExpenses": "14966000000", "investmentIncomeNet": "None", "netInterestIncome": "None", "interestIncome": "None", "interestExpense": "2953000000", "nonInterestIncome": "None", "otherNonOperatingIncome": "None", "depreciation": "None", "depreciationAndAmortization": "1217000000", "incomeBeforeTax": "7000000000", "incomeTaxExpense": "2040000000", "interestAndDebtExpense": "None", "netIncomeFromContinuingOperations": "4960000000", "comprehensiveIncomeNetOfTax": "None", "ebit": "17959000000", "ebitda": "19176000000", "netIncome": "4960000000"}, {"fiscalDateEnding": "2012-03-31", "reportedCurrency": "USD", "grossProfit": "26052000000", "totalRevenue": "26052000000", "costOfRevenue": "2232000000", "costofGoodsAndServicesSold": "2232000000", "operatingIncome": "11715000000", "sellingGeneralAndAdministrative": "8613000000", "researchAndDevelopment": "0", "operatingExpenses": "2912000000", "investmentIncomeNet": "None", "netInterestIncome": "None", "interestIncome": "None", "interestExpense": "3035000000", "nonInterestIncome": "None", "otherNonOperatingIncome": "None", "depreciation": "None", "depreciationAndAmortization": "1232000000", "incomeBeforeTax": "7641000000", "incomeTaxExpense": "2258000000", "interestAndDebtExpense": "None", "netIncomeFromContinuingOperations": "4924000000", "comprehensiveIncomeNetOfTax": "None", "ebit": "22568000000", "ebitda": "23800000000", "netIncome": "4924000000"}, {"fiscalDateEnding": "2011-12-31", "reportedCurrency": "USD", "grossProfit": "21471000000", "totalRevenue": "21471000000", "costOfRevenue": "5107000000", "costofGoodsAndServicesSold": "5107000000", "operatingIncome": "8751000000", "sellingGeneralAndAdministrative": "2632000000", "researchAndDevelopment": "0", "operatingExpenses": "12720000000", "investmentIncomeNet": "None", "netInterestIncome": "None", "interestIncome": "None", "interestExpense": "2923000000", "nonInterestIncome": "None", "otherNonOperatingIncome": "None", "depreciation": "None", "depreciationAndAmortization": "1288000000", "incomeBeforeTax": "4747000000", "incomeTaxExpense": "1019000000", "interestAndDebtExpense": "None", "netIncomeFromContinuingOperations": "3728000000", "comprehensiveIncomeNetOfTax": "None", "ebit": "8751000000", "ebitda": "10039000000", "netIncome": "3728000000"}, {"fiscalDateEnding": "2011-09-30", "reportedCurrency": "USD", "grossProfit": "23763000000", "totalRevenue": "23763000000", "costOfRevenue": "2183000000", "costofGoodsAndServicesSold": "2183000000", "operatingIncome": "10214000000", "sellingGeneralAndAdministrative": "8156000000", "researchAndDevelopment": "0", "operatingExpenses": "3109000000", "investmentIncomeNet": "None", "netInterestIncome": "None", "interestIncome": "None", "interestExpense": "3343000000", "nonInterestIncome": "None", "otherNonOperatingIncome": "None", "depreciation": "None", "depreciationAndAmortization": "1265000000", "incomeBeforeTax": "5818000000", "incomeTaxExpense": "1556000000", "interestAndDebtExpense": "None", "netIncomeFromContinuingOperations": "4262000000", "comprehensiveIncomeNetOfTax": "None", "ebit": "19389000000", "ebitda": "20654000000", "netIncome": "4262000000"}, {"fiscalDateEnding": "2011-06-30", "reportedCurrency": "USD", "grossProfit": "26779000000", "totalRevenue": "26779000000", "costOfRevenue": "2152000000", "costofGoodsAndServicesSold": "2152000000", "operatingIncome": "12989000000", "sellingGeneralAndAdministrative": "8786000000", "researchAndDevelopment": "0", "operatingExpenses": "2896000000", "investmentIncomeNet": "None", "netInterestIncome": "None", "interestIncome": "None", "interestExpense": "3796000000", "nonInterestIncome": "None", "otherNonOperatingIncome": "None", "depreciation": "None", "depreciationAndAmortization": "1278000000", "incomeBeforeTax": "8127000000", "incomeTaxExpense": "2696000000", "interestAndDebtExpense": "None", "netIncomeFromContinuingOperations": "5431000000", "comprehensiveIncomeNetOfTax": "None", "ebit": "22605000000", "ebitda": "23883000000", "netIncome": "5431000000"}, {"fiscalDateEnding": "2011-03-31", "reportedCurrency": "USD", "grossProfit": "25221000000", "totalRevenue": "25221000000", "costOfRevenue": "2178000000", "costofGoodsAndServicesSold": "2178000000", "operatingIncome": "12656000000", "sellingGeneralAndAdministrative": "9463000000", "researchAndDevelopment": "0", "operatingExpenses": "2837000000", "investmentIncomeNet": "None", "netInterestIncome": "None", "interestIncome": "None", "interestExpense": "3542000000", "nonInterestIncome": "None", "otherNonOperatingIncome": "None", "depreciation": "None", "depreciationAndAmortization": "1274000000", "incomeBeforeTax": "8057000000", "incomeTaxExpense": "2502000000", "interestAndDebtExpense": "None", "netIncomeFromContinuingOperations": "5555000000", "comprehensiveIncomeNetOfTax": "None", "ebit": "21110000000", "ebitda": "22384000000", "netIncome": "5555000000"}, {"fiscalDateEnding": "2010-12-31", "reportedCurrency": "USD", "grossProfit": "26098000000", "totalRevenue": "26098000000", "costOfRevenue": "6553000000", "costofGoodsAndServicesSold": "6553000000", "operatingIncome": "11570000000", "sellingGeneralAndAdministrative": "3085000000", "researchAndDevelopment": "0", "operatingExpenses": "14528000000", "investmentIncomeNet": "None", "netInterestIncome": "None", "interestIncome": "None", "interestExpense": "3510000000", "nonInterestIncome": "None", "otherNonOperatingIncome": "None", "depreciation": "None", "depreciationAndAmortization": "1288000000", "incomeBeforeTax": "7012000000", "incomeTaxExpense": "2181000000", "interestAndDebtExpense": "None", "netIncomeFromContinuingOperations": "4831000000", "comprehensiveIncomeNetOfTax": "None", "ebit": "11570000000", "ebitda": "12858000000", "netIncome": "4831000000"}, {"fiscalDateEnding": "2010-09-30", "reportedCurrency": "USD", "grossProfit": "23824000000", "totalRevenue": "23824000000", "costOfRevenue": "2068000000", "costofGoodsAndServicesSold": "2068000000", "operatingIncome": "10362000000", "sellingGeneralAndAdministrative": "7845000000", "researchAndDevelopment": "0", "operatingExpenses": "2719000000", "investmentIncomeNet": "None", "netInterestIncome": "None", "interestIncome": "None", "interestExpense": "3104000000", "nonInterestIncome": "None", "otherNonOperatingIncome": "None", "depreciation": "None", "depreciationAndAmortization": "1273000000", "incomeBeforeTax": "6203000000", "incomeTaxExpense": "1785000000", "interestAndDebtExpense": "None", "netIncomeFromContinuingOperations": "4418000000", "comprehensiveIncomeNetOfTax": "None", "ebit": "19832000000", "ebitda": "21105000000", "netIncome": "4418000000"}, {"fiscalDateEnding": "2010-06-30", "reportedCurrency": "USD", "grossProfit": "25101000000", "totalRevenue": "25101000000", "costOfRevenue": "2048000000", "costofGoodsAndServicesSold": "2048000000", "operatingIncome": "11110000000", "sellingGeneralAndAdministrative": "8781000000", "researchAndDevelopment": "0", "operatingExpenses": "2676000000", "investmentIncomeNet": "None", "netInterestIncome": "None", "interestIncome": "None", "interestExpense": "3032000000", "nonInterestIncome": "None", "otherNonOperatingIncome": "None", "depreciation": "None", "depreciationAndAmortization": "1208000000", "incomeBeforeTax": "7107000000", "incomeTaxExpense": "2312000000", "interestAndDebtExpense": "None", "netIncomeFromContinuingOperations": "4795000000", "comprehensiveIncomeNetOfTax": "None", "ebit": "21217000000", "ebitda": "22425000000", "netIncome": "4795000000"}, {"fiscalDateEnding": "2010-03-31", "reportedCurrency": "USD", "grossProfit": "27671000000", "totalRevenue": "27671000000", "costOfRevenue": "2006000000", "costofGoodsAndServicesSold": "2006000000", "operatingIncome": "8627000000", "sellingGeneralAndAdministrative": "8413000000", "researchAndDevelopment": "0", "operatingExpenses": "2589000000", "investmentIncomeNet": "None", "netInterestIncome": "None", "interestIncome": "None", "interestExpense": "3135000000", "nonInterestIncome": "None", "otherNonOperatingIncome": "None", "depreciation": "None", "depreciationAndAmortization": "1204000000", "incomeBeforeTax": "4537000000", "incomeTaxExpense": "1211000000", "interestAndDebtExpense": "None", "netIncomeFromContinuingOperations": "3326000000", "comprehensiveIncomeNetOfTax": "None", "ebit": "23878000000", "ebitda": "25082000000", "netIncome": "3326000000"}, {"fiscalDateEnding": "2009-12-31", "reportedCurrency": "USD", "grossProfit": "23164000000", "totalRevenue": "23164000000", "costOfRevenue": "10521000000", "costofGoodsAndServicesSold": "10521000000", "operatingIncome": "7944000000", "sellingGeneralAndAdministrative": "1670000000", "researchAndDevelopment": "0", "operatingExpenses": "15220000000", "investmentIncomeNet": "None", "netInterestIncome": "None", "interestIncome": "None", "interestExpense": "3237000000", "nonInterestIncome": "None", "otherNonOperatingIncome": "None", "depreciation": "None", "depreciationAndAmortization": "1087000000", "incomeBeforeTax": "3876000000", "incomeTaxExpense": "598000000", "interestAndDebtExpense": "None", "netIncomeFromContinuingOperations": "0", "comprehensiveIncomeNetOfTax": "None", "ebit": "7944000000", "ebitda": "9031000000", "netIncome": "3278000000"}, {"fiscalDateEnding": "2009-09-30", "reportedCurrency": "USD", "grossProfit": "26622000000", "totalRevenue": "26622000000", "costOfRevenue": "2063000000", "costofGoodsAndServicesSold": "2063000000", "operatingIncome": "9405000000", "sellingGeneralAndAdministrative": "8451000000", "researchAndDevelopment": "0", "operatingExpenses": "2503000000", "investmentIncomeNet": "None", "netInterestIncome": "None", "interestIncome": "None", "interestExpense": "3523000000", "nonInterestIncome": "None", "otherNonOperatingIncome": "None", "depreciation": "None", "depreciationAndAmortization": "997000000", "incomeBeforeTax": "5063000000", "incomeTaxExpense": "1551000000", "interestAndDebtExpense": "None", "netIncomeFromContinuingOperations": "3512000000", "comprehensiveIncomeNetOfTax": "None", "ebit": "23122000000", "ebitda": "24119000000", "netIncome": "3588000000"}, {"fiscalDateEnding": "2009-06-30", "reportedCurrency": "USD", "grossProfit": "25623000000", "totalRevenue": "25623000000", "costOfRevenue": "2070000000", "costofGoodsAndServicesSold": "2070000000", "operatingIncome": "8749000000", "sellingGeneralAndAdministrative": "8073000000", "researchAndDevelopment": "0", "operatingExpenses": "2487000000", "investmentIncomeNet": "None", "netInterestIncome": "None", "interestIncome": "None", "interestExpense": "3879000000", "nonInterestIncome": "None", "otherNonOperatingIncome": "None", "depreciation": "None", "depreciationAndAmortization": "1063000000", "incomeBeforeTax": "4072000000", "incomeTaxExpense": "1351000000", "interestAndDebtExpense": "None", "netIncomeFromContinuingOperations": "2721000000", "comprehensiveIncomeNetOfTax": "None", "ebit": "22073000000", "ebitda": "23136000000", "netIncome": "2721000000"}, {"fiscalDateEnding": "2009-03-31", "reportedCurrency": "USD", "grossProfit": "25025000000", "totalRevenue": "25025000000", "costOfRevenue": "2031000000", "costofGoodsAndServicesSold": "2031000000", "operatingIncome": "8026000000", "sellingGeneralAndAdministrative": "8734000000", "researchAndDevelopment": "0", "operatingExpenses": "2415000000", "investmentIncomeNet": "None", "netInterestIncome": "None", "interestIncome": "None", "interestExpense": "4559000000", "nonInterestIncome": "None", "otherNonOperatingIncome": "None", "depreciation": "None", "depreciationAndAmortization": "686000000", "incomeBeforeTax": "3056000000", "incomeTaxExpense": "915000000", "interestAndDebtExpense": "None", "netIncomeFromContinuingOperations": "0", "comprehensiveIncomeNetOfTax": "None", "ebit": "21924000000", "ebitda": "22610000000", "netIncome": "2141000000"}, {"fiscalDateEnding": "2008-12-31", "reportedCurrency": "USD", "grossProfit": "17226000000", "totalRevenue": "17226000000", "costOfRevenue": "15112000000", "costofGoodsAndServicesSold": "15112000000", "operatingIncome": "8612000000", "sellingGeneralAndAdministrative": "5024000000", "researchAndDevelopment": "0", "operatingExpenses": "8614000000", "investmentIncomeNet": "None", "netInterestIncome": "None", "interestIncome": "None", "interestExpense": "7799000000", "nonInterestIncome": "None", "otherNonOperatingIncome": "None", "depreciation": "None", "depreciationAndAmortization": "1156000000", "incomeBeforeTax": "-1342000000", "incomeTaxExpense": "-719000000", "interestAndDebtExpense": "None", "netIncomeFromContinuingOperations": "0", "comprehensiveIncomeNetOfTax": "None", "ebit": "8612000000", "ebitda": "9768000000", "netIncome": "702000000"}, {"fiscalDateEnding": "2008-09-30", "reportedCurrency": "USD", "grossProfit": "14737000000", "totalRevenue": "14737000000", "costOfRevenue": "1878000000", "costofGoodsAndServicesSold": "1878000000", "operatingIncome": "7536000000", "sellingGeneralAndAdministrative": "6970000000", "researchAndDevelopment": "0", "operatingExpenses": "2331000000", "investmentIncomeNet": "None", "netInterestIncome": "None", "interestIncome": "None", "interestExpense": "8332000000", "nonInterestIncome": "None", "otherNonOperatingIncome": "None", "depreciation": "None", "depreciationAndAmortization": "1115000000", "incomeBeforeTax": "-2187000000", "incomeTaxExpense": "-2133000000", "interestAndDebtExpense": "None", "netIncomeFromContinuingOperations": "0", "comprehensiveIncomeNetOfTax": "None", "ebit": "11291000000", "ebitda": "12406000000", "netIncome": "527000000"}, {"fiscalDateEnding": "2008-06-30", "reportedCurrency": "USD", "grossProfit": "18399000000", "totalRevenue": "18399000000", "costOfRevenue": "1697000000", "costofGoodsAndServicesSold": "1697000000", "operatingIncome": "11002000000", "sellingGeneralAndAdministrative": "7941000000", "researchAndDevelopment": "0", "operatingExpenses": "2110000000", "investmentIncomeNet": "None", "netInterestIncome": "None", "interestIncome": "None", "interestExpense": "8235000000", "nonInterestIncome": "None", "otherNonOperatingIncome": "None", "depreciation": "None", "depreciationAndAmortization": "1212000000", "incomeBeforeTax": "2767000000", "incomeTaxExpense": "764000000", "interestAndDebtExpense": "None", "netIncomeFromContinuingOperations": "0", "comprehensiveIncomeNetOfTax": "None", "ebit": "15077000000", "ebitda": "16289000000", "netIncome": "2003000000"}, {"fiscalDateEnding": "2008-03-31", "reportedCurrency": "USD", "grossProfit": "16890000000", "totalRevenue": "16890000000", "costOfRevenue": "1616000000", "costofGoodsAndServicesSold": "1616000000", "operatingIncome": "13408000000", "sellingGeneralAndAdministrative": "4951000000", "researchAndDevelopment": "0", "operatingExpenses": "2162000000", "investmentIncomeNet": "None", "netInterestIncome": "None", "interestIncome": "None", "interestExpense": "9873000000", "nonInterestIncome": "None", "otherNonOperatingIncome": "None", "depreciation": "None", "depreciationAndAmortization": "923000000", "incomeBeforeTax": "3535000000", "incomeTaxExpense": "1162000000", "interestAndDebtExpense": "None", "netIncomeFromContinuingOperations": "0", "comprehensiveIncomeNetOfTax": "None", "ebit": "13805000000", "ebitda": "14728000000", "netIncome": "2373000000"}, {"fiscalDateEnding": "2007-12-31", "reportedCurrency": "USD", "grossProfit": "17384000000", "totalRevenue": "17384000000", "costOfRevenue": "13938000000", "costofGoodsAndServicesSold": "13938000000", "operatingIncome": "15518000000", "sellingGeneralAndAdministrative": "5469000000", "researchAndDevelopment": "0", "operatingExpenses": "1866000000", "investmentIncomeNet": "None", "netInterestIncome": "None", "interestIncome": "None", "interestExpense": "11396000000", "nonInterestIncome": "None", "otherNonOperatingIncome": "None", "depreciation": "None", "depreciationAndAmortization": "1061000000", "incomeBeforeTax": "4122000000", "incomeTaxExpense": "1151000000", "interestAndDebtExpense": "None", "netIncomeFromContinuingOperations": "0", "comprehensiveIncomeNetOfTax": "None", "ebit": "15518000000", "ebitda": "16579000000", "netIncome": "2971000000"}, {"fiscalDateEnding": "2007-09-30", "reportedCurrency": "USD", "grossProfit": "16112000000", "totalRevenue": "16112000000", "costOfRevenue": "1607000000", "costofGoodsAndServicesSold": "1607000000", "operatingIncome": "16893000000", "sellingGeneralAndAdministrative": "4677000000", "researchAndDevelopment": "0", "operatingExpenses": "2168000000", "investmentIncomeNet": "None", "netInterestIncome": "None", "interestIncome": "None", "interestExpense": "11893000000", "nonInterestIncome": "None", "otherNonOperatingIncome": "None", "depreciation": "None", "depreciationAndAmortization": "957000000", "incomeBeforeTax": "5000000000", "incomeTaxExpense": "1627000000", "interestAndDebtExpense": "None", "netIncomeFromContinuingOperations": "0", "comprehensiveIncomeNetOfTax": "None", "ebit": "2416000000", "ebitda": "3373000000", "netIncome": "3373000000"}, {"fiscalDateEnding": "2007-06-30", "reportedCurrency": "USD", "grossProfit": "18908000000", "totalRevenue": "18908000000", "costOfRevenue": "1573000000", "costofGoodsAndServicesSold": "1573000000", "operatingIncome": "17525000000", "sellingGeneralAndAdministrative": "6309000000", "researchAndDevelopment": "0", "operatingExpenses": "-2030000000", "investmentIncomeNet": "None", "netInterestIncome": "None", "interestIncome": "None", "interestExpense": "11174000000", "nonInterestIncome": "None", "otherNonOperatingIncome": "None", "depreciation": "None", "depreciationAndAmortization": "927000000", "incomeBeforeTax": "6351000000", "incomeTaxExpense": "2117000000", "interestAndDebtExpense": "None", "netIncomeFromContinuingOperations": "0", "comprehensiveIncomeNetOfTax": "None", "ebit": "3307000000", "ebitda": "4234000000", "netIncome": "4234000000"}, {"fiscalDateEnding": "2007-03-31", "reportedCurrency": "USD", "grossProfit": "18968000000", "totalRevenue": "18968000000", "costOfRevenue": "11526000000", "costofGoodsAndServicesSold": "11526000000", "operatingIncome": "17850000000", "sellingGeneralAndAdministrative": "6234000000", "researchAndDevelopment": "0", "operatingExpenses": "1118000000", "investmentIncomeNet": "None", "netInterestIncome": "None", "interestIncome": "None", "interestExpense": "10518000000", "nonInterestIncome": "None", "otherNonOperatingIncome": "None", "depreciation": "None", "depreciationAndAmortization": "876000000", "incomeBeforeTax": "7332000000", "incomeTaxExpense": "2545000000", "interestAndDebtExpense": "None", "netIncomeFromContinuingOperations": "0", "comprehensiveIncomeNetOfTax": "None", "ebit": "17850000000", "ebitda": "18726000000", "netIncome": "4787000000"}, {"fiscalDateEnding": "2006-12-31", "reportedCurrency": "USD", "grossProfit": "16054000000", "totalRevenue": "16054000000", "costOfRevenue": "11539000000", "costofGoodsAndServicesSold": "11539000000", "operatingIncome": "16795000000", "sellingGeneralAndAdministrative": "4985000000", "researchAndDevelopment": "0", "operatingExpenses": "741000000", "investmentIncomeNet": "None", "netInterestIncome": "None", "interestIncome": "None", "interestExpense": "11001000000", "nonInterestIncome": "None", "otherNonOperatingIncome": "None", "depreciation": "None", "depreciationAndAmortization": "997000000", "incomeBeforeTax": "5174000000", "incomeTaxExpense": "1268000000", "interestAndDebtExpense": "None", "netIncomeFromContinuingOperations": "0", "comprehensiveIncomeNetOfTax": "None", "ebit": "16795000000", "ebitda": "17792000000", "netIncome": "4526000000"}, {"fiscalDateEnding": "2006-09-30", "reportedCurrency": "USD", "grossProfit": "15545000000", "totalRevenue": "15545000000", "costOfRevenue": "10590000000", "costofGoodsAndServicesSold": "10590000000", "operatingIncome": "14559000000", "sellingGeneralAndAdministrative": "5390000000", "researchAndDevelopment": "0", "operatingExpenses": "841000000", "investmentIncomeNet": "None", "netInterestIncome": "None", "interestIncome": "None", "interestExpense": "9778000000", "nonInterestIncome": "None", "otherNonOperatingIncome": "None", "depreciation": "None", "depreciationAndAmortization": "860000000", "incomeBeforeTax": "4937000000", "incomeTaxExpense": "1705000000", "interestAndDebtExpense": "None", "netIncomeFromContinuingOperations": "0", "comprehensiveIncomeNetOfTax": "None", "ebit": "14559000000", "ebitda": "15419000000", "netIncome": "3297000000"}, {"fiscalDateEnding": "2006-06-30", "reportedCurrency": "USD", "grossProfit": "14940000000", "totalRevenue": "14940000000", "costOfRevenue": "9932000000", "costofGoodsAndServicesSold": "9932000000", "operatingIncome": "14502000000", "sellingGeneralAndAdministrative": "5268000000", "researchAndDevelopment": "0", "operatingExpenses": "438000000", "investmentIncomeNet": "None", "netInterestIncome": "None", "interestIncome": "None", "interestExpense": "9439000000", "nonInterestIncome": "None", "otherNonOperatingIncome": "None", "depreciation": "None", "depreciationAndAmortization": "883000000", "incomeBeforeTax": "5211000000", "incomeTaxExpense": "1727000000", "interestAndDebtExpense": "None", "netIncomeFromContinuingOperations": "0", "comprehensiveIncomeNetOfTax": "None", "ebit": "14502000000", "ebitda": "15385000000", "netIncome": "3540000000"}, {"fiscalDateEnding": "2006-03-31", "reportedCurrency": "USD", "grossProfit": "15236000000", "totalRevenue": "15236000000", "costOfRevenue": "9074000000", "costofGoodsAndServicesSold": "9074000000", "operatingIncome": "12894000000", "sellingGeneralAndAdministrative": "5600000000", "researchAndDevelopment": "0", "operatingExpenses": "2342000000", "investmentIncomeNet": "None", "netInterestIncome": "None", "interestIncome": "None", "interestExpense": "8241000000", "nonInterestIncome": "None", "otherNonOperatingIncome": "None", "depreciation": "None", "depreciationAndAmortization": "837000000", "incomeBeforeTax": "4653000000", "incomeTaxExpense": "1572000000", "interestAndDebtExpense": "None", "netIncomeFromContinuingOperations": "0", "comprehensiveIncomeNetOfTax": "None", "ebit": "12404000000", "ebitda": "13241000000", "netIncome": "3081000000"}, {"fiscalDateEnding": "2005-12-31", "reportedCurrency": "USD", "grossProfit": "13678000000", "totalRevenue": "13678000000", "costOfRevenue": "9002000000", "costofGoodsAndServicesSold": "9002000000", "operatingIncome": "11350000000", "sellingGeneralAndAdministrative": "4286000000", "researchAndDevelopment": "0", "operatingExpenses": "2328000000", "investmentIncomeNet": "None", "netInterestIncome": "None", "interestIncome": "None", "interestExpense": "7431000000", "nonInterestIncome": "None", "otherNonOperatingIncome": "None", "depreciation": "None", "depreciationAndAmortization": "1063000000", "incomeBeforeTax": "3919000000", "incomeTaxExpense": "1221000000", "interestAndDebtExpense": "None", "netIncomeFromContinuingOperations": "0", "comprehensiveIncomeNetOfTax": "None", "ebit": "11350000000", "ebitda": "12413000000", "netIncome": "2698000000"}, {"fiscalDateEnding": "2005-09-30", "reportedCurrency": "USD", "grossProfit": "14265000000", "totalRevenue": "14265000000", "costOfRevenue": "7752000000", "costofGoodsAndServicesSold": "7752000000", "operatingIncome": "10339000000", "sellingGeneralAndAdministrative": "4954000000", "researchAndDevelopment": "0", "operatingExpenses": "4126000000", "investmentIncomeNet": "None", "netInterestIncome": "None", "interestIncome": "None", "interestExpense": "6507000000", "nonInterestIncome": "None", "otherNonOperatingIncome": "None", "depreciation": "None", "depreciationAndAmortization": "1034000000", "incomeBeforeTax": "3756000000", "incomeTaxExpense": "1229000000", "interestAndDebtExpense": "None", "netIncomeFromContinuingOperations": "0", "comprehensiveIncomeNetOfTax": "None", "ebit": "10339000000", "ebitda": "11373000000", "netIncome": "2527000000"}, {"fiscalDateEnding": "2005-06-30", "reportedCurrency": "USD", "grossProfit": "12548000000", "totalRevenue": "12548000000", "costOfRevenue": "6471000000", "costofGoodsAndServicesSold": "6471000000", "operatingIncome": "7205000000", "sellingGeneralAndAdministrative": "4220000000", "researchAndDevelopment": "0", "operatingExpenses": "5538000000", "investmentIncomeNet": "None", "netInterestIncome": "None", "interestIncome": "None", "interestExpense": "5884000000", "nonInterestIncome": "None", "otherNonOperatingIncome": "None", "depreciation": "None", "depreciationAndAmortization": "1056000000", "incomeBeforeTax": "1257000000", "incomeTaxExpense": "263000000", "interestAndDebtExpense": "None", "netIncomeFromContinuingOperations": "0", "comprehensiveIncomeNetOfTax": "None", "ebit": "7205000000", "ebitda": "8261000000", "netIncome": "994000000"}, {"fiscalDateEnding": "2005-03-31", "reportedCurrency": "USD", "grossProfit": "13647000000", "totalRevenue": "13647000000", "costOfRevenue": "5778000000", "costofGoodsAndServicesSold": "5778000000", "operatingIncome": "8690000000", "sellingGeneralAndAdministrative": "4702000000", "researchAndDevelopment": "0", "operatingExpenses": "4957000000", "investmentIncomeNet": "None", "netInterestIncome": "None", "interestIncome": "None", "interestExpense": "5407000000", "nonInterestIncome": "None", "otherNonOperatingIncome": "None", "depreciation": "None", "depreciationAndAmortization": "1165000000", "incomeBeforeTax": "3283000000", "incomeTaxExpense": "1019000000", "interestAndDebtExpense": "None", "netIncomeFromContinuingOperations": "0", "comprehensiveIncomeNetOfTax": "None", "ebit": "8690000000", "ebitda": "9855000000", "netIncome": "2264000000"}]}