{"symbol": "EXE", "annualReports": [{"fiscalDateEnding": "2024-12-31", "reportedCurrency": "USD", "grossProfit": "1044000000", "totalRevenue": "4221000000", "costOfRevenue": "3177000000", "costofGoodsAndServicesSold": "3177000000", "operatingIncome": "-803000000", "sellingGeneralAndAdministrative": "186000000", "researchAndDevelopment": "None", "operatingExpenses": "1847000000", "investmentIncomeNet": "None", "netInterestIncome": "-123000000", "interestIncome": "7000000", "interestExpense": "130000000", "nonInterestIncome": "None", "otherNonOperatingIncome": "None", "depreciation": "None", "depreciationAndAmortization": "1729000000", "incomeBeforeTax": "-841000000", "incomeTaxExpense": "-127000000", "interestAndDebtExpense": "None", "netIncomeFromContinuingOperations": "-714000000", "comprehensiveIncomeNetOfTax": "None", "ebit": "-718000000", "ebitda": "1011000000", "netIncome": "-714000000"}, {"fiscalDateEnding": "2023-12-31", "reportedCurrency": "USD", "grossProfit": "4872000000", "totalRevenue": "7775000000", "costOfRevenue": "2903000000", "costofGoodsAndServicesSold": "2903000000", "operatingIncome": "3142000000", "sellingGeneralAndAdministrative": "127000000", "researchAndDevelopment": "None", "operatingExpenses": "1730000000", "investmentIncomeNet": "None", "netInterestIncome": "-103000000", "interestIncome": "9000000", "interestExpense": "112000000", "nonInterestIncome": "None", "otherNonOperatingIncome": "None", "depreciation": "None", "depreciationAndAmortization": "1527000000", "incomeBeforeTax": "3117000000", "incomeTaxExpense": "698000000", "interestAndDebtExpense": "None", "netIncomeFromContinuingOperations": "2419000000", "comprehensiveIncomeNetOfTax": "None", "ebit": "3221000000", "ebitda": "4748000000", "netIncome": "2419000000"}, {"fiscalDateEnding": "2022-12-31", "reportedCurrency": "USD", "grossProfit": "8156000000", "totalRevenue": "11443000000", "costOfRevenue": "3287000000", "costofGoodsAndServicesSold": "3287000000", "operatingIncome": "3780000000", "sellingGeneralAndAdministrative": "142000000", "researchAndDevelopment": "None", "operatingExpenses": "4429000000", "investmentIncomeNet": "None", "netInterestIncome": "-160000000", "interestIncome": "3000000", "interestExpense": "163000000", "nonInterestIncome": "None", "otherNonOperatingIncome": "None", "depreciation": "None", "depreciationAndAmortization": "1753000000", "incomeBeforeTax": "3651000000", "incomeTaxExpense": "-1285000000", "interestAndDebtExpense": "None", "netIncomeFromContinuingOperations": "4936000000", "comprehensiveIncomeNetOfTax": "None", "ebit": "3811000000", "ebitda": "5564000000", "netIncome": "4936000000"}, {"fiscalDateEnding": "2021-12-31", "reportedCurrency": "None", "grossProfit": "2420000000", "totalRevenue": "7301000000", "costOfRevenue": "4881000000", "costofGoodsAndServicesSold": "4881000000", "operatingIncome": "2325000000", "sellingGeneralAndAdministrative": "118000000", "researchAndDevelopment": "None", "operatingExpenses": "95000000", "investmentIncomeNet": "None", "netInterestIncome": "None", "interestIncome": "None", "interestExpense": "84000000", "nonInterestIncome": "None", "otherNonOperatingIncome": "None", "depreciation": "None", "depreciationAndAmortization": "995000000", "incomeBeforeTax": "6222000000", "incomeTaxExpense": "-106000000", "interestAndDebtExpense": "None", "netIncomeFromContinuingOperations": "None", "comprehensiveIncomeNetOfTax": "None", "ebit": "6306000000", "ebitda": "7301000000", "netIncome": "6328000000"}, {"fiscalDateEnding": "2020-12-31", "reportedCurrency": "USD", "grossProfit": "620000000", "totalRevenue": "5210000000", "costOfRevenue": "4590000000", "costofGoodsAndServicesSold": "4590000000", "operatingIncome": "-8703000000", "sellingGeneralAndAdministrative": "380000000", "researchAndDevelopment": "None", "operatingExpenses": "887000000", "investmentIncomeNet": "None", "netInterestIncome": "-476000000", "interestIncome": "87000000", "interestExpense": "476000000", "nonInterestIncome": "None", "otherNonOperatingIncome": "None", "depreciation": "None", "depreciationAndAmortization": "1097000000", "incomeBeforeTax": "-9769000000", "incomeTaxExpense": "-19000000", "interestAndDebtExpense": "None", "netIncomeFromContinuingOperations": "-9750000000", "comprehensiveIncomeNetOfTax": "None", "ebit": "-9293000000", "ebitda": "-8196000000", "netIncome": "-9734000000"}, {"fiscalDateEnding": "2019-12-31", "reportedCurrency": "None", "grossProfit": "396000000", "totalRevenue": "8489000000", "costOfRevenue": "8093000000", "costofGoodsAndServicesSold": "8093000000", "operatingIncome": "-31000000", "sellingGeneralAndAdministrative": "315000000", "researchAndDevelopment": "None", "operatingExpenses": "447000000", "investmentIncomeNet": "None", "netInterestIncome": "None", "interestIncome": "None", "interestExpense": "651000000", "nonInterestIncome": "None", "otherNonOperatingIncome": "None", "depreciation": "None", "depreciationAndAmortization": "2264000000", "incomeBeforeTax": "-639000000", "incomeTaxExpense": "-331000000", "interestAndDebtExpense": "None", "netIncomeFromContinuingOperations": "None", "comprehensiveIncomeNetOfTax": "None", "ebit": "12000000", "ebitda": "2276000000", "netIncome": "-308000000"}, {"fiscalDateEnding": "2018-12-31", "reportedCurrency": "None", "grossProfit": "1210000000", "totalRevenue": "10328000000", "costOfRevenue": "9118000000", "costofGoodsAndServicesSold": "9118000000", "operatingIncome": "875000000", "sellingGeneralAndAdministrative": "None", "researchAndDevelopment": "None", "operatingExpenses": "335000000", "investmentIncomeNet": "None", "netInterestIncome": "None", "interestIncome": "None", "interestExpense": "634000000", "nonInterestIncome": "None", "otherNonOperatingIncome": "None", "depreciation": "None", "depreciationAndAmortization": "1833000000", "incomeBeforeTax": "218000000", "incomeTaxExpense": "-10000000", "interestAndDebtExpense": "None", "netIncomeFromContinuingOperations": "None", "comprehensiveIncomeNetOfTax": "None", "ebit": "852000000", "ebitda": "2685000000", "netIncome": "225000000"}, {"fiscalDateEnding": "2017-12-31", "reportedCurrency": "None", "grossProfit": "1370000000", "totalRevenue": "9085000000", "costOfRevenue": "7715000000", "costofGoodsAndServicesSold": "7715000000", "operatingIncome": "1146000000", "sellingGeneralAndAdministrative": "None", "researchAndDevelopment": "None", "operatingExpenses": "224000000", "investmentIncomeNet": "None", "netInterestIncome": "None", "interestIncome": "None", "interestExpense": "425000000", "nonInterestIncome": "None", "otherNonOperatingIncome": "None", "depreciation": "None", "depreciationAndAmortization": "995000000", "incomeBeforeTax": "955000000", "incomeTaxExpense": "2000000", "interestAndDebtExpense": "None", "netIncomeFromContinuingOperations": "None", "comprehensiveIncomeNetOfTax": "None", "ebit": "1380000000", "ebitda": "2375000000", "netIncome": "939000000"}, {"fiscalDateEnding": "2016-12-31", "reportedCurrency": "None", "grossProfit": "223000000", "totalRevenue": "8747000000", "costOfRevenue": "8524000000", "costofGoodsAndServicesSold": "8524000000", "operatingIncome": "-17000000", "sellingGeneralAndAdministrative": "None", "researchAndDevelopment": "None", "operatingExpenses": "240000000", "investmentIncomeNet": "None", "netInterestIncome": "None", "interestIncome": "None", "interestExpense": "286000000", "nonInterestIncome": "None", "otherNonOperatingIncome": "None", "depreciation": "None", "depreciationAndAmortization": "1107000000", "incomeBeforeTax": "-4589000000", "incomeTaxExpense": "-190000000", "interestAndDebtExpense": "None", "netIncomeFromContinuingOperations": "None", "comprehensiveIncomeNetOfTax": "None", "ebit": "-4303000000", "ebitda": "-3196000000", "netIncome": "-4390000000"}, {"fiscalDateEnding": "2015-12-31", "reportedCurrency": "None", "grossProfit": "-779000000", "totalRevenue": "11844000000", "costOfRevenue": "12623000000", "costofGoodsAndServicesSold": "12623000000", "operatingIncome": "-1014000000", "sellingGeneralAndAdministrative": "None", "researchAndDevelopment": "None", "operatingExpenses": "235000000", "investmentIncomeNet": "None", "netInterestIncome": "None", "interestIncome": "None", "interestExpense": "329000000", "nonInterestIncome": "None", "otherNonOperatingIncome": "None", "depreciation": "None", "depreciationAndAmortization": "2229000000", "incomeBeforeTax": "-19098000000", "incomeTaxExpense": "-4463000000", "interestAndDebtExpense": "None", "netIncomeFromContinuingOperations": "None", "comprehensiveIncomeNetOfTax": "None", "ebit": "-18769000000", "ebitda": "-16540000000", "netIncome": "-14685000000"}, {"fiscalDateEnding": "2014-12-31", "reportedCurrency": "None", "grossProfit": "2910000000", "totalRevenue": "22106000000", "costOfRevenue": "19196000000", "costofGoodsAndServicesSold": "19196000000", "operatingIncome": "2588000000", "sellingGeneralAndAdministrative": "None", "researchAndDevelopment": "None", "operatingExpenses": "322000000", "investmentIncomeNet": "None", "netInterestIncome": "None", "interestIncome": "None", "interestExpense": "173000000", "nonInterestIncome": "None", "otherNonOperatingIncome": "None", "depreciation": "None", "depreciationAndAmortization": "2915000000", "incomeBeforeTax": "3200000000", "incomeTaxExpense": "1144000000", "interestAndDebtExpense": "None", "netIncomeFromContinuingOperations": "None", "comprehensiveIncomeNetOfTax": "None", "ebit": "3373000000", "ebitda": "6288000000", "netIncome": "1444000000"}, {"fiscalDateEnding": "2013-12-31", "reportedCurrency": "None", "grossProfit": "2673000000", "totalRevenue": "17161000000", "costOfRevenue": "14488000000", "costofGoodsAndServicesSold": "14488000000", "operatingIncome": "2216000000", "sellingGeneralAndAdministrative": "None", "researchAndDevelopment": "None", "operatingExpenses": "457000000", "investmentIncomeNet": "None", "netInterestIncome": "None", "interestIncome": "None", "interestExpense": "111000000", "nonInterestIncome": "None", "otherNonOperatingIncome": "None", "depreciation": "None", "depreciationAndAmortization": "2903000000", "incomeBeforeTax": "1442000000", "incomeTaxExpense": "548000000", "interestAndDebtExpense": "None", "netIncomeFromContinuingOperations": "None", "comprehensiveIncomeNetOfTax": "None", "ebit": "1553000000", "ebitda": "4456000000", "netIncome": "645000000"}, {"fiscalDateEnding": "2012-12-31", "reportedCurrency": "None", "grossProfit": "1317000000", "totalRevenue": "11397000000", "costOfRevenue": "10080000000", "costofGoodsAndServicesSold": "10080000000", "operatingIncome": "782000000", "sellingGeneralAndAdministrative": "None", "researchAndDevelopment": "None", "operatingExpenses": "535000000", "investmentIncomeNet": "None", "netInterestIncome": "None", "interestIncome": "None", "interestExpense": "91000000", "nonInterestIncome": "None", "otherNonOperatingIncome": "None", "depreciation": "None", "depreciationAndAmortization": "2811000000", "incomeBeforeTax": "-974000000", "incomeTaxExpense": "-380000000", "interestAndDebtExpense": "None", "netIncomeFromContinuingOperations": "None", "comprehensiveIncomeNetOfTax": "None", "ebit": "-883000000", "ebitda": "1928000000", "netIncome": "-769000000"}, {"fiscalDateEnding": "2011-12-31", "reportedCurrency": "None", "grossProfit": "2313000000", "totalRevenue": "10870000000", "costOfRevenue": "8557000000", "costofGoodsAndServicesSold": "8557000000", "operatingIncome": "1765000000", "sellingGeneralAndAdministrative": "None", "researchAndDevelopment": "None", "operatingExpenses": "548000000", "investmentIncomeNet": "None", "netInterestIncome": "None", "interestIncome": "None", "interestExpense": "30000000", "nonInterestIncome": "None", "otherNonOperatingIncome": "None", "depreciation": "None", "depreciationAndAmortization": "1923000000", "incomeBeforeTax": "2880000000", "incomeTaxExpense": "1123000000", "interestAndDebtExpense": "None", "netIncomeFromContinuingOperations": "None", "comprehensiveIncomeNetOfTax": "None", "ebit": "2910000000", "ebitda": "4833000000", "netIncome": "1742000000"}, {"fiscalDateEnding": "2010-12-31", "reportedCurrency": "None", "grossProfit": "1743000000", "totalRevenue": "7967000000", "costOfRevenue": "6224000000", "costofGoodsAndServicesSold": "6224000000", "operatingIncome": "1290000000", "sellingGeneralAndAdministrative": "None", "researchAndDevelopment": "None", "operatingExpenses": "453000000", "investmentIncomeNet": "None", "netInterestIncome": "None", "interestIncome": "None", "interestExpense": "179000000", "nonInterestIncome": "None", "otherNonOperatingIncome": "None", "depreciation": "None", "depreciationAndAmortization": "1614000000", "incomeBeforeTax": "2884000000", "incomeTaxExpense": "1110000000", "interestAndDebtExpense": "None", "netIncomeFromContinuingOperations": "None", "comprehensiveIncomeNetOfTax": "None", "ebit": "3063000000", "ebitda": "4677000000", "netIncome": "1774000000"}, {"fiscalDateEnding": "2009-12-31", "reportedCurrency": "None", "grossProfit": "848000000", "totalRevenue": "5944000000", "costOfRevenue": "5096000000", "costofGoodsAndServicesSold": "5096000000", "operatingIncome": "499000000", "sellingGeneralAndAdministrative": "None", "researchAndDevelopment": "None", "operatingExpenses": "349000000", "investmentIncomeNet": "None", "netInterestIncome": "None", "interestIncome": "None", "interestExpense": "341000000", "nonInterestIncome": "None", "otherNonOperatingIncome": "None", "depreciation": "None", "depreciationAndAmortization": "1615000000", "incomeBeforeTax": "-9288000000", "incomeTaxExpense": "-3483000000", "interestAndDebtExpense": "None", "netIncomeFromContinuingOperations": "None", "comprehensiveIncomeNetOfTax": "None", "ebit": "-8947000000", "ebitda": "-7332000000", "netIncome": "-5830000000"}, {"fiscalDateEnding": "2008-12-31", "reportedCurrency": "None", "grossProfit": "3872000000", "totalRevenue": "10840000000", "costOfRevenue": "6968000000", "costofGoodsAndServicesSold": "6968000000", "operatingIncome": "3415000000", "sellingGeneralAndAdministrative": "None", "researchAndDevelopment": "None", "operatingExpenses": "457000000", "investmentIncomeNet": "None", "netInterestIncome": "None", "interestIncome": "None", "interestExpense": "265000000", "nonInterestIncome": "None", "otherNonOperatingIncome": "None", "depreciation": "None", "depreciationAndAmortization": "2147000000", "incomeBeforeTax": "1186000000", "incomeTaxExpense": "463000000", "interestAndDebtExpense": "None", "netIncomeFromContinuingOperations": "None", "comprehensiveIncomeNetOfTax": "None", "ebit": "1451000000", "ebitda": "3598000000", "netIncome": "656000000"}, {"fiscalDateEnding": "2007-12-31", "reportedCurrency": "None", "grossProfit": "2157000000", "totalRevenue": "6849000000", "costOfRevenue": "4692000000", "costofGoodsAndServicesSold": "4692000000", "operatingIncome": "1698000000", "sellingGeneralAndAdministrative": "None", "researchAndDevelopment": "None", "operatingExpenses": "459000000", "investmentIncomeNet": "None", "netInterestIncome": "None", "interestIncome": "None", "interestExpense": "364000000", "nonInterestIncome": "None", "otherNonOperatingIncome": "None", "depreciation": "None", "depreciationAndAmortization": "1989000000", "incomeBeforeTax": "2341000000", "incomeTaxExpense": "890000000", "interestAndDebtExpense": "None", "netIncomeFromContinuingOperations": "None", "comprehensiveIncomeNetOfTax": "None", "ebit": "2705000000", "ebitda": "4694000000", "netIncome": "1323000000"}, {"fiscalDateEnding": "2006-12-31", "reportedCurrency": "None", "grossProfit": "3783567000", "totalRevenue": "7325595000", "costOfRevenue": "3542028000", "costofGoodsAndServicesSold": "3542028000", "operatingIncome": "3467975000", "sellingGeneralAndAdministrative": "None", "researchAndDevelopment": "None", "operatingExpenses": "315592000", "investmentIncomeNet": "None", "netInterestIncome": "None", "interestIncome": "None", "interestExpense": "300422000", "nonInterestIncome": "None", "otherNonOperatingIncome": "None", "depreciation": "None", "depreciationAndAmortization": "1462759000", "incomeBeforeTax": "3255359000", "incomeTaxExpense": "1252036000", "interestAndDebtExpense": "None", "netIncomeFromContinuingOperations": "None", "comprehensiveIncomeNetOfTax": "None", "ebit": "3555781000", "ebitda": "5018540000", "netIncome": "1992767000"}, {"fiscalDateEnding": "2005-12-31", "reportedCurrency": "None", "grossProfit": "3763879000", "totalRevenue": "5025836000", "costOfRevenue": "1261957000", "costofGoodsAndServicesSold": "1261957000", "operatingIncome": "2133706000", "sellingGeneralAndAdministrative": "None", "researchAndDevelopment": "None", "operatingExpenses": "1630173000", "investmentIncomeNet": "None", "netInterestIncome": "None", "interestIncome": "None", "interestExpense": "226300000", "nonInterestIncome": "None", "otherNonOperatingIncome": "None", "depreciation": "None", "depreciationAndAmortization": "945001000", "incomeBeforeTax": "1493393000", "incomeTaxExpense": "545091000", "interestAndDebtExpense": "None", "netIncomeFromContinuingOperations": "None", "comprehensiveIncomeNetOfTax": "None", "ebit": "1719693000", "ebitda": "2664694000", "netIncome": "921428000"}], "quarterlyReports": [{"fiscalDateEnding": "2024-12-31", "reportedCurrency": "USD", "grossProfit": "592000000", "totalRevenue": "1999000000", "costOfRevenue": "1407000000", "costofGoodsAndServicesSold": "1407000000", "operatingIncome": "-386000000", "sellingGeneralAndAdministrative": "53000000", "researchAndDevelopment": "None", "operatingExpenses": "985000000", "investmentIncomeNet": "None", "netInterestIncome": "-64000000", "interestIncome": "1000000", "interestExpense": "64000000", "nonInterestIncome": "None", "otherNonOperatingIncome": "None", "depreciation": "None", "depreciationAndAmortization": "647000000", "incomeBeforeTax": "-421000000", "incomeTaxExpense": "-22000000", "interestAndDebtExpense": "None", "netIncomeFromContinuingOperations": "-399000000", "comprehensiveIncomeNetOfTax": "None", "ebit": "-357000000", "ebitda": "290000000", "netIncome": "-399000000"}, {"fiscalDateEnding": "2024-09-30", "reportedCurrency": "USD", "grossProfit": "98000000", "totalRevenue": "646000000", "costOfRevenue": "548000000", "costofGoodsAndServicesSold": "548000000", "operatingIncome": "-155000000", "sellingGeneralAndAdministrative": "39000000", "researchAndDevelopment": "None", "operatingExpenses": "253000000", "investmentIncomeNet": "None", "netInterestIncome": "-20000000", "interestIncome": "3000000", "interestExpense": "20000000", "nonInterestIncome": "None", "otherNonOperatingIncome": "None", "depreciation": "None", "depreciationAndAmortization": "335000000", "incomeBeforeTax": "-158000000", "incomeTaxExpense": "-44000000", "interestAndDebtExpense": "None", "netIncomeFromContinuingOperations": "-114000000", "comprehensiveIncomeNetOfTax": "None", "ebit": "-138000000", "ebitda": "197000000", "netIncome": "-114000000"}, {"fiscalDateEnding": "2024-06-30", "reportedCurrency": "USD", "grossProfit": "-196000000", "totalRevenue": "514000000", "costOfRevenue": "710000000", "costofGoodsAndServicesSold": "710000000", "operatingIncome": "-262000000", "sellingGeneralAndAdministrative": "47000000", "researchAndDevelopment": "None", "operatingExpenses": "87000000", "investmentIncomeNet": "None", "netInterestIncome": "-20000000", "interestIncome": "3000000", "interestExpense": "20000000", "nonInterestIncome": "None", "otherNonOperatingIncome": "None", "depreciation": "None", "depreciationAndAmortization": "348000000", "incomeBeforeTax": "-295000000", "incomeTaxExpense": "-68000000", "interestAndDebtExpense": "None", "netIncomeFromContinuingOperations": "-227000000", "comprehensiveIncomeNetOfTax": "None", "ebit": "-275000000", "ebitda": "73000000", "netIncome": "-227000000"}, {"fiscalDateEnding": "2024-03-31", "reportedCurrency": "USD", "grossProfit": "413000000", "totalRevenue": "1073000000", "costOfRevenue": "660000000", "costofGoodsAndServicesSold": "660000000", "operatingIncome": "32000000", "sellingGeneralAndAdministrative": "47000000", "researchAndDevelopment": "None", "operatingExpenses": "381000000", "investmentIncomeNet": "None", "netInterestIncome": "-19000000", "interestIncome": "2000000", "interestExpense": "21000000", "nonInterestIncome": "None", "otherNonOperatingIncome": "None", "depreciation": "None", "depreciationAndAmortization": "399000000", "incomeBeforeTax": "33000000", "incomeTaxExpense": "7000000", "interestAndDebtExpense": "None", "netIncomeFromContinuingOperations": "26000000", "comprehensiveIncomeNetOfTax": "None", "ebit": "52000000", "ebitda": "451000000", "netIncome": "26000000"}, {"fiscalDateEnding": "2023-12-31", "reportedCurrency": "USD", "grossProfit": "1177000000", "totalRevenue": "1809000000", "costOfRevenue": "632000000", "costofGoodsAndServicesSold": "632000000", "operatingIncome": "726000000", "sellingGeneralAndAdministrative": "32000000", "researchAndDevelopment": "None", "operatingExpenses": "557000000", "investmentIncomeNet": "None", "netInterestIncome": "-21000000", "interestIncome": "2000000", "interestExpense": "23000000", "nonInterestIncome": "None", "otherNonOperatingIncome": "None", "depreciation": "None", "depreciationAndAmortization": "379000000", "incomeBeforeTax": "735000000", "incomeTaxExpense": "166000000", "interestAndDebtExpense": "None", "netIncomeFromContinuingOperations": "569000000", "comprehensiveIncomeNetOfTax": "None", "ebit": "757000000", "ebitda": "1136000000", "netIncome": "569000000"}, {"fiscalDateEnding": "2023-09-30", "reportedCurrency": "USD", "grossProfit": "865000000", "totalRevenue": "1512000000", "costOfRevenue": "647000000", "costofGoodsAndServicesSold": "647000000", "operatingIncome": "79000000", "sellingGeneralAndAdministrative": "29000000", "researchAndDevelopment": "None", "operatingExpenses": "759000000", "investmentIncomeNet": "None", "netInterestIncome": "-23000000", "interestIncome": "2000000", "interestExpense": "25000000", "nonInterestIncome": "None", "otherNonOperatingIncome": "None", "depreciation": "None", "depreciationAndAmortization": "382000000", "incomeBeforeTax": "71000000", "incomeTaxExpense": "1000000", "interestAndDebtExpense": "None", "netIncomeFromContinuingOperations": "70000000", "comprehensiveIncomeNetOfTax": "None", "ebit": "94000000", "ebitda": "476000000", "netIncome": "70000000"}, {"fiscalDateEnding": "2023-06-30", "reportedCurrency": "None", "grossProfit": "96000000", "totalRevenue": "1419000000", "costOfRevenue": "1323000000", "costofGoodsAndServicesSold": "1323000000", "operatingIncome": "517000000", "sellingGeneralAndAdministrative": "31000000", "researchAndDevelopment": "None", "operatingExpenses": "48000000", "investmentIncomeNet": "None", "netInterestIncome": "None", "interestIncome": "None", "interestExpense": "25000000", "nonInterestIncome": "None", "otherNonOperatingIncome": "None", "depreciation": "None", "depreciationAndAmortization": "376000000", "incomeBeforeTax": "518000000", "incomeTaxExpense": "127000000", "interestAndDebtExpense": "None", "netIncomeFromContinuingOperations": "None", "comprehensiveIncomeNetOfTax": "None", "ebit": "540000000", "ebitda": "916000000", "netIncome": "391000000"}, {"fiscalDateEnding": "2023-03-31", "reportedCurrency": "None", "grossProfit": "2250000000", "totalRevenue": "3035000000", "costOfRevenue": "785000000", "costofGoodsAndServicesSold": "785000000", "operatingIncome": "1820000000", "sellingGeneralAndAdministrative": "35000000", "researchAndDevelopment": "None", "operatingExpenses": "696000000", "investmentIncomeNet": "None", "netInterestIncome": "None", "interestIncome": "None", "interestExpense": "39000000", "nonInterestIncome": "None", "otherNonOperatingIncome": "None", "depreciation": "None", "depreciationAndAmortization": "390000000", "incomeBeforeTax": "1793000000", "incomeTaxExpense": "404000000", "interestAndDebtExpense": "None", "netIncomeFromContinuingOperations": "None", "comprehensiveIncomeNetOfTax": "None", "ebit": "1830000000", "ebitda": "2220000000", "netIncome": "1389000000"}, {"fiscalDateEnding": "2022-12-31", "reportedCurrency": "None", "grossProfit": "1300000000", "totalRevenue": "3136000000", "costOfRevenue": "1836000000", "costofGoodsAndServicesSold": "1836000000", "operatingIncome": "1243000000", "sellingGeneralAndAdministrative": "None", "researchAndDevelopment": "None", "operatingExpenses": "57000000", "investmentIncomeNet": "None", "netInterestIncome": "None", "interestIncome": "None", "interestExpense": "40000000", "nonInterestIncome": "None", "otherNonOperatingIncome": "None", "depreciation": "None", "depreciationAndAmortization": "453000000", "incomeBeforeTax": "2190000000", "incomeTaxExpense": "-1390000000", "interestAndDebtExpense": "None", "netIncomeFromContinuingOperations": "None", "comprehensiveIncomeNetOfTax": "None", "ebit": "2230000000", "ebitda": "2683000000", "netIncome": "3580000000"}, {"fiscalDateEnding": "2022-09-30", "reportedCurrency": "None", "grossProfit": "2077000000", "totalRevenue": "4193000000", "costOfRevenue": "2116000000", "costofGoodsAndServicesSold": "2116000000", "operatingIncome": "2036000000", "sellingGeneralAndAdministrative": "None", "researchAndDevelopment": "None", "operatingExpenses": "41000000", "investmentIncomeNet": "None", "netInterestIncome": "None", "interestIncome": "None", "interestExpense": "52000000", "nonInterestIncome": "None", "otherNonOperatingIncome": "None", "depreciation": "None", "depreciationAndAmortization": "440000000", "incomeBeforeTax": "957000000", "incomeTaxExpense": "74000000", "interestAndDebtExpense": "None", "netIncomeFromContinuingOperations": "None", "comprehensiveIncomeNetOfTax": "None", "ebit": "1009000000", "ebitda": "1449000000", "netIncome": "883000000"}, {"fiscalDateEnding": "2022-06-30", "reportedCurrency": "None", "grossProfit": "1878000000", "totalRevenue": "4013000000", "costOfRevenue": "2135000000", "costofGoodsAndServicesSold": "2135000000", "operatingIncome": "1834000000", "sellingGeneralAndAdministrative": "None", "researchAndDevelopment": "None", "operatingExpenses": "44000000", "investmentIncomeNet": "None", "netInterestIncome": "None", "interestIncome": "None", "interestExpense": "36000000", "nonInterestIncome": "None", "otherNonOperatingIncome": "None", "depreciation": "None", "depreciationAndAmortization": "451000000", "incomeBeforeTax": "1314000000", "incomeTaxExpense": "77000000", "interestAndDebtExpense": "None", "netIncomeFromContinuingOperations": "None", "comprehensiveIncomeNetOfTax": "None", "ebit": "1350000000", "ebitda": "1801000000", "netIncome": "1237000000"}, {"fiscalDateEnding": "2022-03-31", "reportedCurrency": "None", "grossProfit": "1101000000", "totalRevenue": "2781000000", "costOfRevenue": "1680000000", "costofGoodsAndServicesSold": "1680000000", "operatingIncome": "1052000000", "sellingGeneralAndAdministrative": "None", "researchAndDevelopment": "None", "operatingExpenses": "49000000", "investmentIncomeNet": "None", "netInterestIncome": "None", "interestIncome": "None", "interestExpense": "32000000", "nonInterestIncome": "None", "otherNonOperatingIncome": "None", "depreciation": "None", "depreciationAndAmortization": "409000000", "incomeBeforeTax": "-810000000", "incomeTaxExpense": "-46000000", "interestAndDebtExpense": "None", "netIncomeFromContinuingOperations": "None", "comprehensiveIncomeNetOfTax": "None", "ebit": "-778000000", "ebitda": "-369000000", "netIncome": "-764000000"}, {"fiscalDateEnding": "2021-12-31", "reportedCurrency": "None", "grossProfit": "1231000000", "totalRevenue": "2785000000", "costOfRevenue": "1554000000", "costofGoodsAndServicesSold": "1554000000", "operatingIncome": "1215000000", "sellingGeneralAndAdministrative": "None", "researchAndDevelopment": "None", "operatingExpenses": "16000000", "investmentIncomeNet": "None", "netInterestIncome": "None", "interestIncome": "None", "interestExpense": "26000000", "nonInterestIncome": "None", "otherNonOperatingIncome": "None", "depreciation": "None", "depreciationAndAmortization": "344000000", "incomeBeforeTax": "1395000000", "incomeTaxExpense": "-39000000", "interestAndDebtExpense": "None", "netIncomeFromContinuingOperations": "None", "comprehensiveIncomeNetOfTax": "None", "ebit": "1421000000", "ebitda": "1765000000", "netIncome": "1434000000"}, {"fiscalDateEnding": "2021-09-30", "reportedCurrency": "None", "grossProfit": "439000000", "totalRevenue": "1634000000", "costOfRevenue": "1195000000", "costofGoodsAndServicesSold": "1195000000", "operatingIncome": "406000000", "sellingGeneralAndAdministrative": "None", "researchAndDevelopment": "None", "operatingExpenses": "33000000", "investmentIncomeNet": "None", "netInterestIncome": "None", "interestIncome": "None", "interestExpense": "17000000", "nonInterestIncome": "None", "otherNonOperatingIncome": "None", "depreciation": "None", "depreciationAndAmortization": "228000000", "incomeBeforeTax": "-355000000", "incomeTaxExpense": "-10000000", "interestAndDebtExpense": "None", "netIncomeFromContinuingOperations": "None", "comprehensiveIncomeNetOfTax": "None", "ebit": "-338000000", "ebitda": "-110000000", "netIncome": "-345000000"}, {"fiscalDateEnding": "2021-06-30", "reportedCurrency": "None", "grossProfit": "340000000", "totalRevenue": "1431000000", "costOfRevenue": "1091000000", "costofGoodsAndServicesSold": "1091000000", "operatingIncome": "320000000", "sellingGeneralAndAdministrative": "None", "researchAndDevelopment": "None", "operatingExpenses": "20000000", "investmentIncomeNet": "None", "netInterestIncome": "None", "interestIncome": "None", "interestExpense": "18000000", "nonInterestIncome": "None", "otherNonOperatingIncome": "None", "depreciation": "None", "depreciationAndAmortization": "229000000", "incomeBeforeTax": "-439000000", "incomeTaxExpense": "-741000000", "interestAndDebtExpense": "None", "netIncomeFromContinuingOperations": "None", "comprehensiveIncomeNetOfTax": "None", "ebit": "-421000000", "ebitda": "-192000000", "netIncome": "-439000000"}, {"fiscalDateEnding": "2021-03-31", "reportedCurrency": "None", "grossProfit": "426000000", "totalRevenue": "1467000000", "costOfRevenue": "1041000000", "costofGoodsAndServicesSold": "1041000000", "operatingIncome": "400000000", "sellingGeneralAndAdministrative": "None", "researchAndDevelopment": "None", "operatingExpenses": "26000000", "investmentIncomeNet": "None", "netInterestIncome": "None", "interestIncome": "None", "interestExpense": "23000000", "nonInterestIncome": "None", "otherNonOperatingIncome": "None", "depreciation": "None", "depreciationAndAmortization": "194000000", "incomeBeforeTax": "5621000000", "incomeTaxExpense": "-57000000", "interestAndDebtExpense": "None", "netIncomeFromContinuingOperations": "None", "comprehensiveIncomeNetOfTax": "None", "ebit": "5644000000", "ebitda": "5838000000", "netIncome": "5678000000"}, {"fiscalDateEnding": "2020-12-31", "reportedCurrency": "None", "grossProfit": "200000000", "totalRevenue": "1207000000", "costOfRevenue": "1007000000", "costofGoodsAndServicesSold": "1007000000", "operatingIncome": "145000000", "sellingGeneralAndAdministrative": "None", "researchAndDevelopment": "None", "operatingExpenses": "55000000", "investmentIncomeNet": "None", "netInterestIncome": "None", "interestIncome": "None", "interestExpense": "24000000", "nonInterestIncome": "None", "otherNonOperatingIncome": "None", "depreciation": "None", "depreciationAndAmortization": "584000000", "incomeBeforeTax": "-422000000", "incomeTaxExpense": "-6000000", "interestAndDebtExpense": "None", "netIncomeFromContinuingOperations": "None", "comprehensiveIncomeNetOfTax": "None", "ebit": "-398000000", "ebitda": "186000000", "netIncome": "-416000000"}, {"fiscalDateEnding": "2020-09-30", "reportedCurrency": "None", "grossProfit": "133000000", "totalRevenue": "1135000000", "costOfRevenue": "1002000000", "costofGoodsAndServicesSold": "1002000000", "operatingIncome": "77000000", "sellingGeneralAndAdministrative": "None", "researchAndDevelopment": "None", "operatingExpenses": "56000000", "investmentIncomeNet": "None", "netInterestIncome": "None", "interestIncome": "None", "interestExpense": "25000000", "nonInterestIncome": "None", "otherNonOperatingIncome": "None", "depreciation": "None", "depreciationAndAmortization": "170000000", "incomeBeforeTax": "-745000000", "incomeTaxExpense": "-797000000", "interestAndDebtExpense": "None", "netIncomeFromContinuingOperations": "None", "comprehensiveIncomeNetOfTax": "None", "ebit": "-720000000", "ebitda": "-550000000", "netIncome": "-745000000"}, {"fiscalDateEnding": "2020-06-30", "reportedCurrency": "None", "grossProfit": "-222000000", "totalRevenue": "694000000", "costOfRevenue": "916000000", "costofGoodsAndServicesSold": "916000000", "operatingIncome": "-339000000", "sellingGeneralAndAdministrative": "None", "researchAndDevelopment": "None", "operatingExpenses": "117000000", "investmentIncomeNet": "None", "netInterestIncome": "None", "interestIncome": "None", "interestExpense": "137000000", "nonInterestIncome": "None", "otherNonOperatingIncome": "None", "depreciation": "None", "depreciationAndAmortization": "158000000", "incomeBeforeTax": "-276000000", "incomeTaxExpense": "200000000", "interestAndDebtExpense": "None", "netIncomeFromContinuingOperations": "None", "comprehensiveIncomeNetOfTax": "None", "ebit": "-139000000", "ebitda": "19000000", "netIncome": "-276000000"}, {"fiscalDateEnding": "2020-03-31", "reportedCurrency": "None", "grossProfit": "-458000000", "totalRevenue": "1634000000", "costOfRevenue": "2092000000", "costofGoodsAndServicesSold": "2092000000", "operatingIncome": "-606000000", "sellingGeneralAndAdministrative": "None", "researchAndDevelopment": "None", "operatingExpenses": "148000000", "investmentIncomeNet": "None", "netInterestIncome": "None", "interestIncome": "None", "interestExpense": "145000000", "nonInterestIncome": "None", "otherNonOperatingIncome": "None", "depreciation": "None", "depreciationAndAmortization": "603000000", "incomeBeforeTax": "-8326000000", "incomeTaxExpense": "-13000000", "interestAndDebtExpense": "None", "netIncomeFromContinuingOperations": "None", "comprehensiveIncomeNetOfTax": "None", "ebit": "-8181000000", "ebitda": "-7578000000", "netIncome": "-8297000000"}, {"fiscalDateEnding": "2019-12-31", "reportedCurrency": "None", "grossProfit": "51000000", "totalRevenue": "2052000000", "costOfRevenue": "2001000000", "costofGoodsAndServicesSold": "2001000000", "operatingIncome": "-16000000", "sellingGeneralAndAdministrative": "None", "researchAndDevelopment": "None", "operatingExpenses": "67000000", "investmentIncomeNet": "None", "netInterestIncome": "None", "interestIncome": "None", "interestExpense": "139000000", "nonInterestIncome": "None", "otherNonOperatingIncome": "None", "depreciation": "None", "depreciationAndAmortization": "615000000", "incomeBeforeTax": "-340000000", "incomeTaxExpense": "-16000000", "interestAndDebtExpense": "None", "netIncomeFromContinuingOperations": "None", "comprehensiveIncomeNetOfTax": "None", "ebit": "-201000000", "ebitda": "414000000", "netIncome": "-324000000"}, {"fiscalDateEnding": "2019-09-30", "reportedCurrency": "None", "grossProfit": "-31000000", "totalRevenue": "1920000000", "costOfRevenue": "1951000000", "costofGoodsAndServicesSold": "1951000000", "operatingIncome": "-104000000", "sellingGeneralAndAdministrative": "None", "researchAndDevelopment": "None", "operatingExpenses": "73000000", "investmentIncomeNet": "None", "netInterestIncome": "None", "interestIncome": "None", "interestExpense": "177000000", "nonInterestIncome": "None", "otherNonOperatingIncome": "None", "depreciation": "None", "depreciationAndAmortization": "582000000", "incomeBeforeTax": "-62000000", "incomeTaxExpense": "-1000000", "interestAndDebtExpense": "None", "netIncomeFromContinuingOperations": "None", "comprehensiveIncomeNetOfTax": "None", "ebit": "115000000", "ebitda": "697000000", "netIncome": "-61000000"}, {"fiscalDateEnding": "2019-06-30", "reportedCurrency": "None", "grossProfit": "99000000", "totalRevenue": "2111000000", "costOfRevenue": "2012000000", "costofGoodsAndServicesSold": "2012000000", "operatingIncome": "7000000", "sellingGeneralAndAdministrative": "None", "researchAndDevelopment": "None", "operatingExpenses": "92000000", "investmentIncomeNet": "None", "netInterestIncome": "None", "interestIncome": "None", "interestExpense": "175000000", "nonInterestIncome": "None", "otherNonOperatingIncome": "None", "depreciation": "None", "depreciationAndAmortization": "587000000", "incomeBeforeTax": "98000000", "incomeTaxExpense": "266000000", "interestAndDebtExpense": "None", "netIncomeFromContinuingOperations": "None", "comprehensiveIncomeNetOfTax": "None", "ebit": "273000000", "ebitda": "860000000", "netIncome": "98000000"}, {"fiscalDateEnding": "2019-03-31", "reportedCurrency": "None", "grossProfit": "284000000", "totalRevenue": "2497000000", "costOfRevenue": "2213000000", "costofGoodsAndServicesSold": "2213000000", "operatingIncome": "120000000", "sellingGeneralAndAdministrative": "None", "researchAndDevelopment": "None", "operatingExpenses": "164000000", "investmentIncomeNet": "None", "netInterestIncome": "None", "interestIncome": "None", "interestExpense": "161000000", "nonInterestIncome": "None", "otherNonOperatingIncome": "None", "depreciation": "None", "depreciationAndAmortization": "519000000", "incomeBeforeTax": "-335000000", "incomeTaxExpense": "-314000000", "interestAndDebtExpense": "None", "netIncomeFromContinuingOperations": "None", "comprehensiveIncomeNetOfTax": "None", "ebit": "-174000000", "ebitda": "345000000", "netIncome": "-21000000"}, {"fiscalDateEnding": "2018-12-31", "reportedCurrency": "None", "grossProfit": "472000000", "totalRevenue": "2603000000", "costOfRevenue": "2131000000", "costofGoodsAndServicesSold": "2131000000", "operatingIncome": "417000000", "sellingGeneralAndAdministrative": "None", "researchAndDevelopment": "None", "operatingExpenses": "55000000", "investmentIncomeNet": "None", "netInterestIncome": "None", "interestIncome": "None", "interestExpense": "121000000", "nonInterestIncome": "None", "otherNonOperatingIncome": "None", "depreciation": "None", "depreciationAndAmortization": "278000000", "incomeBeforeTax": "512000000", "incomeTaxExpense": "-2000000", "interestAndDebtExpense": "None", "netIncomeFromContinuingOperations": "None", "comprehensiveIncomeNetOfTax": "None", "ebit": "633000000", "ebitda": "911000000", "netIncome": "509000000"}, {"fiscalDateEnding": "2018-09-30", "reportedCurrency": "None", "grossProfit": "491000000", "totalRevenue": "2550000000", "costOfRevenue": "2059000000", "costofGoodsAndServicesSold": "2059000000", "operatingIncome": "425000000", "sellingGeneralAndAdministrative": "None", "researchAndDevelopment": "None", "operatingExpenses": "66000000", "investmentIncomeNet": "None", "netInterestIncome": "None", "interestIncome": "None", "interestExpense": "127000000", "nonInterestIncome": "None", "otherNonOperatingIncome": "None", "depreciation": "None", "depreciationAndAmortization": "291000000", "incomeBeforeTax": "86000000", "incomeTaxExpense": "1000000", "interestAndDebtExpense": "None", "netIncomeFromContinuingOperations": "None", "comprehensiveIncomeNetOfTax": "None", "ebit": "213000000", "ebitda": "504000000", "netIncome": "83000000"}, {"fiscalDateEnding": "2018-06-30", "reportedCurrency": "None", "grossProfit": "420000000", "totalRevenue": "2506000000", "costOfRevenue": "2086000000", "costofGoodsAndServicesSold": "2086000000", "operatingIncome": "330000000", "sellingGeneralAndAdministrative": "None", "researchAndDevelopment": "None", "operatingExpenses": "90000000", "investmentIncomeNet": "None", "netInterestIncome": "None", "interestIncome": "None", "interestExpense": "117000000", "nonInterestIncome": "None", "otherNonOperatingIncome": "None", "depreciation": "None", "depreciationAndAmortization": "290000000", "incomeBeforeTax": "-25000000", "incomeTaxExpense": "-9000000", "interestAndDebtExpense": "None", "netIncomeFromContinuingOperations": "None", "comprehensiveIncomeNetOfTax": "None", "ebit": "92000000", "ebitda": "382000000", "netIncome": "-17000000"}, {"fiscalDateEnding": "2018-03-31", "reportedCurrency": "None", "grossProfit": "518000000", "totalRevenue": "2606000000", "costOfRevenue": "2088000000", "costofGoodsAndServicesSold": "2088000000", "operatingIncome": "446000000", "sellingGeneralAndAdministrative": "None", "researchAndDevelopment": "None", "operatingExpenses": "72000000", "investmentIncomeNet": "None", "netInterestIncome": "None", "interestIncome": "None", "interestExpense": "123000000", "nonInterestIncome": "None", "otherNonOperatingIncome": "None", "depreciation": "None", "depreciationAndAmortization": "286000000", "incomeBeforeTax": "294000000", "incomeTaxExpense": "-26000000", "interestAndDebtExpense": "None", "netIncomeFromContinuingOperations": "None", "comprehensiveIncomeNetOfTax": "None", "ebit": "417000000", "ebitda": "703000000", "netIncome": "291000000"}, {"fiscalDateEnding": "2017-12-31", "reportedCurrency": "None", "grossProfit": "447000000", "totalRevenue": "2569000000", "costOfRevenue": "2122000000", "costofGoodsAndServicesSold": "2122000000", "operatingIncome": "447000000", "sellingGeneralAndAdministrative": "None", "researchAndDevelopment": "None", "operatingExpenses": "146000000", "investmentIncomeNet": "None", "netInterestIncome": "None", "interestIncome": "None", "interestExpense": "123000000", "nonInterestIncome": "None", "otherNonOperatingIncome": "None", "depreciation": "None", "depreciationAndAmortization": "306000000", "incomeBeforeTax": "334000000", "incomeTaxExpense": "12000000", "interestAndDebtExpense": "None", "netIncomeFromContinuingOperations": "None", "comprehensiveIncomeNetOfTax": "None", "ebit": "457000000", "ebitda": "763000000", "netIncome": "332000000"}, {"fiscalDateEnding": "2017-09-30", "reportedCurrency": "None", "grossProfit": "238000000", "totalRevenue": "2005000000", "costOfRevenue": "1767000000", "costofGoodsAndServicesSold": "1767000000", "operatingIncome": "184000000", "sellingGeneralAndAdministrative": "None", "researchAndDevelopment": "None", "operatingExpenses": "54000000", "investmentIncomeNet": "None", "netInterestIncome": "None", "interestIncome": "None", "interestExpense": "115000000", "nonInterestIncome": "None", "otherNonOperatingIncome": "None", "depreciation": "None", "depreciationAndAmortization": "248000000", "incomeBeforeTax": "-17000000", "incomeTaxExpense": "-85000000", "interestAndDebtExpense": "None", "netIncomeFromContinuingOperations": "None", "comprehensiveIncomeNetOfTax": "None", "ebit": "98000000", "ebitda": "346000000", "netIncome": "-18000000"}, {"fiscalDateEnding": "2017-06-30", "reportedCurrency": "None", "grossProfit": "306000000", "totalRevenue": "2074000000", "costOfRevenue": "1768000000", "costofGoodsAndServicesSold": "1768000000", "operatingIncome": "236000000", "sellingGeneralAndAdministrative": "None", "researchAndDevelopment": "None", "operatingExpenses": "70000000", "investmentIncomeNet": "None", "netInterestIncome": "None", "interestIncome": "None", "interestExpense": "93000000", "nonInterestIncome": "None", "otherNonOperatingIncome": "None", "depreciation": "None", "depreciationAndAmortization": "223000000", "incomeBeforeTax": "496000000", "incomeTaxExpense": "1000000", "interestAndDebtExpense": "None", "netIncomeFromContinuingOperations": "None", "comprehensiveIncomeNetOfTax": "None", "ebit": "589000000", "ebitda": "812000000", "netIncome": "486000000"}, {"fiscalDateEnding": "2017-03-31", "reportedCurrency": "None", "grossProfit": "363000000", "totalRevenue": "2421000000", "costOfRevenue": "2058000000", "costofGoodsAndServicesSold": "2058000000", "operatingIncome": "300000000", "sellingGeneralAndAdministrative": "None", "researchAndDevelopment": "None", "operatingExpenses": "63000000", "investmentIncomeNet": "None", "netInterestIncome": "None", "interestIncome": "None", "interestExpense": "94000000", "nonInterestIncome": "None", "otherNonOperatingIncome": "None", "depreciation": "None", "depreciationAndAmortization": "218000000", "incomeBeforeTax": "142000000", "incomeTaxExpense": "1000000", "interestAndDebtExpense": "None", "netIncomeFromContinuingOperations": "None", "comprehensiveIncomeNetOfTax": "None", "ebit": "236000000", "ebitda": "454000000", "netIncome": "139000000"}, {"fiscalDateEnding": "2016-12-31", "reportedCurrency": "None", "grossProfit": "265000000", "totalRevenue": "2465000000", "costOfRevenue": "2200000000", "costofGoodsAndServicesSold": "2200000000", "operatingIncome": "177000000", "sellingGeneralAndAdministrative": "None", "researchAndDevelopment": "None", "operatingExpenses": "88000000", "investmentIncomeNet": "None", "netInterestIncome": "None", "interestIncome": "None", "interestExpense": "87000000", "nonInterestIncome": "None", "otherNonOperatingIncome": "None", "depreciation": "None", "depreciationAndAmortization": "235000000", "incomeBeforeTax": "-532000000", "incomeTaxExpense": "-190000000", "interestAndDebtExpense": "None", "netIncomeFromContinuingOperations": "None", "comprehensiveIncomeNetOfTax": "None", "ebit": "-465000000", "ebitda": "-230000000", "netIncome": "-343000000"}, {"fiscalDateEnding": "2016-09-30", "reportedCurrency": "None", "grossProfit": "-52000000", "totalRevenue": "2143000000", "costOfRevenue": "2195000000", "costofGoodsAndServicesSold": "2195000000", "operatingIncome": "-115000000", "sellingGeneralAndAdministrative": "None", "researchAndDevelopment": "None", "operatingExpenses": "63000000", "investmentIncomeNet": "None", "netInterestIncome": "None", "interestIncome": "None", "interestExpense": "74000000", "nonInterestIncome": "None", "otherNonOperatingIncome": "None", "depreciation": "None", "depreciationAndAmortization": "280000000", "incomeBeforeTax": "-1154000000", "incomeTaxExpense": "-964000000", "interestAndDebtExpense": "None", "netIncomeFromContinuingOperations": "None", "comprehensiveIncomeNetOfTax": "None", "ebit": "-1080000000", "ebitda": "-800000000", "netIncome": "-1155000000"}]}