{"symbol": "FITB", "annualReports": [{"fiscalDateEnding": "2024-12-31", "reportedCurrency": "USD", "grossProfit": "10426000000", "totalRevenue": "8253000000", "costOfRevenue": "-2173000000", "costofGoodsAndServicesSold": "-2173000000", "operatingIncome": "None", "sellingGeneralAndAdministrative": "3048000000", "researchAndDevelopment": "None", "operatingExpenses": "8253000000", "investmentIncomeNet": "None", "netInterestIncome": "5630000000", "interestIncome": "10426000000", "interestExpense": "4796000000", "nonInterestIncome": "None", "otherNonOperatingIncome": "None", "depreciation": "None", "depreciationAndAmortization": "495000000", "incomeBeforeTax": "2916000000", "incomeTaxExpense": "602000000", "interestAndDebtExpense": "None", "netIncomeFromContinuingOperations": "2314000000", "comprehensiveIncomeNetOfTax": "None", "ebit": "None", "ebitda": "None", "netIncome": "2314000000"}, {"fiscalDateEnding": "2023-12-31", "reportedCurrency": "USD", "grossProfit": "12641000000", "totalRevenue": "8195000000", "costOfRevenue": "-4446000000", "costofGoodsAndServicesSold": "-4446000000", "operatingIncome": "4434000000", "sellingGeneralAndAdministrative": "2976000000", "researchAndDevelopment": "None", "operatingExpenses": "3761000000", "investmentIncomeNet": "None", "netInterestIncome": "5988000000", "interestIncome": "9188000000", "interestExpense": "3933000000", "nonInterestIncome": "None", "otherNonOperatingIncome": "None", "depreciation": "None", "depreciationAndAmortization": "481000000", "incomeBeforeTax": "2988000000", "incomeTaxExpense": "639000000", "interestAndDebtExpense": "None", "netIncomeFromContinuingOperations": "2556000000", "comprehensiveIncomeNetOfTax": "None", "ebit": "2988000000", "ebitda": "3469000000", "netIncome": "2349000000"}, {"fiscalDateEnding": "2022-12-31", "reportedCurrency": "USD", "grossProfit": "8295000000", "totalRevenue": "8295000000", "costOfRevenue": "None", "costofGoodsAndServicesSold": "None", "operatingIncome": "4071000000", "sellingGeneralAndAdministrative": "2685000000", "researchAndDevelopment": "None", "operatingExpenses": "-4224000000", "investmentIncomeNet": "None", "netInterestIncome": "5609000000", "interestIncome": "6587000000", "interestExpense": "978000000", "nonInterestIncome": "None", "otherNonOperatingIncome": "None", "depreciation": "None", "depreciationAndAmortization": "455000000", "incomeBeforeTax": "3093000000", "incomeTaxExpense": "647000000", "interestAndDebtExpense": "None", "netIncomeFromContinuingOperations": "2446000000", "comprehensiveIncomeNetOfTax": "None", "ebit": "3074000000", "ebitda": "3529000000", "netIncome": "2446000000"}, {"fiscalDateEnding": "2021-12-31", "reportedCurrency": "USD", "grossProfit": "7799000000", "totalRevenue": "7799000000", "costOfRevenue": "None", "costofGoodsAndServicesSold": "None", "operatingIncome": "3517000000", "sellingGeneralAndAdministrative": "2763000000", "researchAndDevelopment": "None", "operatingExpenses": "-4282000000", "investmentIncomeNet": "None", "netInterestIncome": "4770000000", "interestIncome": "5211000000", "interestExpense": "441000000", "nonInterestIncome": "None", "otherNonOperatingIncome": "None", "depreciation": "None", "depreciationAndAmortization": "367000000", "incomeBeforeTax": "3517000000", "incomeTaxExpense": "747000000", "interestAndDebtExpense": "None", "netIncomeFromContinuingOperations": "2770000000", "comprehensiveIncomeNetOfTax": "None", "ebit": "3499000000", "ebitda": "3866000000", "netIncome": "2770000000"}, {"fiscalDateEnding": "2020-12-31", "reportedCurrency": "USD", "grossProfit": "7491000000", "totalRevenue": "7491000000", "costOfRevenue": "None", "costofGoodsAndServicesSold": "None", "operatingIncome": "1797000000", "sellingGeneralAndAdministrative": "2730000000", "researchAndDevelopment": "None", "operatingExpenses": "-5694000000", "investmentIncomeNet": "None", "netInterestIncome": "4782000000", "interestIncome": "5572000000", "interestExpense": "790000000", "nonInterestIncome": "None", "otherNonOperatingIncome": "None", "depreciation": "None", "depreciationAndAmortization": "492000000", "incomeBeforeTax": "1797000000", "incomeTaxExpense": "370000000", "interestAndDebtExpense": "None", "netIncomeFromContinuingOperations": "1427000000", "comprehensiveIncomeNetOfTax": "None", "ebit": "1797000000", "ebitda": "2289000000", "netIncome": "1427000000"}, {"fiscalDateEnding": "2019-12-31", "reportedCurrency": "USD", "grossProfit": "8203000000", "totalRevenue": "8203000000", "costOfRevenue": "None", "costofGoodsAndServicesSold": "None", "operatingIncome": "3202000000", "sellingGeneralAndAdministrative": "2418000000", "researchAndDevelopment": "None", "operatingExpenses": "-5001000000", "investmentIncomeNet": "None", "netInterestIncome": "4797000000", "interestIncome": "6254000000", "interestExpense": "1457000000", "nonInterestIncome": "None", "otherNonOperatingIncome": "None", "depreciation": "None", "depreciationAndAmortization": "478000000", "incomeBeforeTax": "3202000000", "incomeTaxExpense": "690000000", "interestAndDebtExpense": "None", "netIncomeFromContinuingOperations": "2512000000", "comprehensiveIncomeNetOfTax": "None", "ebit": "3196000000", "ebitda": "3674000000", "netIncome": "2512000000"}, {"fiscalDateEnding": "2018-12-31", "reportedCurrency": "USD", "grossProfit": "6807000000", "totalRevenue": "6807000000", "costOfRevenue": "1280000000", "costofGoodsAndServicesSold": "1280000000", "operatingIncome": "3808000000", "sellingGeneralAndAdministrative": "2355000000", "researchAndDevelopment": "0", "operatingExpenses": "-2999000000", "investmentIncomeNet": "None", "netInterestIncome": "4140000000", "interestIncome": "5183000000", "interestExpense": "1043000000", "nonInterestIncome": "None", "otherNonOperatingIncome": "None", "depreciation": "None", "depreciationAndAmortization": "243000000", "incomeBeforeTax": "2765000000", "incomeTaxExpense": "572000000", "interestAndDebtExpense": "None", "netIncomeFromContinuingOperations": "2193000000", "comprehensiveIncomeNetOfTax": "None", "ebit": "2882000000", "ebitda": "3125000000", "netIncome": "2193000000"}, {"fiscalDateEnding": "2017-12-31", "reportedCurrency": "USD", "grossProfit": "6893000000", "totalRevenue": "6893000000", "costOfRevenue": "952000000", "costofGoodsAndServicesSold": "952000000", "operatingIncome": "3462000000", "sellingGeneralAndAdministrative": "2250000000", "researchAndDevelopment": "0", "operatingExpenses": "-3431000000", "investmentIncomeNet": "None", "netInterestIncome": "3798000000", "interestIncome": "4489000000", "interestExpense": "691000000", "nonInterestIncome": "None", "otherNonOperatingIncome": "None", "depreciation": "None", "depreciationAndAmortization": "236000000", "incomeBeforeTax": "2771000000", "incomeTaxExpense": "577000000", "interestAndDebtExpense": "None", "netIncomeFromContinuingOperations": "2194000000", "comprehensiveIncomeNetOfTax": "None", "ebit": "2876000000", "ebitda": "3112000000", "netIncome": "2194000000"}, {"fiscalDateEnding": "2016-12-31", "reportedCurrency": "USD", "grossProfit": "6179000000", "totalRevenue": "6179000000", "costOfRevenue": "921000000", "costofGoodsAndServicesSold": "921000000", "operatingIncome": "2647000000", "sellingGeneralAndAdministrative": "2215000000", "researchAndDevelopment": "0", "operatingExpenses": "-3532000000", "investmentIncomeNet": "None", "netInterestIncome": "3615000000", "interestIncome": "4193000000", "interestExpense": "578000000", "nonInterestIncome": "None", "otherNonOperatingIncome": "None", "depreciation": "None", "depreciationAndAmortization": "244000000", "incomeBeforeTax": "2065000000", "incomeTaxExpense": "505000000", "interestAndDebtExpense": "None", "netIncomeFromContinuingOperations": "1560000000", "comprehensiveIncomeNetOfTax": "None", "ebit": "2274000000", "ebitda": "2518000000", "netIncome": "1564000000"}, {"fiscalDateEnding": "2015-12-31", "reportedCurrency": "USD", "grossProfit": "6383000000", "totalRevenue": "6383000000", "costOfRevenue": "891000000", "costofGoodsAndServicesSold": "891000000", "operatingIncome": "2866000000", "sellingGeneralAndAdministrative": "2071000000", "researchAndDevelopment": "0", "operatingExpenses": "-3517000000", "investmentIncomeNet": "None", "netInterestIncome": "3533000000", "interestIncome": "4028000000", "interestExpense": "495000000", "nonInterestIncome": "None", "otherNonOperatingIncome": "None", "depreciation": "None", "depreciationAndAmortization": "441000000", "incomeBeforeTax": "2365000000", "incomeTaxExpense": "659000000", "interestAndDebtExpense": "None", "netIncomeFromContinuingOperations": "1706000000", "comprehensiveIncomeNetOfTax": "None", "ebit": "2866000000", "ebitda": "3307000000", "netIncome": "1712000000"}, {"fiscalDateEnding": "2014-12-31", "reportedCurrency": "USD", "grossProfit": "5911000000", "totalRevenue": "5911000000", "costOfRevenue": "766000000", "costofGoodsAndServicesSold": "766000000", "operatingIncome": "2477000000", "sellingGeneralAndAdministrative": "1983000000", "researchAndDevelopment": "0", "operatingExpenses": "-3434000000", "investmentIncomeNet": "None", "netInterestIncome": "None", "interestIncome": "None", "interestExpense": "451000000", "nonInterestIncome": "None", "otherNonOperatingIncome": "None", "depreciation": "None", "depreciationAndAmortization": "414000000", "incomeBeforeTax": "2028000000", "incomeTaxExpense": "545000000", "interestAndDebtExpense": "None", "netIncomeFromContinuingOperations": "1483000000", "comprehensiveIncomeNetOfTax": "None", "ebit": "2028000000", "ebitda": "2442000000", "netIncome": "1481000000"}, {"fiscalDateEnding": "2013-12-31", "reportedCurrency": "USD", "grossProfit": "6654000000", "totalRevenue": "6654000000", "costOfRevenue": "641000000", "costofGoodsAndServicesSold": "641000000", "operatingIncome": "3020000000", "sellingGeneralAndAdministrative": "2165000000", "researchAndDevelopment": "0", "operatingExpenses": "-3634000000", "investmentIncomeNet": "None", "netInterestIncome": "None", "interestIncome": "None", "interestExpense": "412000000", "nonInterestIncome": "None", "otherNonOperatingIncome": "None", "depreciation": "None", "depreciationAndAmortization": "507000000", "incomeBeforeTax": "2598000000", "incomeTaxExpense": "772000000", "interestAndDebtExpense": "None", "netIncomeFromContinuingOperations": "1826000000", "comprehensiveIncomeNetOfTax": "None", "ebit": "2598000000", "ebitda": "3105000000", "netIncome": "1836000000"}, {"fiscalDateEnding": "2012-12-31", "reportedCurrency": "USD", "grossProfit": "6473000000", "totalRevenue": "6473000000", "costOfRevenue": "815000000", "costofGoodsAndServicesSold": "815000000", "operatingIncome": "2724000000", "sellingGeneralAndAdministrative": "2181000000", "researchAndDevelopment": "0", "operatingExpenses": "-3749000000", "investmentIncomeNet": "None", "netInterestIncome": "None", "interestIncome": "None", "interestExpense": "512000000", "nonInterestIncome": "None", "otherNonOperatingIncome": "None", "depreciation": "None", "depreciationAndAmortization": "531000000", "incomeBeforeTax": "2210000000", "incomeTaxExpense": "636000000", "interestAndDebtExpense": "None", "netIncomeFromContinuingOperations": "1574000000", "comprehensiveIncomeNetOfTax": "None", "ebit": "2210000000", "ebitda": "2741000000", "netIncome": "1576000000"}, {"fiscalDateEnding": "2011-12-31", "reportedCurrency": "USD", "grossProfit": "6012000000", "totalRevenue": "6012000000", "costOfRevenue": "1084000000", "costofGoodsAndServicesSold": "1084000000", "operatingIncome": "2491000000", "sellingGeneralAndAdministrative": "2106000000", "researchAndDevelopment": "0", "operatingExpenses": "-3521000000", "investmentIncomeNet": "None", "netInterestIncome": "None", "interestIncome": "None", "interestExpense": "661000000", "nonInterestIncome": "None", "otherNonOperatingIncome": "None", "depreciation": "None", "depreciationAndAmortization": "455000000", "incomeBeforeTax": "1831000000", "incomeTaxExpense": "533000000", "interestAndDebtExpense": "None", "netIncomeFromContinuingOperations": "None", "comprehensiveIncomeNetOfTax": "None", "ebit": "1831000000", "ebitda": "2286000000", "netIncome": "1297000000"}, {"fiscalDateEnding": "2010-12-31", "reportedCurrency": "USD", "grossProfit": "6333000000", "totalRevenue": "6333000000", "costOfRevenue": "2423000000", "costofGoodsAndServicesSold": "2423000000", "operatingIncome": "1825000000", "sellingGeneralAndAdministrative": "2100000000", "researchAndDevelopment": "0", "operatingExpenses": "-4508000000", "investmentIncomeNet": "None", "netInterestIncome": "None", "interestIncome": "None", "interestExpense": "885000000", "nonInterestIncome": "None", "otherNonOperatingIncome": "None", "depreciation": "None", "depreciationAndAmortization": "457000000", "incomeBeforeTax": "940000000", "incomeTaxExpense": "187000000", "interestAndDebtExpense": "None", "netIncomeFromContinuingOperations": "753000000", "comprehensiveIncomeNetOfTax": "None", "ebit": "916000000", "ebitda": "1373000000", "netIncome": "753000000"}, {"fiscalDateEnding": "2009-12-31", "reportedCurrency": "USD", "grossProfit": "6378000000", "totalRevenue": "6378000000", "costOfRevenue": "4857000000", "costofGoodsAndServicesSold": "4857000000", "operatingIncome": "2081000000", "sellingGeneralAndAdministrative": "2038000000", "researchAndDevelopment": "0", "operatingExpenses": "359000000", "investmentIncomeNet": "None", "netInterestIncome": "None", "interestIncome": "None", "interestExpense": "1314000000", "nonInterestIncome": "None", "otherNonOperatingIncome": "None", "depreciation": "None", "depreciationAndAmortization": "341000000", "incomeBeforeTax": "767000000", "incomeTaxExpense": "30000000", "interestAndDebtExpense": "None", "netIncomeFromContinuingOperations": "None", "comprehensiveIncomeNetOfTax": "None", "ebit": "767000000", "ebitda": "1108000000", "netIncome": "737000000"}, {"fiscalDateEnding": "2008-12-31", "reportedCurrency": "USD", "grossProfit": "5837000000", "totalRevenue": "5837000000", "costOfRevenue": "6654000000", "costofGoodsAndServicesSold": "6654000000", "operatingIncome": "-570000000", "sellingGeneralAndAdministrative": "1753000000", "researchAndDevelopment": "None", "operatingExpenses": "-6407000000", "investmentIncomeNet": "None", "netInterestIncome": "None", "interestIncome": "None", "interestExpense": "2094000000", "nonInterestIncome": "None", "otherNonOperatingIncome": "None", "depreciation": "None", "depreciationAndAmortization": "8000000", "incomeBeforeTax": "-2664000000", "incomeTaxExpense": "-551000000", "interestAndDebtExpense": "None", "netIncomeFromContinuingOperations": "None", "comprehensiveIncomeNetOfTax": "None", "ebit": "-570000000", "ebitda": "-562000000", "netIncome": "-2113000000"}, {"fiscalDateEnding": "2007-12-31", "reportedCurrency": "USD", "grossProfit": "5232000000", "totalRevenue": "5232000000", "costOfRevenue": "3646000000", "costofGoodsAndServicesSold": "3646000000", "operatingIncome": "4555000000", "sellingGeneralAndAdministrative": "1517000000", "researchAndDevelopment": "None", "operatingExpenses": "-677000000", "investmentIncomeNet": "None", "netInterestIncome": "None", "interestIncome": "None", "interestExpense": "3018000000", "nonInterestIncome": "None", "otherNonOperatingIncome": "None", "depreciation": "None", "depreciationAndAmortization": "367000000", "incomeBeforeTax": "1537000000", "incomeTaxExpense": "461000000", "interestAndDebtExpense": "None", "netIncomeFromContinuingOperations": "None", "comprehensiveIncomeNetOfTax": "None", "ebit": "1537000000", "ebitda": "1904000000", "netIncome": "1076000000"}, {"fiscalDateEnding": "2006-12-31", "reportedCurrency": "USD", "grossProfit": "5026000000", "totalRevenue": "5026000000", "costOfRevenue": "3425000000", "costofGoodsAndServicesSold": "3425000000", "operatingIncome": "4713000000", "sellingGeneralAndAdministrative": "1466000000", "researchAndDevelopment": "None", "operatingExpenses": "-313000000", "investmentIncomeNet": "None", "netInterestIncome": "None", "interestIncome": "None", "interestExpense": "3082000000", "nonInterestIncome": "None", "otherNonOperatingIncome": "None", "depreciation": "None", "depreciationAndAmortization": "399000000", "incomeBeforeTax": "1627000000", "incomeTaxExpense": "443000000", "interestAndDebtExpense": "None", "netIncomeFromContinuingOperations": "None", "comprehensiveIncomeNetOfTax": "None", "ebit": "1627000000", "ebitda": "2026000000", "netIncome": "1188000000"}, {"fiscalDateEnding": "2005-12-31", "reportedCurrency": "USD", "grossProfit": "5465000000", "totalRevenue": "5465000000", "costOfRevenue": "2360000000", "costofGoodsAndServicesSold": "2360000000", "operatingIncome": "4237000000", "sellingGeneralAndAdministrative": "1416000000", "researchAndDevelopment": "None", "operatingExpenses": "-1228000000", "investmentIncomeNet": "None", "netInterestIncome": "None", "interestIncome": "None", "interestExpense": "2030000000", "nonInterestIncome": "None", "otherNonOperatingIncome": "None", "depreciation": "None", "depreciationAndAmortization": "405000000", "incomeBeforeTax": "2207000000", "incomeTaxExpense": "659000000", "interestAndDebtExpense": "None", "netIncomeFromContinuingOperations": "None", "comprehensiveIncomeNetOfTax": "None", "ebit": "2208000000", "ebitda": "2613000000", "netIncome": "1548000000"}], "quarterlyReports": [{"fiscalDateEnding": "2024-12-31", "reportedCurrency": "USD", "grossProfit": "2143000000", "totalRevenue": "2143000000", "costOfRevenue": "None", "costofGoodsAndServicesSold": "None", "operatingIncome": "None", "sellingGeneralAndAdministrative": "725000000", "researchAndDevelopment": "None", "operatingExpenses": "2143000000", "investmentIncomeNet": "None", "netInterestIncome": "1438000000", "interestIncome": "2529000000", "interestExpense": "1091000000", "nonInterestIncome": "None", "otherNonOperatingIncome": "None", "depreciation": "None", "depreciationAndAmortization": "124000000", "incomeBeforeTax": "765000000", "incomeTaxExpense": "145000000", "interestAndDebtExpense": "None", "netIncomeFromContinuingOperations": "620000000", "comprehensiveIncomeNetOfTax": "None", "ebit": "None", "ebitda": "None", "netIncome": "620000000"}, {"fiscalDateEnding": "2024-09-30", "reportedCurrency": "USD", "grossProfit": "3380000000", "totalRevenue": "2063000000", "costOfRevenue": "-1317000000", "costofGoodsAndServicesSold": "-1317000000", "operatingIncome": "722000000", "sellingGeneralAndAdministrative": "746000000", "researchAndDevelopment": "None", "operatingExpenses": "2063000000", "investmentIncomeNet": "None", "netInterestIncome": "1421000000", "interestIncome": "2669000000", "interestExpense": "1248000000", "nonInterestIncome": "None", "otherNonOperatingIncome": "None", "depreciation": "None", "depreciationAndAmortization": "128000000", "incomeBeforeTax": "728000000", "incomeTaxExpense": "155000000", "interestAndDebtExpense": "None", "netIncomeFromContinuingOperations": "573000000", "comprehensiveIncomeNetOfTax": "None", "ebit": "728000000", "ebitda": "856000000", "netIncome": "573000000"}, {"fiscalDateEnding": "2024-06-30", "reportedCurrency": "USD", "grossProfit": "3315000000", "totalRevenue": "3362000000", "costOfRevenue": "47000000", "costofGoodsAndServicesSold": "47000000", "operatingIncome": "764000000", "sellingGeneralAndAdministrative": "725000000", "researchAndDevelopment": "None", "operatingExpenses": "331000000", "investmentIncomeNet": "None", "netInterestIncome": "1387000000", "interestIncome": "2620000000", "interestExpense": "1233000000", "nonInterestIncome": "None", "otherNonOperatingIncome": "None", "depreciation": "None", "depreciationAndAmortization": "125000000", "incomeBeforeTax": "764000000", "incomeTaxExpense": "163000000", "interestAndDebtExpense": "None", "netIncomeFromContinuingOperations": "601000000", "comprehensiveIncomeNetOfTax": "None", "ebit": "834000000", "ebitda": "959000000", "netIncome": "601000000"}, {"fiscalDateEnding": "2024-03-31", "reportedCurrency": "USD", "grossProfit": "3318000000", "totalRevenue": "3283000000", "costOfRevenue": "-35000000", "costofGoodsAndServicesSold": "-35000000", "operatingIncome": "658000000", "sellingGeneralAndAdministrative": "851000000", "researchAndDevelopment": "None", "operatingExpenses": "345000000", "investmentIncomeNet": "None", "netInterestIncome": "1384000000", "interestIncome": "2608000000", "interestExpense": "1224000000", "nonInterestIncome": "None", "otherNonOperatingIncome": "None", "depreciation": "None", "depreciationAndAmortization": "133000000", "incomeBeforeTax": "658000000", "incomeTaxExpense": "138000000", "interestAndDebtExpense": "None", "netIncomeFromContinuingOperations": "520000000", "comprehensiveIncomeNetOfTax": "None", "ebit": "647000000", "ebitda": "780000000", "netIncome": "520000000"}, {"fiscalDateEnding": "2023-12-31", "reportedCurrency": "USD", "grossProfit": "3391000000", "totalRevenue": "3391000000", "costOfRevenue": "None", "costofGoodsAndServicesSold": "None", "operatingIncome": "2715000000", "sellingGeneralAndAdministrative": "724000000", "researchAndDevelopment": "None", "operatingExpenses": "676000000", "investmentIncomeNet": "None", "netInterestIncome": "1416000000", "interestIncome": "2647000000", "interestExpense": "277000000", "nonInterestIncome": "None", "otherNonOperatingIncome": "None", "depreciation": "None", "depreciationAndAmortization": "119000000", "incomeBeforeTax": "650000000", "incomeTaxExpense": "120000000", "interestAndDebtExpense": "None", "netIncomeFromContinuingOperations": "530000000", "comprehensiveIncomeNetOfTax": "None", "ebit": "0", "ebitda": "119000000", "netIncome": "530000000"}, {"fiscalDateEnding": "2023-09-30", "reportedCurrency": "USD", "grossProfit": "2132000000", "totalRevenue": "2132000000", "costOfRevenue": "None", "costofGoodsAndServicesSold": "None", "operatingIncome": "846000000", "sellingGeneralAndAdministrative": "658000000", "researchAndDevelopment": "None", "operatingExpenses": "-1286000000", "investmentIncomeNet": "None", "netInterestIncome": "1438000000", "interestIncome": "2529000000", "interestExpense": "1091000000", "nonInterestIncome": "None", "otherNonOperatingIncome": "None", "depreciation": "None", "depreciationAndAmortization": "120000000", "incomeBeforeTax": "846000000", "incomeTaxExpense": "186000000", "interestAndDebtExpense": "None", "netIncomeFromContinuingOperations": "660000000", "comprehensiveIncomeNetOfTax": "None", "ebit": "825000000", "ebitda": "945000000", "netIncome": "660000000"}, {"fiscalDateEnding": "2023-06-30", "reportedCurrency": "USD", "grossProfit": "2163000000", "totalRevenue": "2163000000", "costOfRevenue": "None", "costofGoodsAndServicesSold": "None", "operatingIncome": "775000000", "sellingGeneralAndAdministrative": "681000000", "researchAndDevelopment": "None", "operatingExpenses": "-1388000000", "investmentIncomeNet": "None", "netInterestIncome": "1457000000", "interestIncome": "2370000000", "interestExpense": "913000000", "nonInterestIncome": "None", "otherNonOperatingIncome": "None", "depreciation": "None", "depreciationAndAmortization": "120000000", "incomeBeforeTax": "775000000", "incomeTaxExpense": "174000000", "interestAndDebtExpense": "None", "netIncomeFromContinuingOperations": "601000000", "comprehensiveIncomeNetOfTax": "None", "ebit": "726000000", "ebitda": "846000000", "netIncome": "601000000"}, {"fiscalDateEnding": "2023-03-31", "reportedCurrency": "USD", "grossProfit": "2213000000", "totalRevenue": "2213000000", "costOfRevenue": "None", "costofGoodsAndServicesSold": "None", "operatingIncome": "1414000000", "sellingGeneralAndAdministrative": "791000000", "researchAndDevelopment": "None", "operatingExpenses": "29000000", "investmentIncomeNet": "None", "netInterestIncome": "1517000000", "interestIncome": "2213000000", "interestExpense": "696000000", "nonInterestIncome": "None", "otherNonOperatingIncome": "None", "depreciation": "None", "depreciationAndAmortization": "-23000000", "incomeBeforeTax": "718000000", "incomeTaxExpense": "160000000", "interestAndDebtExpense": "None", "netIncomeFromContinuingOperations": "558000000", "comprehensiveIncomeNetOfTax": "None", "ebit": "1414000000", "ebitda": "1391000000", "netIncome": "558000000"}, {"fiscalDateEnding": "2022-12-31", "reportedCurrency": "USD", "grossProfit": "56000000", "totalRevenue": "2297000000", "costOfRevenue": "None", "costofGoodsAndServicesSold": "None", "operatingIncome": "1412000000", "sellingGeneralAndAdministrative": "691000000", "researchAndDevelopment": "None", "operatingExpenses": "29000000", "investmentIncomeNet": "None", "netInterestIncome": "1577000000", "interestIncome": "2075000000", "interestExpense": "498000000", "nonInterestIncome": "None", "otherNonOperatingIncome": "None", "depreciation": "None", "depreciationAndAmortization": "112000000", "incomeBeforeTax": "914000000", "incomeTaxExpense": "177000000", "interestAndDebtExpense": "None", "netIncomeFromContinuingOperations": "737000000", "comprehensiveIncomeNetOfTax": "None", "ebit": "1412000000", "ebitda": "1524000000", "netIncome": "737000000"}, {"fiscalDateEnding": "2022-09-30", "reportedCurrency": "USD", "grossProfit": "1760000000", "totalRevenue": "2432000000", "costOfRevenue": "None", "costofGoodsAndServicesSold": "None", "operatingIncome": "845000000", "sellingGeneralAndAdministrative": "675000000", "researchAndDevelopment": "None", "operatingExpenses": "35000000", "investmentIncomeNet": "None", "netInterestIncome": "1498000000", "interestIncome": "1760000000", "interestExpense": "262000000", "nonInterestIncome": "None", "otherNonOperatingIncome": "None", "depreciation": "None", "depreciationAndAmortization": "106000000", "incomeBeforeTax": "845000000", "incomeTaxExpense": "192000000", "interestAndDebtExpense": "None", "netIncomeFromContinuingOperations": "653000000", "comprehensiveIncomeNetOfTax": "None", "ebit": "979000000", "ebitda": "1085000000", "netIncome": "631000000"}, {"fiscalDateEnding": "2022-06-30", "reportedCurrency": "USD", "grossProfit": "40000000", "totalRevenue": "2140000000", "costOfRevenue": "None", "costofGoodsAndServicesSold": "None", "operatingIncome": "849000000", "sellingGeneralAndAdministrative": "615000000", "researchAndDevelopment": "None", "operatingExpenses": "24000000", "investmentIncomeNet": "None", "netInterestIncome": "1339000000", "interestIncome": "1464000000", "interestExpense": "125000000", "nonInterestIncome": "None", "otherNonOperatingIncome": "None", "depreciation": "None", "depreciationAndAmortization": "109000000", "incomeBeforeTax": "724000000", "incomeTaxExpense": "162000000", "interestAndDebtExpense": "None", "netIncomeFromContinuingOperations": "562000000", "comprehensiveIncomeNetOfTax": "None", "ebit": "849000000", "ebitda": "958000000", "netIncome": "562000000"}, {"fiscalDateEnding": "2022-03-31", "reportedCurrency": "USD", "grossProfit": "1860000000", "totalRevenue": "1879000000", "costOfRevenue": "None", "costofGoodsAndServicesSold": "None", "operatingIncome": "706000000", "sellingGeneralAndAdministrative": "743000000", "researchAndDevelopment": "None", "operatingExpenses": "24000000", "investmentIncomeNet": "None", "netInterestIncome": "1195000000", "interestIncome": "1289000000", "interestExpense": "94000000", "nonInterestIncome": "None", "otherNonOperatingIncome": "None", "depreciation": "None", "depreciationAndAmortization": "109000000", "incomeBeforeTax": "612000000", "incomeTaxExpense": "118000000", "interestAndDebtExpense": "None", "netIncomeFromContinuingOperations": "494000000", "comprehensiveIncomeNetOfTax": "None", "ebit": "706000000", "ebitda": "815000000", "netIncome": "494000000"}, {"fiscalDateEnding": "2021-12-31", "reportedCurrency": "USD", "grossProfit": "2317000000", "totalRevenue": "2317000000", "costOfRevenue": "None", "costofGoodsAndServicesSold": "None", "operatingIncome": "927000000", "sellingGeneralAndAdministrative": "728000000", "researchAndDevelopment": "None", "operatingExpenses": "-1390000000", "investmentIncomeNet": "None", "netInterestIncome": "1197000000", "interestIncome": "1294000000", "interestExpense": "99000000", "nonInterestIncome": "None", "otherNonOperatingIncome": "None", "depreciation": "None", "depreciationAndAmortization": "-18000000", "incomeBeforeTax": "828000000", "incomeTaxExpense": "165000000", "interestAndDebtExpense": "None", "netIncomeFromContinuingOperations": "662000000", "comprehensiveIncomeNetOfTax": "None", "ebit": "904928609", "ebitda": "905000000", "netIncome": "662000000"}, {"fiscalDateEnding": "2021-09-30", "reportedCurrency": "USD", "grossProfit": "1946000000", "totalRevenue": "1946000000", "costOfRevenue": "None", "costofGoodsAndServicesSold": "None", "operatingIncome": "998000000", "sellingGeneralAndAdministrative": "699000000", "researchAndDevelopment": "None", "operatingExpenses": "23000000", "investmentIncomeNet": "None", "netInterestIncome": "1189000000", "interestIncome": "1292000000", "interestExpense": "103000000", "nonInterestIncome": "None", "otherNonOperatingIncome": "None", "depreciation": "None", "depreciationAndAmortization": "133000000", "incomeBeforeTax": "895000000", "incomeTaxExpense": "191000000", "interestAndDebtExpense": "None", "netIncomeFromContinuingOperations": "704000000", "comprehensiveIncomeNetOfTax": "None", "ebit": "951000000", "ebitda": "1084000000", "netIncome": "704000000"}, {"fiscalDateEnding": "2021-06-30", "reportedCurrency": "USD", "grossProfit": "1929000000", "totalRevenue": "1929000000", "costOfRevenue": "None", "costofGoodsAndServicesSold": "None", "operatingIncome": "1026000000", "sellingGeneralAndAdministrative": "710000000", "researchAndDevelopment": "None", "operatingExpenses": "20000000", "investmentIncomeNet": "None", "netInterestIncome": "1208000000", "interestIncome": "1323000000", "interestExpense": "115000000", "nonInterestIncome": "None", "otherNonOperatingIncome": "None", "depreciation": "None", "depreciationAndAmortization": "125000000", "incomeBeforeTax": "911000000", "incomeTaxExpense": "202000000", "interestAndDebtExpense": "None", "netIncomeFromContinuingOperations": "709000000", "comprehensiveIncomeNetOfTax": "None", "ebit": "907000000", "ebitda": "1032000000", "netIncome": "709000000"}, {"fiscalDateEnding": "2021-03-31", "reportedCurrency": "USD", "grossProfit": "1895000000", "totalRevenue": "1895000000", "costOfRevenue": "None", "costofGoodsAndServicesSold": "None", "operatingIncome": "1009000000", "sellingGeneralAndAdministrative": "777000000", "researchAndDevelopment": "None", "operatingExpenses": "23000000", "investmentIncomeNet": "None", "netInterestIncome": "1176000000", "interestIncome": "1302000000", "interestExpense": "126000000", "nonInterestIncome": "None", "otherNonOperatingIncome": "None", "depreciation": "None", "depreciationAndAmortization": "122000000", "incomeBeforeTax": "883000000", "incomeTaxExpense": "189000000", "interestAndDebtExpense": "None", "netIncomeFromContinuingOperations": "694000000", "comprehensiveIncomeNetOfTax": "None", "ebit": "883000000", "ebitda": "1005000000", "netIncome": "694000000"}, {"fiscalDateEnding": "2020-12-31", "reportedCurrency": "USD", "grossProfit": "1938000000", "totalRevenue": "1938000000", "costOfRevenue": "None", "costofGoodsAndServicesSold": "None", "operatingIncome": "879000000", "sellingGeneralAndAdministrative": "757000000", "researchAndDevelopment": "None", "operatingExpenses": "-1059000000", "investmentIncomeNet": "None", "netInterestIncome": "1182000000", "interestIncome": "1315000000", "interestExpense": "133000000", "nonInterestIncome": "None", "otherNonOperatingIncome": "None", "depreciation": "None", "depreciationAndAmortization": "134000000", "incomeBeforeTax": "746000000", "incomeTaxExpense": "142000000", "interestAndDebtExpense": "None", "netIncomeFromContinuingOperations": "605000000", "comprehensiveIncomeNetOfTax": "None", "ebit": "746000000", "ebitda": "880000000", "netIncome": "604000000"}, {"fiscalDateEnding": "2020-09-30", "reportedCurrency": "USD", "grossProfit": "1863000000", "totalRevenue": "1863000000", "costOfRevenue": "None", "costofGoodsAndServicesSold": "None", "operatingIncome": "905000000", "sellingGeneralAndAdministrative": "717000000", "researchAndDevelopment": "None", "operatingExpenses": "-958000000", "investmentIncomeNet": "None", "netInterestIncome": "1170000000", "interestIncome": "1329000000", "interestExpense": "159000000", "nonInterestIncome": "None", "otherNonOperatingIncome": "None", "depreciation": "None", "depreciationAndAmortization": "127000000", "incomeBeforeTax": "746000000", "incomeTaxExpense": "165000000", "interestAndDebtExpense": "None", "netIncomeFromContinuingOperations": "581000000", "comprehensiveIncomeNetOfTax": "None", "ebit": "746000000", "ebitda": "873000000", "netIncome": "581000000"}, {"fiscalDateEnding": "2020-06-30", "reportedCurrency": "USD", "grossProfit": "1821000000", "totalRevenue": "1821000000", "costOfRevenue": "None", "costofGoodsAndServicesSold": "None", "operatingIncome": "447000000", "sellingGeneralAndAdministrative": "692000000", "researchAndDevelopment": "None", "operatingExpenses": "-1374000000", "investmentIncomeNet": "None", "netInterestIncome": "1200000000", "interestIncome": "1403000000", "interestExpense": "203000000", "nonInterestIncome": "None", "otherNonOperatingIncome": "None", "depreciation": "None", "depreciationAndAmortization": "113000000", "incomeBeforeTax": "244000000", "incomeTaxExpense": "49000000", "interestAndDebtExpense": "None", "netIncomeFromContinuingOperations": "195000000", "comprehensiveIncomeNetOfTax": "None", "ebit": "265000000", "ebitda": "378000000", "netIncome": "195000000"}, {"fiscalDateEnding": "2020-03-31", "reportedCurrency": "USD", "grossProfit": "1869000000", "totalRevenue": "1869000000", "costOfRevenue": "None", "costofGoodsAndServicesSold": "None", "operatingIncome": "356000000", "sellingGeneralAndAdministrative": "717000000", "researchAndDevelopment": "None", "operatingExpenses": "-1513000000", "investmentIncomeNet": "None", "netInterestIncome": "1229000000", "interestIncome": "1525000000", "interestExpense": "296000000", "nonInterestIncome": "None", "otherNonOperatingIncome": "None", "depreciation": "None", "depreciationAndAmortization": "118000000", "incomeBeforeTax": "60000000", "incomeTaxExpense": "14000000", "interestAndDebtExpense": "None", "netIncomeFromContinuingOperations": "46000000", "comprehensiveIncomeNetOfTax": "None", "ebit": "473952700", "ebitda": "474000000", "netIncome": "46000000"}, {"fiscalDateEnding": "2019-12-31", "reportedCurrency": "USD", "grossProfit": "2230000000", "totalRevenue": "2230000000", "costOfRevenue": "None", "costofGoodsAndServicesSold": "None", "operatingIncome": "1273000000", "sellingGeneralAndAdministrative": "641000000", "researchAndDevelopment": "None", "operatingExpenses": "-957000000", "investmentIncomeNet": "None", "netInterestIncome": "1228000000", "interestIncome": "1560000000", "interestExpense": "332000000", "nonInterestIncome": "None", "otherNonOperatingIncome": "None", "depreciation": "None", "depreciationAndAmortization": "183000000", "incomeBeforeTax": "941000000", "incomeTaxExpense": "207000000", "interestAndDebtExpense": "None", "netIncomeFromContinuingOperations": "1510000000", "comprehensiveIncomeNetOfTax": "None", "ebit": "941000000", "ebitda": "1124000000", "netIncome": "734000000"}, {"fiscalDateEnding": "2019-09-30", "reportedCurrency": "USD", "grossProfit": "1949000000", "totalRevenue": "1949000000", "costOfRevenue": "None", "costofGoodsAndServicesSold": "None", "operatingIncome": "1072000000", "sellingGeneralAndAdministrative": "655000000", "researchAndDevelopment": "None", "operatingExpenses": "-877000000", "investmentIncomeNet": "None", "netInterestIncome": "1242000000", "interestIncome": "1625000000", "interestExpense": "383000000", "nonInterestIncome": "None", "otherNonOperatingIncome": "None", "depreciation": "None", "depreciationAndAmortization": "91000000", "incomeBeforeTax": "689000000", "incomeTaxExpense": "140000000", "interestAndDebtExpense": "None", "netIncomeFromContinuingOperations": "549000000", "comprehensiveIncomeNetOfTax": "None", "ebit": "1162955354", "ebitda": "1163000000", "netIncome": "549000000"}, {"fiscalDateEnding": "2019-06-30", "reportedCurrency": "USD", "grossProfit": "1871000000", "totalRevenue": "1871000000", "costOfRevenue": "None", "costofGoodsAndServicesSold": "None", "operatingIncome": "968000000", "sellingGeneralAndAdministrative": "709000000", "researchAndDevelopment": "None", "operatingExpenses": "-903000000", "investmentIncomeNet": "None", "netInterestIncome": "1245000000", "interestIncome": "1636000000", "interestExpense": "391000000", "nonInterestIncome": "None", "otherNonOperatingIncome": "None", "depreciation": "None", "depreciationAndAmortization": "109000000", "incomeBeforeTax": "577000000", "incomeTaxExpense": "124000000", "interestAndDebtExpense": "None", "netIncomeFromContinuingOperations": "453000000", "comprehensiveIncomeNetOfTax": "None", "ebit": "577000000", "ebitda": "686000000", "netIncome": "453000000"}, {"fiscalDateEnding": "2019-03-31", "reportedCurrency": "USD", "grossProfit": "1603000000", "totalRevenue": "1603000000", "costOfRevenue": "None", "costofGoodsAndServicesSold": "None", "operatingIncome": "1347000000", "sellingGeneralAndAdministrative": "662000000", "researchAndDevelopment": "None", "operatingExpenses": "-256000000", "investmentIncomeNet": "None", "netInterestIncome": "1082000000", "interestIncome": "1433000000", "interestExpense": "351000000", "nonInterestIncome": "None", "otherNonOperatingIncome": "None", "depreciation": "None", "depreciationAndAmortization": "89000000", "incomeBeforeTax": "996000000", "incomeTaxExpense": "221000000", "interestAndDebtExpense": "None", "netIncomeFromContinuingOperations": "775000000", "comprehensiveIncomeNetOfTax": "None", "ebit": "990000000", "ebitda": "1079000000", "netIncome": "775000000"}, {"fiscalDateEnding": "2018-12-31", "reportedCurrency": "USD", "grossProfit": "1623000000", "totalRevenue": "1623000000", "costOfRevenue": "407000000", "costofGoodsAndServicesSold": "407000000", "operatingIncome": "1035000000", "sellingGeneralAndAdministrative": "554000000", "researchAndDevelopment": "0", "operatingExpenses": "-588000000", "investmentIncomeNet": "None", "netInterestIncome": "None", "interestIncome": "None", "interestExpense": "312000000", "nonInterestIncome": "None", "otherNonOperatingIncome": "None", "depreciation": "None", "depreciationAndAmortization": "85000000", "incomeBeforeTax": "723000000", "incomeTaxExpense": "251000000", "interestAndDebtExpense": "None", "netIncomeFromContinuingOperations": "470000000", "comprehensiveIncomeNetOfTax": "None", "ebit": "723000000", "ebitda": "808000000", "netIncome": "455000000"}, {"fiscalDateEnding": "2018-09-30", "reportedCurrency": "USD", "grossProfit": "1575000000", "totalRevenue": "1575000000", "costOfRevenue": "359000000", "costofGoodsAndServicesSold": "359000000", "operatingIncome": "784000000", "sellingGeneralAndAdministrative": "567000000", "researchAndDevelopment": "0", "operatingExpenses": "-791000000", "investmentIncomeNet": "None", "netInterestIncome": "None", "interestIncome": "None", "interestExpense": "272000000", "nonInterestIncome": "None", "otherNonOperatingIncome": "None", "depreciation": "None", "depreciationAndAmortization": "49000000", "incomeBeforeTax": "512000000", "incomeTaxExpense": "79000000", "interestAndDebtExpense": "None", "netIncomeFromContinuingOperations": "433000000", "comprehensiveIncomeNetOfTax": "None", "ebit": "512000000", "ebitda": "561000000", "netIncome": "433000000"}, {"fiscalDateEnding": "2018-06-30", "reportedCurrency": "USD", "grossProfit": "1528000000", "totalRevenue": "1528000000", "costOfRevenue": "281000000", "costofGoodsAndServicesSold": "281000000", "operatingIncome": "942000000", "sellingGeneralAndAdministrative": "614000000", "researchAndDevelopment": "0", "operatingExpenses": "-586000000", "investmentIncomeNet": "None", "netInterestIncome": "None", "interestIncome": "None", "interestExpense": "249000000", "nonInterestIncome": "None", "otherNonOperatingIncome": "None", "depreciation": "None", "depreciationAndAmortization": "133000000", "incomeBeforeTax": "693000000", "incomeTaxExpense": "107000000", "interestAndDebtExpense": "None", "netIncomeFromContinuingOperations": "586000000", "comprehensiveIncomeNetOfTax": "None", "ebit": "693000000", "ebitda": "826000000", "netIncome": "586000000"}, {"fiscalDateEnding": "2018-03-31", "reportedCurrency": "USD", "grossProfit": "1470000000", "totalRevenue": "1470000000", "costOfRevenue": "233000000", "costofGoodsAndServicesSold": "233000000", "operatingIncome": "1046000000", "sellingGeneralAndAdministrative": "621000000", "researchAndDevelopment": "0", "operatingExpenses": "-424000000", "investmentIncomeNet": "None", "netInterestIncome": "None", "interestIncome": "None", "interestExpense": "210000000", "nonInterestIncome": "None", "otherNonOperatingIncome": "None", "depreciation": "None", "depreciationAndAmortization": "93000000", "incomeBeforeTax": "836000000", "incomeTaxExpense": "132000000", "interestAndDebtExpense": "None", "netIncomeFromContinuingOperations": "704000000", "comprehensiveIncomeNetOfTax": "None", "ebit": "836000000", "ebitda": "929000000", "netIncome": "704000000"}, {"fiscalDateEnding": "2017-12-31", "reportedCurrency": "USD", "grossProfit": "1499000000", "totalRevenue": "1499000000", "costOfRevenue": "257000000", "costofGoodsAndServicesSold": "257000000", "operatingIncome": "581000000", "sellingGeneralAndAdministrative": "561000000", "researchAndDevelopment": "0", "operatingExpenses": "-918000000", "investmentIncomeNet": "None", "netInterestIncome": "None", "interestIncome": "None", "interestExpense": "189000000", "nonInterestIncome": "None", "otherNonOperatingIncome": "None", "depreciation": "None", "depreciationAndAmortization": "86000000", "incomeBeforeTax": "392000000", "incomeTaxExpense": "-117000000", "interestAndDebtExpense": "None", "netIncomeFromContinuingOperations": "508000000", "comprehensiveIncomeNetOfTax": "None", "ebit": "487000000", "ebitda": "573000000", "netIncome": "509000000"}, {"fiscalDateEnding": "2017-09-30", "reportedCurrency": "USD", "grossProfit": "2499000000", "totalRevenue": "2499000000", "costOfRevenue": "249000000", "costofGoodsAndServicesSold": "249000000", "operatingIncome": "1671000000", "sellingGeneralAndAdministrative": "549000000", "researchAndDevelopment": "0", "operatingExpenses": "-828000000", "investmentIncomeNet": "None", "netInterestIncome": "None", "interestIncome": "None", "interestExpense": "182000000", "nonInterestIncome": "None", "otherNonOperatingIncome": "None", "depreciation": "None", "depreciationAndAmortization": "85000000", "incomeBeforeTax": "1489000000", "incomeTaxExpense": "475000000", "interestAndDebtExpense": "None", "netIncomeFromContinuingOperations": "1014000000", "comprehensiveIncomeNetOfTax": "None", "ebit": "1489000000", "ebitda": "1574000000", "netIncome": "1014000000"}, {"fiscalDateEnding": "2017-06-30", "reportedCurrency": "USD", "grossProfit": "1470000000", "totalRevenue": "1470000000", "costOfRevenue": "219000000", "costofGoodsAndServicesSold": "219000000", "operatingIncome": "661000000", "sellingGeneralAndAdministrative": "548000000", "researchAndDevelopment": "0", "operatingExpenses": "-809000000", "investmentIncomeNet": "None", "netInterestIncome": "None", "interestIncome": "None", "interestExpense": "167000000", "nonInterestIncome": "None", "otherNonOperatingIncome": "None", "depreciation": "None", "depreciationAndAmortization": "81000000", "incomeBeforeTax": "494000000", "incomeTaxExpense": "127000000", "interestAndDebtExpense": "None", "netIncomeFromContinuingOperations": "367000000", "comprehensiveIncomeNetOfTax": "None", "ebit": "494000000", "ebitda": "575000000", "netIncome": "367000000"}, {"fiscalDateEnding": "2017-03-31", "reportedCurrency": "USD", "grossProfit": "1426000000", "totalRevenue": "1426000000", "costOfRevenue": "227000000", "costofGoodsAndServicesSold": "227000000", "operatingIncome": "549000000", "sellingGeneralAndAdministrative": "591000000", "researchAndDevelopment": "0", "operatingExpenses": "-877000000", "investmentIncomeNet": "None", "netInterestIncome": "None", "interestIncome": "None", "interestExpense": "153000000", "nonInterestIncome": "None", "otherNonOperatingIncome": "None", "depreciation": "None", "depreciationAndAmortization": "89000000", "incomeBeforeTax": "396000000", "incomeTaxExpense": "91000000", "interestAndDebtExpense": "None", "netIncomeFromContinuingOperations": "305000000", "comprehensiveIncomeNetOfTax": "None", "ebit": "396000000", "ebitda": "485000000", "netIncome": "305000000"}, {"fiscalDateEnding": "2016-12-31", "reportedCurrency": "USD", "grossProfit": "1492000000", "totalRevenue": "1492000000", "costOfRevenue": "202000000", "costofGoodsAndServicesSold": "202000000", "operatingIncome": "657000000", "sellingGeneralAndAdministrative": "545000000", "researchAndDevelopment": "0", "operatingExpenses": "-835000000", "investmentIncomeNet": "None", "netInterestIncome": "None", "interestIncome": "None", "interestExpense": "148000000", "nonInterestIncome": "None", "otherNonOperatingIncome": "None", "depreciation": "None", "depreciationAndAmortization": "112000000", "incomeBeforeTax": "509000000", "incomeTaxExpense": "120000000", "interestAndDebtExpense": "None", "netIncomeFromContinuingOperations": "388000000", "comprehensiveIncomeNetOfTax": "None", "ebit": "509000000", "ebitda": "621000000", "netIncome": "395000000"}, {"fiscalDateEnding": "2016-09-30", "reportedCurrency": "USD", "grossProfit": "1734000000", "totalRevenue": "1734000000", "costOfRevenue": "229000000", "costofGoodsAndServicesSold": "229000000", "operatingIncome": "844000000", "sellingGeneralAndAdministrative": "547000000", "researchAndDevelopment": "0", "operatingExpenses": "-890000000", "investmentIncomeNet": "None", "netInterestIncome": "None", "interestIncome": "None", "interestExpense": "150000000", "nonInterestIncome": "None", "otherNonOperatingIncome": "None", "depreciation": "None", "depreciationAndAmortization": "113000000", "incomeBeforeTax": "694000000", "incomeTaxExpense": "178000000", "interestAndDebtExpense": "None", "netIncomeFromContinuingOperations": "516000000", "comprehensiveIncomeNetOfTax": "None", "ebit": "694000000", "ebitda": "807000000", "netIncome": "516000000"}, {"fiscalDateEnding": "2016-06-30", "reportedCurrency": "USD", "grossProfit": "1464000000", "totalRevenue": "1464000000", "costOfRevenue": "236000000", "costofGoodsAndServicesSold": "236000000", "operatingIncome": "575000000", "sellingGeneralAndAdministrative": "554000000", "researchAndDevelopment": "0", "operatingExpenses": "-889000000", "investmentIncomeNet": "None", "netInterestIncome": "None", "interestIncome": "None", "interestExpense": "144000000", "nonInterestIncome": "None", "otherNonOperatingIncome": "None", "depreciation": "None", "depreciationAndAmortization": "118000000", "incomeBeforeTax": "427000000", "incomeTaxExpense": "98000000", "interestAndDebtExpense": "None", "netIncomeFromContinuingOperations": "329000000", "comprehensiveIncomeNetOfTax": "None", "ebit": "575000000", "ebitda": "693000000", "netIncome": "333000000"}, {"fiscalDateEnding": "2016-03-31", "reportedCurrency": "USD", "grossProfit": "1505000000", "totalRevenue": "1505000000", "costOfRevenue": "254000000", "costofGoodsAndServicesSold": "254000000", "operatingIncome": "570000000", "sellingGeneralAndAdministrative": "570000000", "researchAndDevelopment": "0", "operatingExpenses": "-935000000", "investmentIncomeNet": "None", "netInterestIncome": "None", "interestIncome": "None", "interestExpense": "135000000", "nonInterestIncome": "None", "otherNonOperatingIncome": "None", "depreciation": "None", "depreciationAndAmortization": "110000000", "incomeBeforeTax": "435000000", "incomeTaxExpense": "108000000", "interestAndDebtExpense": "None", "netIncomeFromContinuingOperations": "327000000", "comprehensiveIncomeNetOfTax": "None", "ebit": "570000000", "ebitda": "680000000", "netIncome": "327000000"}, {"fiscalDateEnding": "2015-12-31", "reportedCurrency": "USD", "grossProfit": "1632000000", "totalRevenue": "1632000000", "costOfRevenue": "223000000", "costofGoodsAndServicesSold": "223000000", "operatingIncome": "1080000000", "sellingGeneralAndAdministrative": "521000000", "researchAndDevelopment": "0", "operatingExpenses": "-552000000", "investmentIncomeNet": "None", "netInterestIncome": "None", "interestIncome": "None", "interestExpense": "132000000", "nonInterestIncome": "None", "otherNonOperatingIncome": "None", "depreciation": "None", "depreciationAndAmortization": "108000000", "incomeBeforeTax": "948000000", "incomeTaxExpense": "292000000", "interestAndDebtExpense": "None", "netIncomeFromContinuingOperations": "1706000000", "comprehensiveIncomeNetOfTax": "None", "ebit": "1080000000", "ebitda": "1188000000", "netIncome": "657000000"}, {"fiscalDateEnding": "2015-09-30", "reportedCurrency": "USD", "grossProfit": "1574000000", "totalRevenue": "1574000000", "costOfRevenue": "281000000", "costofGoodsAndServicesSold": "281000000", "operatingIncome": "640000000", "sellingGeneralAndAdministrative": "518000000", "researchAndDevelopment": "0", "operatingExpenses": "-934000000", "investmentIncomeNet": "None", "netInterestIncome": "None", "interestIncome": "None", "interestExpense": "125000000", "nonInterestIncome": "None", "otherNonOperatingIncome": "None", "depreciation": "None", "depreciationAndAmortization": "112000000", "incomeBeforeTax": "515000000", "incomeTaxExpense": "134000000", "interestAndDebtExpense": "None", "netIncomeFromContinuingOperations": "381000000", "comprehensiveIncomeNetOfTax": "None", "ebit": "640000000", "ebitda": "752000000", "netIncome": "381000000"}, {"fiscalDateEnding": "2015-06-30", "reportedCurrency": "USD", "grossProfit": "1502000000", "totalRevenue": "1502000000", "costOfRevenue": "195000000", "costofGoodsAndServicesSold": "195000000", "operatingIncome": "539000000", "sellingGeneralAndAdministrative": "518000000", "researchAndDevelopment": "0", "operatingExpenses": "-963000000", "investmentIncomeNet": "None", "netInterestIncome": "None", "interestIncome": "None", "interestExpense": "116000000", "nonInterestIncome": "None", "otherNonOperatingIncome": "None", "depreciation": "None", "depreciationAndAmortization": "114000000", "incomeBeforeTax": "417000000", "incomeTaxExpense": "108000000", "interestAndDebtExpense": "None", "netIncomeFromContinuingOperations": "309000000", "comprehensiveIncomeNetOfTax": "None", "ebit": "539000000", "ebitda": "653000000", "netIncome": "315000000"}, {"fiscalDateEnding": "2015-03-31", "reportedCurrency": "USD", "grossProfit": "1471000000", "totalRevenue": "1471000000", "costOfRevenue": "192000000", "costofGoodsAndServicesSold": "192000000", "operatingIncome": "608000000", "sellingGeneralAndAdministrative": "514000000", "researchAndDevelopment": "0", "operatingExpenses": "-863000000", "investmentIncomeNet": "None", "netInterestIncome": "None", "interestIncome": "None", "interestExpense": "123000000", "nonInterestIncome": "None", "otherNonOperatingIncome": "None", "depreciation": "None", "depreciationAndAmortization": "107000000", "incomeBeforeTax": "485000000", "incomeTaxExpense": "124000000", "interestAndDebtExpense": "None", "netIncomeFromContinuingOperations": "361000000", "comprehensiveIncomeNetOfTax": "None", "ebit": "608000000", "ebitda": "715000000", "netIncome": "382000000"}, {"fiscalDateEnding": "2014-12-31", "reportedCurrency": "USD", "grossProfit": "1500000000", "totalRevenue": "1500000000", "costOfRevenue": "227000000", "costofGoodsAndServicesSold": "227000000", "operatingIncome": "647000000", "sellingGeneralAndAdministrative": "488000000", "researchAndDevelopment": "0", "operatingExpenses": "-853000000", "investmentIncomeNet": "None", "netInterestIncome": "None", "interestIncome": "None", "interestExpense": "128000000", "nonInterestIncome": "None", "otherNonOperatingIncome": "None", "depreciation": "None", "depreciationAndAmortization": "107000000", "incomeBeforeTax": "519000000", "incomeTaxExpense": "134000000", "interestAndDebtExpense": "None", "netIncomeFromContinuingOperations": "385000000", "comprehensiveIncomeNetOfTax": "None", "ebit": "647000000", "ebitda": "754000000", "netIncome": "385000000"}, {"fiscalDateEnding": "2014-09-30", "reportedCurrency": "USD", "grossProfit": "1386000000", "totalRevenue": "1386000000", "costOfRevenue": "185000000", "costofGoodsAndServicesSold": "185000000", "operatingIncome": "579000000", "sellingGeneralAndAdministrative": "481000000", "researchAndDevelopment": "0", "operatingExpenses": "-807000000", "investmentIncomeNet": "None", "netInterestIncome": "None", "interestIncome": "None", "interestExpense": "115000000", "nonInterestIncome": "None", "otherNonOperatingIncome": "None", "depreciation": "None", "depreciationAndAmortization": "107000000", "incomeBeforeTax": "464000000", "incomeTaxExpense": "124000000", "interestAndDebtExpense": "None", "netIncomeFromContinuingOperations": "340000000", "comprehensiveIncomeNetOfTax": "None", "ebit": "579000000", "ebitda": "686000000", "netIncome": "340000000"}, {"fiscalDateEnding": "2014-06-30", "reportedCurrency": "USD", "grossProfit": "1599000000", "totalRevenue": "1599000000", "costOfRevenue": "185000000", "costofGoodsAndServicesSold": "185000000", "operatingIncome": "714000000", "sellingGeneralAndAdministrative": "500000000", "researchAndDevelopment": "0", "operatingExpenses": "-885000000", "investmentIncomeNet": "None", "netInterestIncome": "None", "interestIncome": "None", "interestExpense": "108000000", "nonInterestIncome": "None", "otherNonOperatingIncome": "None", "depreciation": "None", "depreciationAndAmortization": "102000000", "incomeBeforeTax": "606000000", "incomeTaxExpense": "167000000", "interestAndDebtExpense": "None", "netIncomeFromContinuingOperations": "439000000", "comprehensiveIncomeNetOfTax": "None", "ebit": "714000000", "ebitda": "816000000", "netIncome": "439000000"}, {"fiscalDateEnding": "2014-03-31", "reportedCurrency": "USD", "grossProfit": "1426000000", "totalRevenue": "1426000000", "costOfRevenue": "169000000", "costofGoodsAndServicesSold": "169000000", "operatingIncome": "537000000", "sellingGeneralAndAdministrative": "516000000", "researchAndDevelopment": "0", "operatingExpenses": "-889000000", "investmentIncomeNet": "None", "netInterestIncome": "None", "interestIncome": "None", "interestExpense": "100000000", "nonInterestIncome": "None", "otherNonOperatingIncome": "None", "depreciation": "None", "depreciationAndAmortization": "98000000", "incomeBeforeTax": "438000000", "incomeTaxExpense": "119000000", "interestAndDebtExpense": "None", "netIncomeFromContinuingOperations": "319000000", "comprehensiveIncomeNetOfTax": "None", "ebit": "537000000", "ebitda": "635000000", "netIncome": "318000000"}, {"fiscalDateEnding": "2013-12-31", "reportedCurrency": "USD", "grossProfit": "1566000000", "totalRevenue": "1566000000", "costOfRevenue": "155000000", "costofGoodsAndServicesSold": "155000000", "operatingIncome": "664000000", "sellingGeneralAndAdministrative": "520000000", "researchAndDevelopment": "0", "operatingExpenses": "-902000000", "investmentIncomeNet": "None", "netInterestIncome": "None", "interestIncome": "None", "interestExpense": "102000000", "nonInterestIncome": "None", "otherNonOperatingIncome": "None", "depreciation": "None", "depreciationAndAmortization": "97000000", "incomeBeforeTax": "561000000", "incomeTaxExpense": "159000000", "interestAndDebtExpense": "None", "netIncomeFromContinuingOperations": "402000000", "comprehensiveIncomeNetOfTax": "None", "ebit": "664000000", "ebitda": "761000000", "netIncome": "402000000"}, {"fiscalDateEnding": "2013-09-30", "reportedCurrency": "USD", "grossProfit": "1581000000", "totalRevenue": "1581000000", "costOfRevenue": "149000000", "costofGoodsAndServicesSold": "149000000", "operatingIncome": "703000000", "sellingGeneralAndAdministrative": "529000000", "researchAndDevelopment": "0", "operatingExpenses": "-878000000", "investmentIncomeNet": "None", "netInterestIncome": "None", "interestIncome": "None", "interestExpense": "99000000", "nonInterestIncome": "None", "otherNonOperatingIncome": "None", "depreciation": "None", "depreciationAndAmortization": "134000000", "incomeBeforeTax": "604000000", "incomeTaxExpense": "183000000", "interestAndDebtExpense": "None", "netIncomeFromContinuingOperations": "421000000", "comprehensiveIncomeNetOfTax": "None", "ebit": "703000000", "ebitda": "837000000", "netIncome": "421000000"}, {"fiscalDateEnding": "2013-06-30", "reportedCurrency": "USD", "grossProfit": "1907000000", "totalRevenue": "1907000000", "costOfRevenue": "168000000", "costofGoodsAndServicesSold": "168000000", "operatingIncome": "945000000", "sellingGeneralAndAdministrative": "543000000", "researchAndDevelopment": "0", "operatingExpenses": "-962000000", "investmentIncomeNet": "None", "netInterestIncome": "None", "interestIncome": "None", "interestExpense": "104000000", "nonInterestIncome": "None", "otherNonOperatingIncome": "None", "depreciation": "None", "depreciationAndAmortization": "139000000", "incomeBeforeTax": "841000000", "incomeTaxExpense": "250000000", "interestAndDebtExpense": "None", "netIncomeFromContinuingOperations": "591000000", "comprehensiveIncomeNetOfTax": "None", "ebit": "945000000", "ebitda": "1084000000", "netIncome": "603000000"}, {"fiscalDateEnding": "2013-03-31", "reportedCurrency": "USD", "grossProfit": "1600000000", "totalRevenue": "1600000000", "costOfRevenue": "169000000", "costofGoodsAndServicesSold": "169000000", "operatingIncome": "708000000", "sellingGeneralAndAdministrative": "570000000", "researchAndDevelopment": "0", "operatingExpenses": "-892000000", "investmentIncomeNet": "None", "netInterestIncome": "None", "interestIncome": "None", "interestExpense": "107000000", "nonInterestIncome": "None", "otherNonOperatingIncome": "None", "depreciation": "None", "depreciationAndAmortization": "137000000", "incomeBeforeTax": "591000000", "incomeTaxExpense": "179000000", "interestAndDebtExpense": "None", "netIncomeFromContinuingOperations": "412000000", "comprehensiveIncomeNetOfTax": "None", "ebit": "708000000", "ebitda": "845000000", "netIncome": "422000000"}, {"fiscalDateEnding": "2012-12-31", "reportedCurrency": "USD", "grossProfit": "1591000000", "totalRevenue": "1591000000", "costOfRevenue": "193000000", "costofGoodsAndServicesSold": "193000000", "operatingIncome": "660000000", "sellingGeneralAndAdministrative": "482000000", "researchAndDevelopment": "0", "operatingExpenses": "-931000000", "investmentIncomeNet": "None", "netInterestIncome": "None", "interestIncome": "None", "interestExpense": "117000000", "nonInterestIncome": "None", "otherNonOperatingIncome": "None", "depreciation": "None", "depreciationAndAmortization": "143000000", "incomeBeforeTax": "540000000", "incomeTaxExpense": "145000000", "interestAndDebtExpense": "None", "netIncomeFromContinuingOperations": "0", "comprehensiveIncomeNetOfTax": "None", "ebit": "660000000", "ebitda": "803000000", "netIncome": "399000000"}, {"fiscalDateEnding": "2012-09-30", "reportedCurrency": "USD", "grossProfit": "1544000000", "totalRevenue": "1544000000", "costOfRevenue": "186000000", "costofGoodsAndServicesSold": "186000000", "operatingIncome": "622000000", "sellingGeneralAndAdministrative": "557000000", "researchAndDevelopment": "0", "operatingExpenses": "-922000000", "investmentIncomeNet": "None", "netInterestIncome": "None", "interestIncome": "None", "interestExpense": "120000000", "nonInterestIncome": "None", "otherNonOperatingIncome": "None", "depreciation": "None", "depreciationAndAmortization": "134000000", "incomeBeforeTax": "503000000", "incomeTaxExpense": "139000000", "interestAndDebtExpense": "None", "netIncomeFromContinuingOperations": "0", "comprehensiveIncomeNetOfTax": "None", "ebit": "622000000", "ebitda": "756000000", "netIncome": "363000000"}, {"fiscalDateEnding": "2012-06-30", "reportedCurrency": "USD", "grossProfit": "1573000000", "totalRevenue": "1573000000", "costOfRevenue": "203000000", "costofGoodsAndServicesSold": "203000000", "operatingIncome": "697000000", "sellingGeneralAndAdministrative": "555000000", "researchAndDevelopment": "0", "operatingExpenses": "-876000000", "investmentIncomeNet": "None", "netInterestIncome": "None", "interestIncome": "None", "interestExpense": "132000000", "nonInterestIncome": "None", "otherNonOperatingIncome": "None", "depreciation": "None", "depreciationAndAmortization": "126000000", "incomeBeforeTax": "565000000", "incomeTaxExpense": "180000000", "interestAndDebtExpense": "None", "netIncomeFromContinuingOperations": "0", "comprehensiveIncomeNetOfTax": "None", "ebit": "697000000", "ebitda": "823000000", "netIncome": "385000000"}, {"fiscalDateEnding": "2012-03-31", "reportedCurrency": "USD", "grossProfit": "1672000000", "totalRevenue": "1672000000", "costOfRevenue": "233000000", "costofGoodsAndServicesSold": "233000000", "operatingIncome": "745000000", "sellingGeneralAndAdministrative": "588000000", "researchAndDevelopment": "0", "operatingExpenses": "-927000000", "investmentIncomeNet": "None", "netInterestIncome": "None", "interestIncome": "None", "interestExpense": "142000000", "nonInterestIncome": "None", "otherNonOperatingIncome": "None", "depreciation": "None", "depreciationAndAmortization": "128000000", "incomeBeforeTax": "603000000", "incomeTaxExpense": "173000000", "interestAndDebtExpense": "None", "netIncomeFromContinuingOperations": "0", "comprehensiveIncomeNetOfTax": "None", "ebit": "745000000", "ebitda": "873000000", "netIncome": "430000000"}, {"fiscalDateEnding": "2011-12-31", "reportedCurrency": "USD", "grossProfit": "1346000000", "totalRevenue": "1346000000", "costOfRevenue": "197000000", "costofGoodsAndServicesSold": "197000000", "operatingIncome": "560000000", "sellingGeneralAndAdministrative": "543000000", "researchAndDevelopment": "0", "operatingExpenses": "-786000000", "investmentIncomeNet": "None", "netInterestIncome": "None", "interestIncome": "None", "interestExpense": "142000000", "nonInterestIncome": "None", "otherNonOperatingIncome": "None", "depreciation": "None", "depreciationAndAmortization": "129000000", "incomeBeforeTax": "418000000", "incomeTaxExpense": "104000000", "interestAndDebtExpense": "None", "netIncomeFromContinuingOperations": "0", "comprehensiveIncomeNetOfTax": "None", "ebit": "560000000", "ebitda": "689000000", "netIncome": "314000000"}, {"fiscalDateEnding": "2011-09-30", "reportedCurrency": "USD", "grossProfit": "1563000000", "totalRevenue": "1563000000", "costOfRevenue": "244000000", "costofGoodsAndServicesSold": "244000000", "operatingIncome": "687000000", "sellingGeneralAndAdministrative": "521000000", "researchAndDevelopment": "0", "operatingExpenses": "-876000000", "investmentIncomeNet": "None", "netInterestIncome": "None", "interestIncome": "None", "interestExpense": "157000000", "nonInterestIncome": "None", "otherNonOperatingIncome": "None", "depreciation": "None", "depreciationAndAmortization": "111000000", "incomeBeforeTax": "530000000", "incomeTaxExpense": "149000000", "interestAndDebtExpense": "None", "netIncomeFromContinuingOperations": "381000000", "comprehensiveIncomeNetOfTax": "None", "ebit": "687000000", "ebitda": "798000000", "netIncome": "381000000"}, {"fiscalDateEnding": "2011-06-30", "reportedCurrency": "USD", "grossProfit": "1520000000", "totalRevenue": "1520000000", "costOfRevenue": "294000000", "costofGoodsAndServicesSold": "294000000", "operatingIncome": "687000000", "sellingGeneralAndAdministrative": "521000000", "researchAndDevelopment": "0", "operatingExpenses": "-833000000", "investmentIncomeNet": "None", "netInterestIncome": "None", "interestIncome": "None", "interestExpense": "181000000", "nonInterestIncome": "None", "otherNonOperatingIncome": "None", "depreciation": "None", "depreciationAndAmortization": "103000000", "incomeBeforeTax": "506000000", "incomeTaxExpense": "169000000", "interestAndDebtExpense": "None", "netIncomeFromContinuingOperations": "337000000", "comprehensiveIncomeNetOfTax": "None", "ebit": "687000000", "ebitda": "790000000", "netIncome": "337000000"}, {"fiscalDateEnding": "2011-03-31", "reportedCurrency": "USD", "grossProfit": "1468000000", "totalRevenue": "1468000000", "costOfRevenue": "349000000", "costofGoodsAndServicesSold": "349000000", "operatingIncome": "558000000", "sellingGeneralAndAdministrative": "522000000", "researchAndDevelopment": "0", "operatingExpenses": "-910000000", "investmentIncomeNet": "None", "netInterestIncome": "None", "interestIncome": "None", "interestExpense": "181000000", "nonInterestIncome": "None", "otherNonOperatingIncome": "None", "depreciation": "None", "depreciationAndAmortization": "112000000", "incomeBeforeTax": "377000000", "incomeTaxExpense": "112000000", "interestAndDebtExpense": "None", "netIncomeFromContinuingOperations": "265000000", "comprehensiveIncomeNetOfTax": "None", "ebit": "558000000", "ebitda": "670000000", "netIncome": "265000000"}, {"fiscalDateEnding": "2010-12-31", "reportedCurrency": "USD", "grossProfit": "1461000000", "totalRevenue": "1461000000", "costOfRevenue": "356000000", "costofGoodsAndServicesSold": "356000000", "operatingIncome": "607000000", "sellingGeneralAndAdministrative": "593000000", "researchAndDevelopment": "0", "operatingExpenses": "-854000000", "investmentIncomeNet": "None", "netInterestIncome": "None", "interestIncome": "None", "interestExpense": "190000000", "nonInterestIncome": "None", "otherNonOperatingIncome": "None", "depreciation": "None", "depreciationAndAmortization": "130000000", "incomeBeforeTax": "417000000", "incomeTaxExpense": "84000000", "interestAndDebtExpense": "None", "netIncomeFromContinuingOperations": "0", "comprehensiveIncomeNetOfTax": "None", "ebit": "607000000", "ebitda": "737000000", "netIncome": "333000000"}, {"fiscalDateEnding": "2010-09-30", "reportedCurrency": "USD", "grossProfit": "1739000000", "totalRevenue": "1739000000", "costOfRevenue": "672000000", "costofGoodsAndServicesSold": "672000000", "operatingIncome": "517000000", "sellingGeneralAndAdministrative": "516000000", "researchAndDevelopment": "0", "operatingExpenses": "-1222000000", "investmentIncomeNet": "None", "netInterestIncome": "None", "interestIncome": "None", "interestExpense": "214000000", "nonInterestIncome": "None", "otherNonOperatingIncome": "None", "depreciation": "None", "depreciationAndAmortization": "121000000", "incomeBeforeTax": "303000000", "incomeTaxExpense": "65000000", "interestAndDebtExpense": "None", "netIncomeFromContinuingOperations": "0", "comprehensiveIncomeNetOfTax": "None", "ebit": "517000000", "ebitda": "638000000", "netIncome": "238000000"}, {"fiscalDateEnding": "2010-06-30", "reportedCurrency": "USD", "grossProfit": "1507000000", "totalRevenue": "1507000000", "costOfRevenue": "559000000", "costofGoodsAndServicesSold": "559000000", "operatingIncome": "476000000", "sellingGeneralAndAdministrative": "505000000", "researchAndDevelopment": "0", "operatingExpenses": "-1031000000", "investmentIncomeNet": "None", "netInterestIncome": "None", "interestIncome": "None", "interestExpense": "234000000", "nonInterestIncome": "None", "otherNonOperatingIncome": "None", "depreciation": "None", "depreciationAndAmortization": "109000000", "incomeBeforeTax": "242000000", "incomeTaxExpense": "50000000", "interestAndDebtExpense": "None", "netIncomeFromContinuingOperations": "0", "comprehensiveIncomeNetOfTax": "None", "ebit": "476000000", "ebitda": "585000000", "netIncome": "192000000"}, {"fiscalDateEnding": "2010-03-31", "reportedCurrency": "USD", "grossProfit": "1524000000", "totalRevenue": "1524000000", "costOfRevenue": "836000000", "costofGoodsAndServicesSold": "836000000", "operatingIncome": "224000000", "sellingGeneralAndAdministrative": "460000000", "researchAndDevelopment": "0", "operatingExpenses": "-1300000000", "investmentIncomeNet": "None", "netInterestIncome": "None", "interestIncome": "None", "interestExpense": "246000000", "nonInterestIncome": "None", "otherNonOperatingIncome": "None", "depreciation": "None", "depreciationAndAmortization": "97000000", "incomeBeforeTax": "-22000000", "incomeTaxExpense": "-12000000", "interestAndDebtExpense": "None", "netIncomeFromContinuingOperations": "0", "comprehensiveIncomeNetOfTax": "None", "ebit": "224000000", "ebitda": "321000000", "netIncome": "-10000000"}, {"fiscalDateEnding": "2009-12-31", "reportedCurrency": "USD", "grossProfit": "1093000000", "totalRevenue": "1093000000", "costOfRevenue": "1042000000", "costofGoodsAndServicesSold": "1042000000", "operatingIncome": "51000000", "sellingGeneralAndAdministrative": "656000000", "researchAndDevelopment": "0", "operatingExpenses": "-1042000000", "investmentIncomeNet": "None", "netInterestIncome": "None", "interestIncome": "None", "interestExpense": "265000000", "nonInterestIncome": "None", "otherNonOperatingIncome": "None", "depreciation": "None", "depreciationAndAmortization": "83000000", "incomeBeforeTax": "-214000000", "incomeTaxExpense": "-116000000", "interestAndDebtExpense": "None", "netIncomeFromContinuingOperations": "0", "comprehensiveIncomeNetOfTax": "None", "ebit": "51000000", "ebitda": "134000000", "netIncome": "-98000000"}, {"fiscalDateEnding": "2009-09-30", "reportedCurrency": "USD", "grossProfit": "1726000000", "totalRevenue": "1726000000", "costOfRevenue": "1251000000", "costofGoodsAndServicesSold": "1251000000", "operatingIncome": "192000000", "sellingGeneralAndAdministrative": "461000000", "researchAndDevelopment": "0", "operatingExpenses": "467000000", "investmentIncomeNet": "None", "netInterestIncome": "None", "interestIncome": "None", "interestExpense": "300000000", "nonInterestIncome": "None", "otherNonOperatingIncome": "None", "depreciation": "None", "depreciationAndAmortization": "76000000", "incomeBeforeTax": "-108000000", "incomeTaxExpense": "-11000000", "interestAndDebtExpense": "None", "netIncomeFromContinuingOperations": "0", "comprehensiveIncomeNetOfTax": "None", "ebit": "192000000", "ebitda": "268000000", "netIncome": "-97000000"}, {"fiscalDateEnding": "2009-06-30", "reportedCurrency": "USD", "grossProfit": "3419000000", "totalRevenue": "3419000000", "costOfRevenue": "1389000000", "costofGoodsAndServicesSold": "1389000000", "operatingIncome": "1700000000", "sellingGeneralAndAdministrative": "541000000", "researchAndDevelopment": "0", "operatingExpenses": "-1719000000", "investmentIncomeNet": "None", "netInterestIncome": "None", "interestIncome": "None", "interestExpense": "348000000", "nonInterestIncome": "None", "otherNonOperatingIncome": "None", "depreciation": "None", "depreciationAndAmortization": "96000000", "incomeBeforeTax": "1352000000", "incomeTaxExpense": "470000000", "interestAndDebtExpense": "None", "netIncomeFromContinuingOperations": "0", "comprehensiveIncomeNetOfTax": "None", "ebit": "1700000000", "ebitda": "1796000000", "netIncome": "882000000"}, {"fiscalDateEnding": "2009-03-31", "reportedCurrency": "USD", "grossProfit": "1473000000", "totalRevenue": "1473000000", "costOfRevenue": "1175000000", "costofGoodsAndServicesSold": "1175000000", "operatingIncome": "140000000", "sellingGeneralAndAdministrative": "455000000", "researchAndDevelopment": "0", "operatingExpenses": "-1333000000", "investmentIncomeNet": "None", "netInterestIncome": "None", "interestIncome": "None", "interestExpense": "402000000", "nonInterestIncome": "None", "otherNonOperatingIncome": "None", "depreciation": "None", "depreciationAndAmortization": "86000000", "incomeBeforeTax": "-262000000", "incomeTaxExpense": "-312000000", "interestAndDebtExpense": "None", "netIncomeFromContinuingOperations": "0", "comprehensiveIncomeNetOfTax": "None", "ebit": "140000000", "ebitda": "226000000", "netIncome": "50000000"}, {"fiscalDateEnding": "2008-12-31", "reportedCurrency": "USD", "grossProfit": "912000000", "totalRevenue": "912000000", "costOfRevenue": "2870000000", "costofGoodsAndServicesSold": "2870000000", "operatingIncome": "-2330000000", "sellingGeneralAndAdministrative": "192000000", "researchAndDevelopment": "0", "operatingExpenses": "-3242000000", "investmentIncomeNet": "None", "netInterestIncome": "None", "interestIncome": "None", "interestExpense": "513000000", "nonInterestIncome": "None", "otherNonOperatingIncome": "None", "depreciation": "None", "depreciationAndAmortization": "-260000000", "incomeBeforeTax": "-2843000000", "incomeTaxExpense": "-701000000", "interestAndDebtExpense": "None", "netIncomeFromContinuingOperations": "0", "comprehensiveIncomeNetOfTax": "None", "ebit": "-2330000000", "ebitda": "-2590000000", "netIncome": "-2142000000"}, {"fiscalDateEnding": "2008-09-30", "reportedCurrency": "USD", "grossProfit": "1780000000", "totalRevenue": "1780000000", "costOfRevenue": "1426000000", "costofGoodsAndServicesSold": "1426000000", "operatingIncome": "357000000", "sellingGeneralAndAdministrative": "510000000", "researchAndDevelopment": "0", "operatingExpenses": "-1423000000", "investmentIncomeNet": "None", "netInterestIncome": "None", "interestIncome": "None", "interestExpense": "485000000", "nonInterestIncome": "None", "otherNonOperatingIncome": "None", "depreciation": "None", "depreciationAndAmortization": "96000000", "incomeBeforeTax": "-128000000", "incomeTaxExpense": "-72000000", "interestAndDebtExpense": "None", "netIncomeFromContinuingOperations": "0", "comprehensiveIncomeNetOfTax": "None", "ebit": "357000000", "ebitda": "453000000", "netIncome": "-56000000"}, {"fiscalDateEnding": "2008-06-30", "reportedCurrency": "USD", "grossProfit": "1460000000", "totalRevenue": "1460000000", "costOfRevenue": "1187000000", "costofGoodsAndServicesSold": "1187000000", "operatingIncome": "352000000", "sellingGeneralAndAdministrative": "391000000", "researchAndDevelopment": "0", "operatingExpenses": "-1108000000", "investmentIncomeNet": "None", "netInterestIncome": "None", "interestIncome": "None", "interestExpense": "469000000", "nonInterestIncome": "None", "otherNonOperatingIncome": "None", "depreciation": "None", "depreciationAndAmortization": "107000000", "incomeBeforeTax": "-117000000", "incomeTaxExpense": "85000000", "interestAndDebtExpense": "None", "netIncomeFromContinuingOperations": "0", "comprehensiveIncomeNetOfTax": "None", "ebit": "352000000", "ebitda": "459000000", "netIncome": "-202000000"}, {"fiscalDateEnding": "2008-03-31", "reportedCurrency": "USD", "grossProfit": "1684000000", "totalRevenue": "1684000000", "costOfRevenue": "1171000000", "costofGoodsAndServicesSold": "1171000000", "operatingIncome": "1052000000", "sellingGeneralAndAdministrative": "432000000", "researchAndDevelopment": "0", "operatingExpenses": "-632000000", "investmentIncomeNet": "None", "netInterestIncome": "None", "interestIncome": "None", "interestExpense": "627000000", "nonInterestIncome": "None", "otherNonOperatingIncome": "None", "depreciation": "None", "depreciationAndAmortization": "65000000", "incomeBeforeTax": "425000000", "incomeTaxExpense": "139000000", "interestAndDebtExpense": "None", "netIncomeFromContinuingOperations": "0", "comprehensiveIncomeNetOfTax": "None", "ebit": "1052000000", "ebitda": "1117000000", "netIncome": "286000000"}, {"fiscalDateEnding": "2007-12-31", "reportedCurrency": "USD", "grossProfit": "926000000", "totalRevenue": "926000000", "costOfRevenue": "1054000000", "costofGoodsAndServicesSold": "1054000000", "operatingIncome": "834000000", "sellingGeneralAndAdministrative": "383000000", "researchAndDevelopment": "0", "operatingExpenses": "-92000000", "investmentIncomeNet": "None", "netInterestIncome": "None", "interestIncome": "None", "interestExpense": "770000000", "nonInterestIncome": "None", "otherNonOperatingIncome": "None", "depreciation": "None", "depreciationAndAmortization": "92000000", "incomeBeforeTax": "64000000", "incomeTaxExpense": "47000000", "interestAndDebtExpense": "None", "netIncomeFromContinuingOperations": "0", "comprehensiveIncomeNetOfTax": "None", "ebit": "834000000", "ebitda": "926000000", "netIncome": "17000000"}, {"fiscalDateEnding": "2007-09-30", "reportedCurrency": "USD", "grossProfit": "1476000000", "totalRevenue": "1476000000", "costOfRevenue": "913000000", "costofGoodsAndServicesSold": "913000000", "operatingIncome": "1218000000", "sellingGeneralAndAdministrative": "377000000", "researchAndDevelopment": "0", "operatingExpenses": "-258000000", "investmentIncomeNet": "None", "netInterestIncome": "None", "interestIncome": "None", "interestExpense": "775000000", "nonInterestIncome": "None", "otherNonOperatingIncome": "None", "depreciation": "None", "depreciationAndAmortization": "90000000", "incomeBeforeTax": "443000000", "incomeTaxExpense": "118000000", "interestAndDebtExpense": "None", "netIncomeFromContinuingOperations": "0", "comprehensiveIncomeNetOfTax": "None", "ebit": "1218000000", "ebitda": "1308000000", "netIncome": "325000000"}, {"fiscalDateEnding": "2007-06-30", "reportedCurrency": "USD", "grossProfit": "1446000000", "totalRevenue": "1446000000", "costOfRevenue": "871000000", "costofGoodsAndServicesSold": "871000000", "operatingIncome": "1272000000", "sellingGeneralAndAdministrative": "377000000", "researchAndDevelopment": "0", "operatingExpenses": "-174000000", "investmentIncomeNet": "None", "netInterestIncome": "None", "interestIncome": "None", "interestExpense": "750000000", "nonInterestIncome": "None", "otherNonOperatingIncome": "None", "depreciation": "None", "depreciationAndAmortization": "95000000", "incomeBeforeTax": "522000000", "incomeTaxExpense": "146000000", "interestAndDebtExpense": "None", "netIncomeFromContinuingOperations": "0", "comprehensiveIncomeNetOfTax": "None", "ebit": "1272000000", "ebitda": "1367000000", "netIncome": "376000000"}, {"fiscalDateEnding": "2007-03-31", "reportedCurrency": "USD", "grossProfit": "1384000000", "totalRevenue": "1384000000", "costOfRevenue": "808000000", "costofGoodsAndServicesSold": "808000000", "operatingIncome": "1231000000", "sellingGeneralAndAdministrative": "379000000", "researchAndDevelopment": "0", "operatingExpenses": "-153000000", "investmentIncomeNet": "None", "netInterestIncome": "None", "interestIncome": "None", "interestExpense": "724000000", "nonInterestIncome": "None", "otherNonOperatingIncome": "None", "depreciation": "None", "depreciationAndAmortization": "90000000", "incomeBeforeTax": "507000000", "incomeTaxExpense": "148000000", "interestAndDebtExpense": "None", "netIncomeFromContinuingOperations": "0", "comprehensiveIncomeNetOfTax": "None", "ebit": "1231000000", "ebitda": "1321000000", "netIncome": "359000000"}, {"fiscalDateEnding": "2006-12-31", "reportedCurrency": "USD", "grossProfit": "958000000", "totalRevenue": "958000000", "costOfRevenue": "913000000", "costofGoodsAndServicesSold": "913000000", "operatingIncome": "858000000", "sellingGeneralAndAdministrative": "361000000", "researchAndDevelopment": "0", "operatingExpenses": "-100000000", "investmentIncomeNet": "None", "netInterestIncome": "None", "interestIncome": "None", "interestExpense": "806000000", "nonInterestIncome": "None", "otherNonOperatingIncome": "None", "depreciation": "None", "depreciationAndAmortization": "101000000", "incomeBeforeTax": "52000000", "incomeTaxExpense": "-13000000", "interestAndDebtExpense": "None", "netIncomeFromContinuingOperations": "0", "comprehensiveIncomeNetOfTax": "None", "ebit": "858000000", "ebitda": "959000000", "netIncome": "65000000"}, {"fiscalDateEnding": "2006-09-30", "reportedCurrency": "USD", "grossProfit": "1375000000", "totalRevenue": "1375000000", "costOfRevenue": "908000000", "costofGoodsAndServicesSold": "908000000", "operatingIncome": "1342000000", "sellingGeneralAndAdministrative": "362000000", "researchAndDevelopment": "0", "operatingExpenses": "-33000000", "investmentIncomeNet": "None", "netInterestIncome": "None", "interestIncome": "None", "interestExpense": "821000000", "nonInterestIncome": "None", "otherNonOperatingIncome": "None", "depreciation": "None", "depreciationAndAmortization": "105000000", "incomeBeforeTax": "521000000", "incomeTaxExpense": "144000000", "interestAndDebtExpense": "None", "netIncomeFromContinuingOperations": "0", "comprehensiveIncomeNetOfTax": "None", "ebit": "1342000000", "ebitda": "1447000000", "netIncome": "377000000"}, {"fiscalDateEnding": "2006-06-30", "reportedCurrency": "USD", "grossProfit": "1365000000", "totalRevenue": "1365000000", "costOfRevenue": "839000000", "costofGoodsAndServicesSold": "839000000", "operatingIncome": "1302000000", "sellingGeneralAndAdministrative": "372000000", "researchAndDevelopment": "0", "operatingExpenses": "-63000000", "investmentIncomeNet": "None", "netInterestIncome": "None", "interestIncome": "None", "interestExpense": "767000000", "nonInterestIncome": "None", "otherNonOperatingIncome": "None", "depreciation": "None", "depreciationAndAmortization": "99000000", "incomeBeforeTax": "535000000", "incomeTaxExpense": "153000000", "interestAndDebtExpense": "None", "netIncomeFromContinuingOperations": "0", "comprehensiveIncomeNetOfTax": "None", "ebit": "1302000000", "ebitda": "1401000000", "netIncome": "382000000"}, {"fiscalDateEnding": "2006-03-31", "reportedCurrency": "USD", "grossProfit": "1328000000", "totalRevenue": "1328000000", "costOfRevenue": "765000000", "costofGoodsAndServicesSold": "765000000", "operatingIncome": "1210000000", "sellingGeneralAndAdministrative": "371000000", "researchAndDevelopment": "0", "operatingExpenses": "-118000000", "investmentIncomeNet": "None", "netInterestIncome": "None", "interestIncome": "None", "interestExpense": "687000000", "nonInterestIncome": "None", "otherNonOperatingIncome": "None", "depreciation": "None", "depreciationAndAmortization": "94000000", "incomeBeforeTax": "519000000", "incomeTaxExpense": "160000000", "interestAndDebtExpense": "None", "netIncomeFromContinuingOperations": "0", "comprehensiveIncomeNetOfTax": "None", "ebit": "1210000000", "ebitda": "1304000000", "netIncome": "363000000"}, {"fiscalDateEnding": "2005-12-31", "reportedCurrency": "USD", "grossProfit": "1363000000", "totalRevenue": "1363000000", "costOfRevenue": "758000000", "costofGoodsAndServicesSold": "758000000", "operatingIncome": "1091000000", "sellingGeneralAndAdministrative": "352000000", "researchAndDevelopment": "0", "operatingExpenses": "-272000000", "investmentIncomeNet": "None", "netInterestIncome": "None", "interestIncome": "None", "interestExpense": "625000000", "nonInterestIncome": "None", "otherNonOperatingIncome": "None", "depreciation": "None", "depreciationAndAmortization": "99000000", "incomeBeforeTax": "466000000", "incomeTaxExpense": "135000000", "interestAndDebtExpense": "None", "netIncomeFromContinuingOperations": "0", "comprehensiveIncomeNetOfTax": "None", "ebit": "1091000000", "ebitda": "1190000000", "netIncome": "331000000"}, {"fiscalDateEnding": "2005-09-30", "reportedCurrency": "USD", "grossProfit": "1359000000", "totalRevenue": "1359000000", "costOfRevenue": "616000000", "costofGoodsAndServicesSold": "616000000", "operatingIncome": "1104000000", "sellingGeneralAndAdministrative": "355000000", "researchAndDevelopment": "0", "operatingExpenses": "-255000000", "investmentIncomeNet": "None", "netInterestIncome": "None", "interestIncome": "None", "interestExpense": "546000000", "nonInterestIncome": "None", "otherNonOperatingIncome": "None", "depreciation": "None", "depreciationAndAmortization": "110000000", "incomeBeforeTax": "558000000", "incomeTaxExpense": "163000000", "interestAndDebtExpense": "None", "netIncomeFromContinuingOperations": "0", "comprehensiveIncomeNetOfTax": "None", "ebit": "1104000000", "ebitda": "1214000000", "netIncome": "395000000"}, {"fiscalDateEnding": "2005-06-30", "reportedCurrency": "USD", "grossProfit": "1385000000", "totalRevenue": "1385000000", "costOfRevenue": "525000000", "costofGoodsAndServicesSold": "525000000", "operatingIncome": "1062000000", "sellingGeneralAndAdministrative": "362000000", "researchAndDevelopment": "0", "operatingExpenses": "10000000", "investmentIncomeNet": "None", "netInterestIncome": "None", "interestIncome": "None", "interestExpense": "465000000", "nonInterestIncome": "None", "otherNonOperatingIncome": "None", "depreciation": "None", "depreciationAndAmortization": "101000000", "incomeBeforeTax": "597000000", "incomeTaxExpense": "180000000", "interestAndDebtExpense": "None", "netIncomeFromContinuingOperations": "0", "comprehensiveIncomeNetOfTax": "None", "ebit": "1062000000", "ebitda": "1163000000", "netIncome": "417000000"}, {"fiscalDateEnding": "2005-03-31", "reportedCurrency": "USD", "grossProfit": "1358000000", "totalRevenue": "1358000000", "costOfRevenue": "461000000", "costofGoodsAndServicesSold": "461000000", "operatingIncome": "980000000", "sellingGeneralAndAdministrative": "347000000", "researchAndDevelopment": "0", "operatingExpenses": "-378000000", "investmentIncomeNet": "None", "netInterestIncome": "None", "interestIncome": "None", "interestExpense": "394000000", "nonInterestIncome": "None", "otherNonOperatingIncome": "None", "depreciation": "None", "depreciationAndAmortization": "95000000", "incomeBeforeTax": "586000000", "incomeTaxExpense": "181000000", "interestAndDebtExpense": "None", "netIncomeFromContinuingOperations": "0", "comprehensiveIncomeNetOfTax": "None", "ebit": "980000000", "ebitda": "1075000000", "netIncome": "405000000"}, {"fiscalDateEnding": "2004-12-31", "reportedCurrency": "USD", "grossProfit": "1222000000", "totalRevenue": "1222000000", "costOfRevenue": "405000000", "costofGoodsAndServicesSold": "405000000", "operatingIncome": "561000000", "sellingGeneralAndAdministrative": "322000000", "researchAndDevelopment": "0", "operatingExpenses": "956699000", "investmentIncomeNet": "None", "netInterestIncome": "None", "interestIncome": "None", "interestExpense": "338000000", "nonInterestIncome": "None", "otherNonOperatingIncome": "None", "depreciation": "None", "depreciationAndAmortization": "106000000", "incomeBeforeTax": "223000000", "incomeTaxExpense": "47000000", "interestAndDebtExpense": "None", "netIncomeFromContinuingOperations": "0", "comprehensiveIncomeNetOfTax": "None", "ebit": "561000000", "ebitda": "667000000", "netIncome": "176000000"}]}