{"symbol": "TDY", "annualReports": [{"fiscalDateEnding": "2024-12-31", "reportedCurrency": "USD", "grossProfit": "2434800000", "totalRevenue": "5670000000", "costOfRevenue": "3235200000", "costofGoodsAndServicesSold": "3235200000", "operatingIncome": "989100000", "sellingGeneralAndAdministrative": "902600000", "researchAndDevelopment": "292600000", "operatingExpenses": "1445700000", "investmentIncomeNet": "None", "netInterestIncome": "-57900000", "interestIncome": "None", "interestExpense": "57900000", "nonInterestIncome": "None", "otherNonOperatingIncome": "None", "depreciation": "None", "depreciationAndAmortization": "-6700000", "incomeBeforeTax": "937900000", "incomeTaxExpense": "117200000", "interestAndDebtExpense": "None", "netIncomeFromContinuingOperations": "820700000", "comprehensiveIncomeNetOfTax": "None", "ebit": "995800000", "ebitda": "989100000", "netIncome": "819200000"}, {"fiscalDateEnding": "2023-12-31", "reportedCurrency": "USD", "grossProfit": "2439400000", "totalRevenue": "5635500000", "costOfRevenue": "3196100000", "costofGoodsAndServicesSold": "3196100000", "operatingIncome": "1046800000", "sellingGeneralAndAdministrative": "1195900000", "researchAndDevelopment": "365800000", "operatingExpenses": "1403200000", "investmentIncomeNet": "None", "netInterestIncome": "-84200000", "interestIncome": "None", "interestExpense": "85500000", "nonInterestIncome": "None", "otherNonOperatingIncome": "None", "depreciation": "None", "depreciationAndAmortization": "316400000", "incomeBeforeTax": "958900000", "incomeTaxExpense": "72300000", "interestAndDebtExpense": "None", "netIncomeFromContinuingOperations": "789900000", "comprehensiveIncomeNetOfTax": "None", "ebit": "1044400000", "ebitda": "1360800000", "netIncome": "885700000"}, {"fiscalDateEnding": "2022-12-31", "reportedCurrency": "USD", "grossProfit": "2330300000", "totalRevenue": "5458600000", "costOfRevenue": "3128300000", "costofGoodsAndServicesSold": "3128300000", "operatingIncome": "972000000", "sellingGeneralAndAdministrative": "1145200000", "researchAndDevelopment": "360600000", "operatingExpenses": "1358300000", "investmentIncomeNet": "None", "netInterestIncome": "-89300000", "interestIncome": "89300000", "interestExpense": "89300000", "nonInterestIncome": "None", "otherNonOperatingIncome": "14000000", "depreciation": "None", "depreciationAndAmortization": "332200000", "incomeBeforeTax": "908100000", "incomeTaxExpense": "119200000", "interestAndDebtExpense": "None", "netIncomeFromContinuingOperations": "788900000", "comprehensiveIncomeNetOfTax": "None", "ebit": "1003000000", "ebitda": "1335200000", "netIncome": "788600000"}, {"fiscalDateEnding": "2021-12-31", "reportedCurrency": "USD", "grossProfit": "1841400000", "totalRevenue": "4614300000", "costOfRevenue": "2772900000", "costofGoodsAndServicesSold": "2772900000", "operatingIncome": "624300000", "sellingGeneralAndAdministrative": "1056600000", "researchAndDevelopment": "299300000", "operatingExpenses": "1217100000", "investmentIncomeNet": "None", "netInterestIncome": "-104200000", "interestIncome": "104200000", "interestExpense": "104200000", "nonInterestIncome": "None", "otherNonOperatingIncome": "2500000", "depreciation": "None", "depreciationAndAmortization": "371800000", "incomeBeforeTax": "533800000", "incomeTaxExpense": "88500000", "interestAndDebtExpense": "None", "netIncomeFromContinuingOperations": "445300000", "comprehensiveIncomeNetOfTax": "None", "ebit": "610200000", "ebitda": "982000000", "netIncome": "445300000"}, {"fiscalDateEnding": "2020-12-31", "reportedCurrency": "USD", "grossProfit": "1180900000", "totalRevenue": "3086200000", "costOfRevenue": "1905300000", "costofGoodsAndServicesSold": "1905300000", "operatingIncome": "368800000", "sellingGeneralAndAdministrative": "649900000", "researchAndDevelopment": "196000000", "operatingExpenses": "700800000", "investmentIncomeNet": "None", "netInterestIncome": "-15300000", "interestIncome": "15300000", "interestExpense": "15300000", "nonInterestIncome": "None", "otherNonOperatingIncome": "-7200000", "depreciation": "None", "depreciationAndAmortization": "115200000", "incomeBeforeTax": "469700000", "incomeTaxExpense": "67800000", "interestAndDebtExpense": "None", "netIncomeFromContinuingOperations": "401900000", "comprehensiveIncomeNetOfTax": "None", "ebit": "488900000", "ebitda": "604100000", "netIncome": "401900000"}, {"fiscalDateEnding": "2019-12-31", "reportedCurrency": "USD", "grossProfit": "1243300000", "totalRevenue": "3163600000", "costOfRevenue": "1920300000", "costofGoodsAndServicesSold": "1920300000", "operatingIncome": "382800000", "sellingGeneralAndAdministrative": "751600000", "researchAndDevelopment": "209600000", "operatingExpenses": "751600000", "investmentIncomeNet": "None", "netInterestIncome": "-21000000", "interestIncome": "21000000", "interestExpense": "21000000", "nonInterestIncome": "None", "otherNonOperatingIncome": "-5000000", "depreciation": "None", "depreciationAndAmortization": "112500000", "incomeBeforeTax": "473700000", "incomeTaxExpense": "71400000", "interestAndDebtExpense": "None", "netIncomeFromContinuingOperations": "402300000", "comprehensiveIncomeNetOfTax": "None", "ebit": "498300000", "ebitda": "610800000", "netIncome": "402300000"}, {"fiscalDateEnding": "2018-12-31", "reportedCurrency": "USD", "grossProfit": "1110800000", "totalRevenue": "2901800000", "costOfRevenue": "1791000000", "costofGoodsAndServicesSold": "1791000000", "operatingIncome": "416600000", "sellingGeneralAndAdministrative": "694200000", "researchAndDevelopment": "185600000", "operatingExpenses": "694200000", "investmentIncomeNet": "None", "netInterestIncome": "-25500000", "interestIncome": "26000000", "interestExpense": "25500000", "nonInterestIncome": "None", "otherNonOperatingIncome": "-10700000", "depreciation": "None", "depreciationAndAmortization": "114600000", "incomeBeforeTax": "393900000", "incomeTaxExpense": "60100000", "interestAndDebtExpense": "None", "netIncomeFromContinuingOperations": "333800000", "comprehensiveIncomeNetOfTax": "None", "ebit": "425500000", "ebitda": "540100000", "netIncome": "333800000"}, {"fiscalDateEnding": "2017-12-31", "reportedCurrency": "USD", "grossProfit": "991600000", "totalRevenue": "2603800000", "costOfRevenue": "1612200000", "costofGoodsAndServicesSold": "1612200000", "operatingIncome": "335600000", "sellingGeneralAndAdministrative": "656000000", "researchAndDevelopment": "177700000", "operatingExpenses": "656000000", "investmentIncomeNet": "None", "netInterestIncome": "-33100000", "interestIncome": "36100000", "interestExpense": "33100000", "nonInterestIncome": "None", "otherNonOperatingIncome": "-15500000", "depreciation": "None", "depreciationAndAmortization": "115300000", "incomeBeforeTax": "287000000", "incomeTaxExpense": "59800000", "interestAndDebtExpense": "None", "netIncomeFromContinuingOperations": "227200000", "comprehensiveIncomeNetOfTax": "None", "ebit": "321500000", "ebitda": "436800000", "netIncome": "227200000"}, {"fiscalDateEnding": "2016-12-31", "reportedCurrency": "USD", "grossProfit": "831000000", "totalRevenue": "2139800000", "costOfRevenue": "1308800000", "costofGoodsAndServicesSold": "1308800000", "operatingIncome": "256900000", "sellingGeneralAndAdministrative": "579900000", "researchAndDevelopment": "167700000", "operatingExpenses": "574100000", "investmentIncomeNet": "None", "netInterestIncome": "-23200000", "interestIncome": "23200000", "interestExpense": "23200000", "nonInterestIncome": "None", "otherNonOperatingIncome": "10700000", "depreciation": "None", "depreciationAndAmortization": "87300000", "incomeBeforeTax": "244500000", "incomeTaxExpense": "51600000", "interestAndDebtExpense": "None", "netIncomeFromContinuingOperations": "190900000", "comprehensiveIncomeNetOfTax": "None", "ebit": "264400000", "ebitda": "351700000", "netIncome": "190900000"}, {"fiscalDateEnding": "2015-12-31", "reportedCurrency": "USD", "grossProfit": "870300000", "totalRevenue": "2298100000", "costOfRevenue": "1427800000", "costofGoodsAndServicesSold": "1427800000", "operatingIncome": "281700000", "sellingGeneralAndAdministrative": "588600000", "researchAndDevelopment": "476600000", "operatingExpenses": "588600000", "investmentIncomeNet": "None", "netInterestIncome": "None", "interestIncome": "23400000", "interestExpense": "23900000", "nonInterestIncome": "None", "otherNonOperatingIncome": "400000", "depreciation": "None", "depreciationAndAmortization": "90300000", "incomeBeforeTax": "258200000", "incomeTaxExpense": "62700000", "interestAndDebtExpense": "None", "netIncomeFromContinuingOperations": "195500000", "comprehensiveIncomeNetOfTax": "None", "ebit": "282200000", "ebitda": "372500000", "netIncome": "195800000"}, {"fiscalDateEnding": "2014-12-31", "reportedCurrency": "USD", "grossProfit": "906900000", "totalRevenue": "2394000000", "costOfRevenue": "1487100000", "costofGoodsAndServicesSold": "1487100000", "operatingIncome": "294500000", "sellingGeneralAndAdministrative": "612400000", "researchAndDevelopment": "428800000", "operatingExpenses": "612400000", "investmentIncomeNet": "None", "netInterestIncome": "None", "interestIncome": "None", "interestExpense": "19000000", "nonInterestIncome": "None", "otherNonOperatingIncome": "6600000", "depreciation": "None", "depreciationAndAmortization": "94300000", "incomeBeforeTax": "282100000", "incomeTaxExpense": "66500000", "interestAndDebtExpense": "None", "netIncomeFromContinuingOperations": "215600000", "comprehensiveIncomeNetOfTax": "None", "ebit": "301100000", "ebitda": "395400000", "netIncome": "217700000"}, {"fiscalDateEnding": "2013-12-31", "reportedCurrency": "USD", "grossProfit": "838600000", "totalRevenue": "2338600000", "costOfRevenue": "1500000000", "costofGoodsAndServicesSold": "1500000000", "operatingIncome": "240300000", "sellingGeneralAndAdministrative": "598300000", "researchAndDevelopment": "388200000", "operatingExpenses": "598300000", "investmentIncomeNet": "None", "netInterestIncome": "None", "interestIncome": "None", "interestExpense": "20400000", "nonInterestIncome": "None", "otherNonOperatingIncome": "None", "depreciation": "None", "depreciationAndAmortization": "91100000", "incomeBeforeTax": "224000000", "incomeTaxExpense": "39500000", "interestAndDebtExpense": "None", "netIncomeFromContinuingOperations": "None", "comprehensiveIncomeNetOfTax": "None", "ebit": "244900000", "ebitda": "336000000", "netIncome": "185000000"}, {"fiscalDateEnding": "2012-12-31", "reportedCurrency": "USD", "grossProfit": "748200000", "totalRevenue": "2127300000", "costOfRevenue": "1379100000", "costofGoodsAndServicesSold": "1379100000", "operatingIncome": "243100000", "sellingGeneralAndAdministrative": "505100000", "researchAndDevelopment": "364200000", "operatingExpenses": "505100000", "investmentIncomeNet": "None", "netInterestIncome": "None", "interestIncome": "None", "interestExpense": "17800000", "nonInterestIncome": "None", "otherNonOperatingIncome": "2900000", "depreciation": "None", "depreciationAndAmortization": "78300000", "incomeBeforeTax": "228200000", "incomeTaxExpense": "65400000", "interestAndDebtExpense": "None", "netIncomeFromContinuingOperations": "162800000", "comprehensiveIncomeNetOfTax": "None", "ebit": "246400000", "ebitda": "324700000", "netIncome": "164100000"}, {"fiscalDateEnding": "2011-12-31", "reportedCurrency": "USD", "grossProfit": "651200000", "totalRevenue": "1941900000", "costOfRevenue": "1290700000", "costofGoodsAndServicesSold": "1290700000", "operatingIncome": "227200000", "sellingGeneralAndAdministrative": "424000000", "researchAndDevelopment": "101900000", "operatingExpenses": "424000000", "investmentIncomeNet": "None", "netInterestIncome": "None", "interestIncome": "None", "interestExpense": "16200000", "nonInterestIncome": "None", "otherNonOperatingIncome": "600000", "depreciation": "None", "depreciationAndAmortization": "64200000", "incomeBeforeTax": "211600000", "incomeTaxExpense": "69500000", "interestAndDebtExpense": "None", "netIncomeFromContinuingOperations": "142100000", "comprehensiveIncomeNetOfTax": "None", "ebit": "227200000", "ebitda": "291400000", "netIncome": "255200000"}, {"fiscalDateEnding": "2010-12-31", "reportedCurrency": "USD", "grossProfit": "539100000", "totalRevenue": "1777900000", "costOfRevenue": "1238800000", "costofGoodsAndServicesSold": "1238800000", "operatingIncome": "180300000", "sellingGeneralAndAdministrative": "317600000", "researchAndDevelopment": "61300000", "operatingExpenses": "358800000", "investmentIncomeNet": "None", "netInterestIncome": "None", "interestIncome": "None", "interestExpense": "6500000", "nonInterestIncome": "None", "otherNonOperatingIncome": "1600000", "depreciation": "None", "depreciationAndAmortization": "45200000", "incomeBeforeTax": "175400000", "incomeTaxExpense": "54800000", "interestAndDebtExpense": "None", "netIncomeFromContinuingOperations": "120000000", "comprehensiveIncomeNetOfTax": "None", "ebit": "180300000", "ebitda": "225500000", "netIncome": "120500000"}, {"fiscalDateEnding": "2009-12-31", "reportedCurrency": "USD", "grossProfit": "509200000", "totalRevenue": "1765200000", "costOfRevenue": "1256000000", "costofGoodsAndServicesSold": "1256000000", "operatingIncome": "166000000", "sellingGeneralAndAdministrative": "303400000", "researchAndDevelopment": "60800000", "operatingExpenses": "343200000", "investmentIncomeNet": "None", "netInterestIncome": "None", "interestIncome": "None", "interestExpense": "4800000", "nonInterestIncome": "None", "otherNonOperatingIncome": "None", "depreciation": "None", "depreciationAndAmortization": "44700000", "incomeBeforeTax": "161100000", "incomeTaxExpense": "47300000", "interestAndDebtExpense": "None", "netIncomeFromContinuingOperations": "None", "comprehensiveIncomeNetOfTax": "None", "ebit": "166000000", "ebitda": "210700000", "netIncome": "113300000"}, {"fiscalDateEnding": "2008-12-31", "reportedCurrency": "USD", "grossProfit": "571500000", "totalRevenue": "1895300000", "costOfRevenue": "1323800000", "costofGoodsAndServicesSold": "1323800000", "operatingIncome": "206900000", "sellingGeneralAndAdministrative": "317500000", "researchAndDevelopment": "65600000", "operatingExpenses": "364600000", "investmentIncomeNet": "None", "netInterestIncome": "None", "interestIncome": "None", "interestExpense": "10900000", "nonInterestIncome": "None", "otherNonOperatingIncome": "None", "depreciation": "None", "depreciationAndAmortization": "47300000", "incomeBeforeTax": "194300000", "incomeTaxExpense": "72100000", "interestAndDebtExpense": "None", "netIncomeFromContinuingOperations": "None", "comprehensiveIncomeNetOfTax": "None", "ebit": "188900000", "ebitda": "236200000", "netIncome": "122200000"}, {"fiscalDateEnding": "2007-12-31", "reportedCurrency": "USD", "grossProfit": "485900000", "totalRevenue": "1622300000", "costOfRevenue": "1136400000", "costofGoodsAndServicesSold": "1136400000", "operatingIncome": "162300000", "sellingGeneralAndAdministrative": "323600000", "researchAndDevelopment": "59700000", "operatingExpenses": "323600000", "investmentIncomeNet": "None", "netInterestIncome": "None", "interestIncome": "None", "interestExpense": "10100000", "nonInterestIncome": "None", "otherNonOperatingIncome": "None", "depreciation": "None", "depreciationAndAmortization": "34700000", "incomeBeforeTax": "149300000", "incomeTaxExpense": "50800000", "interestAndDebtExpense": "None", "netIncomeFromContinuingOperations": "None", "comprehensiveIncomeNetOfTax": "None", "ebit": "159400000", "ebitda": "194100000", "netIncome": "98500000"}, {"fiscalDateEnding": "2006-12-31", "reportedCurrency": "USD", "grossProfit": "413000000", "totalRevenue": "1433200000", "costOfRevenue": "1020200000", "costofGoodsAndServicesSold": "1020200000", "operatingIncome": "125100000", "sellingGeneralAndAdministrative": "287900000", "researchAndDevelopment": "52500000", "operatingExpenses": "287900000", "investmentIncomeNet": "None", "netInterestIncome": "None", "interestIncome": "None", "interestExpense": "600000", "nonInterestIncome": "None", "otherNonOperatingIncome": "None", "depreciation": "None", "depreciationAndAmortization": "32000000", "incomeBeforeTax": "121700000", "incomeTaxExpense": "41400000", "interestAndDebtExpense": "None", "netIncomeFromContinuingOperations": "None", "comprehensiveIncomeNetOfTax": "None", "ebit": "125100000", "ebitda": "157100000", "netIncome": "80300000"}, {"fiscalDateEnding": "2005-12-31", "reportedCurrency": "USD", "grossProfit": "336900000", "totalRevenue": "1206500000", "costOfRevenue": "869600000", "costofGoodsAndServicesSold": "869600000", "operatingIncome": "100700000", "sellingGeneralAndAdministrative": "236200000", "researchAndDevelopment": "44900000", "operatingExpenses": "236200000", "investmentIncomeNet": "None", "netInterestIncome": "None", "interestIncome": "None", "interestExpense": "8100000", "nonInterestIncome": "None", "otherNonOperatingIncome": "None", "depreciation": "None", "depreciationAndAmortization": "25600000", "incomeBeforeTax": "103000000", "incomeTaxExpense": "38800000", "interestAndDebtExpense": "None", "netIncomeFromContinuingOperations": "None", "comprehensiveIncomeNetOfTax": "None", "ebit": "100700000", "ebitda": "126300000", "netIncome": "64200000"}], "quarterlyReports": [{"fiscalDateEnding": "2024-12-31", "reportedCurrency": "USD", "grossProfit": "642700000", "totalRevenue": "1502300000", "costOfRevenue": "859600000", "costofGoodsAndServicesSold": "859600000", "operatingIncome": "237100000", "sellingGeneralAndAdministrative": "10800000", "researchAndDevelopment": "None", "operatingExpenses": "405600000", "investmentIncomeNet": "None", "netInterestIncome": "-13700000", "interestIncome": "None", "interestExpense": "None", "nonInterestIncome": "None", "otherNonOperatingIncome": "None", "depreciation": "None", "depreciationAndAmortization": "77200000", "incomeBeforeTax": "225600000", "incomeTaxExpense": "26500000", "interestAndDebtExpense": "None", "netIncomeFromContinuingOperations": "199100000", "comprehensiveIncomeNetOfTax": "None", "ebit": "243800000", "ebitda": "321000000", "netIncome": "198500000"}, {"fiscalDateEnding": "2024-09-30", "reportedCurrency": "USD", "grossProfit": "619600000", "totalRevenue": "1443500000", "costOfRevenue": "823900000", "costofGoodsAndServicesSold": "823900000", "operatingIncome": "270700000", "sellingGeneralAndAdministrative": "299100000", "researchAndDevelopment": "None", "operatingExpenses": "348900000", "investmentIncomeNet": "None", "netInterestIncome": "-15700000", "interestIncome": "None", "interestExpense": "15700000", "nonInterestIncome": "None", "otherNonOperatingIncome": "None", "depreciation": "None", "depreciationAndAmortization": "76900000", "incomeBeforeTax": "255100000", "incomeTaxExpense": "-7100000", "interestAndDebtExpense": "None", "netIncomeFromContinuingOperations": "262200000", "comprehensiveIncomeNetOfTax": "None", "ebit": "273000000", "ebitda": "349900000", "netIncome": "262000000"}, {"fiscalDateEnding": "2024-06-30", "reportedCurrency": "USD", "grossProfit": "592600000", "totalRevenue": "1374100000", "costOfRevenue": "781500000", "costofGoodsAndServicesSold": "781500000", "operatingIncome": "247000000", "sellingGeneralAndAdministrative": "293800000", "researchAndDevelopment": "None", "operatingExpenses": "345600000", "investmentIncomeNet": "None", "netInterestIncome": "-15800000", "interestIncome": "None", "interestExpense": "15800000", "nonInterestIncome": "None", "otherNonOperatingIncome": "None", "depreciation": "None", "depreciationAndAmortization": "-100000", "incomeBeforeTax": "231700000", "incomeTaxExpense": "51400000", "interestAndDebtExpense": "None", "netIncomeFromContinuingOperations": "180300000", "comprehensiveIncomeNetOfTax": "None", "ebit": "324900000", "ebitda": "324800000", "netIncome": "180200000"}, {"fiscalDateEnding": "2024-03-31", "reportedCurrency": "USD", "grossProfit": "529800000", "totalRevenue": "1349400000", "costOfRevenue": "819600000", "costofGoodsAndServicesSold": "819600000", "operatingIncome": "233600000", "sellingGeneralAndAdministrative": "293500000", "researchAndDevelopment": "None", "operatingExpenses": "296200000", "investmentIncomeNet": "None", "netInterestIncome": "-12700000", "interestIncome": "None", "interestExpense": "12700000", "nonInterestIncome": "None", "otherNonOperatingIncome": "None", "depreciation": "None", "depreciationAndAmortization": "78000000", "incomeBeforeTax": "225500000", "incomeTaxExpense": "46400000", "interestAndDebtExpense": "None", "netIncomeFromContinuingOperations": "179100000", "comprehensiveIncomeNetOfTax": "None", "ebit": "233600000", "ebitda": "311600000", "netIncome": "178500000"}, {"fiscalDateEnding": "2023-12-31", "reportedCurrency": "USD", "grossProfit": "623100000", "totalRevenue": "1425000000", "costOfRevenue": "801900000", "costofGoodsAndServicesSold": "801900000", "operatingIncome": "271500000", "sellingGeneralAndAdministrative": "299900000", "researchAndDevelopment": "365800000", "operatingExpenses": "351600000", "investmentIncomeNet": "None", "netInterestIncome": "-15600000", "interestIncome": "None", "interestExpense": "15600000", "nonInterestIncome": "None", "otherNonOperatingIncome": "None", "depreciation": "None", "depreciationAndAmortization": "77400000", "incomeBeforeTax": "254200000", "incomeTaxExpense": "-69300000", "interestAndDebtExpense": "None", "netIncomeFromContinuingOperations": "323500000", "comprehensiveIncomeNetOfTax": "None", "ebit": "271800000", "ebitda": "349200000", "netIncome": "323100000"}, {"fiscalDateEnding": "2023-09-30", "reportedCurrency": "USD", "grossProfit": "605300000", "totalRevenue": "1402500000", "costOfRevenue": "797200000", "costofGoodsAndServicesSold": "797200000", "operatingIncome": "264300000", "sellingGeneralAndAdministrative": "288800000", "researchAndDevelopment": "None", "operatingExpenses": "341000000", "investmentIncomeNet": "None", "netInterestIncome": "-18400000", "interestIncome": "18400000", "interestExpense": "18400000", "nonInterestIncome": "None", "otherNonOperatingIncome": "None", "depreciation": "None", "depreciationAndAmortization": "76900000", "incomeBeforeTax": "246100000", "incomeTaxExpense": "47300000", "interestAndDebtExpense": "None", "netIncomeFromContinuingOperations": "198800000", "comprehensiveIncomeNetOfTax": "None", "ebit": "273200000", "ebitda": "350100000", "netIncome": "198600000"}, {"fiscalDateEnding": "2023-06-30", "reportedCurrency": "USD", "grossProfit": "618400000", "totalRevenue": "1424700000", "costOfRevenue": "806300000", "costofGoodsAndServicesSold": "806300000", "operatingIncome": "256100000", "sellingGeneralAndAdministrative": "310100000", "researchAndDevelopment": "None", "operatingExpenses": "362300000", "investmentIncomeNet": "None", "netInterestIncome": "-22300000", "interestIncome": "22300000", "interestExpense": "22300000", "nonInterestIncome": "None", "otherNonOperatingIncome": "None", "depreciation": "None", "depreciationAndAmortization": "80000000", "incomeBeforeTax": "234900000", "incomeTaxExpense": "49400000", "interestAndDebtExpense": "None", "netIncomeFromContinuingOperations": "185500000", "comprehensiveIncomeNetOfTax": "None", "ebit": "259000000", "ebitda": "339000000", "netIncome": "185300000"}, {"fiscalDateEnding": "2023-03-31", "reportedCurrency": "USD", "grossProfit": "592600000", "totalRevenue": "1383300000", "costOfRevenue": "790700000", "costofGoodsAndServicesSold": "790700000", "operatingIncome": "242500000", "sellingGeneralAndAdministrative": "297100000", "researchAndDevelopment": "None", "operatingExpenses": "350100000", "investmentIncomeNet": "None", "netInterestIncome": "-21000000", "interestIncome": "21000000", "interestExpense": "21000000", "nonInterestIncome": "None", "otherNonOperatingIncome": "-1100000", "depreciation": "None", "depreciationAndAmortization": "82100000", "incomeBeforeTax": "223700000", "incomeTaxExpense": "44900000", "interestAndDebtExpense": "None", "netIncomeFromContinuingOperations": "178800000", "comprehensiveIncomeNetOfTax": "None", "ebit": "242500000", "ebitda": "324600000", "netIncome": "178700000"}, {"fiscalDateEnding": "2022-12-31", "reportedCurrency": "USD", "grossProfit": "616900000", "totalRevenue": "1418200000", "costOfRevenue": "801300000", "costofGoodsAndServicesSold": "801300000", "operatingIncome": "276600000", "sellingGeneralAndAdministrative": "295200000", "researchAndDevelopment": "360600000", "operatingExpenses": "342099999", "investmentIncomeNet": "None", "netInterestIncome": "-22500000", "interestIncome": "22500000", "interestExpense": "22500000", "nonInterestIncome": "None", "otherNonOperatingIncome": "-1800000", "depreciation": "None", "depreciationAndAmortization": "81800000", "incomeBeforeTax": "252300000", "incomeTaxExpense": "25500000", "interestAndDebtExpense": "None", "netIncomeFromContinuingOperations": "226800000", "comprehensiveIncomeNetOfTax": "None", "ebit": "276600000", "ebitda": "358400000", "netIncome": "226400000"}, {"fiscalDateEnding": "2022-09-30", "reportedCurrency": "USD", "grossProfit": "577800000", "totalRevenue": "1363600000", "costOfRevenue": "785800000", "costofGoodsAndServicesSold": "785800000", "operatingIncome": "248100000", "sellingGeneralAndAdministrative": "283700000", "researchAndDevelopment": "None", "operatingExpenses": "324499999", "investmentIncomeNet": "None", "netInterestIncome": "-22000000", "interestIncome": "22000000", "interestExpense": "22000000", "nonInterestIncome": "None", "otherNonOperatingIncome": "5200000", "depreciation": "None", "depreciationAndAmortization": "80800000", "incomeBeforeTax": "231300000", "incomeTaxExpense": "53100000", "interestAndDebtExpense": "None", "netIncomeFromContinuingOperations": "178200000", "comprehensiveIncomeNetOfTax": "None", "ebit": "255200000", "ebitda": "336000000", "netIncome": "178300000"}, {"fiscalDateEnding": "2022-06-30", "reportedCurrency": "USD", "grossProfit": "567200000", "totalRevenue": "1355800000", "costOfRevenue": "788600000", "costofGoodsAndServicesSold": "788600000", "operatingIncome": "229500000", "sellingGeneralAndAdministrative": "286400000", "researchAndDevelopment": "None", "operatingExpenses": "337700000", "investmentIncomeNet": "None", "netInterestIncome": "-22500000", "interestIncome": "22500000", "interestExpense": "22500000", "nonInterestIncome": "None", "otherNonOperatingIncome": "11600000", "depreciation": "None", "depreciationAndAmortization": "82700000", "incomeBeforeTax": "221500000", "incomeTaxExpense": "50200000", "interestAndDebtExpense": "None", "netIncomeFromContinuingOperations": "171300000", "comprehensiveIncomeNetOfTax": "None", "ebit": "229500000", "ebitda": "312200000", "netIncome": "171300000"}, {"fiscalDateEnding": "2022-03-31", "reportedCurrency": "USD", "grossProfit": "568400000", "totalRevenue": "1321000000", "costOfRevenue": "752600000", "costofGoodsAndServicesSold": "752600000", "operatingIncome": "223500000", "sellingGeneralAndAdministrative": "291300000", "researchAndDevelopment": "None", "operatingExpenses": "344900000", "investmentIncomeNet": "None", "netInterestIncome": "-22300000", "interestIncome": "22300000", "interestExpense": "22300000", "nonInterestIncome": "None", "otherNonOperatingIncome": "-1000000", "depreciation": "None", "depreciationAndAmortization": "86900000", "incomeBeforeTax": "203000000", "incomeTaxExpense": "-9600000", "interestAndDebtExpense": "None", "netIncomeFromContinuingOperations": "212600000", "comprehensiveIncomeNetOfTax": "None", "ebit": "230600000", "ebitda": "317500000", "netIncome": "212600000"}, {"fiscalDateEnding": "2021-12-31", "reportedCurrency": "USD", "grossProfit": "546100000", "totalRevenue": "1375700000", "costOfRevenue": "829600000", "costofGoodsAndServicesSold": "829600000", "operatingIncome": "195100000", "sellingGeneralAndAdministrative": "299600000", "researchAndDevelopment": "299300000", "operatingExpenses": "351000000", "investmentIncomeNet": "None", "netInterestIncome": "-23500000", "interestIncome": "23500000", "interestExpense": "23500000", "nonInterestIncome": "None", "otherNonOperatingIncome": "-1900000", "depreciation": "None", "depreciationAndAmortization": "134000000", "incomeBeforeTax": "172500000", "incomeTaxExpense": "10700000", "interestAndDebtExpense": "None", "netIncomeFromContinuingOperations": "161800000", "comprehensiveIncomeNetOfTax": "None", "ebit": "196400000", "ebitda": "330400000", "netIncome": "161800000"}, {"fiscalDateEnding": "2021-09-30", "reportedCurrency": "USD", "grossProfit": "524200000", "totalRevenue": "1311900000", "costOfRevenue": "787700000", "costofGoodsAndServicesSold": "787700000", "operatingIncome": "189600000", "sellingGeneralAndAdministrative": "279300000", "researchAndDevelopment": "None", "operatingExpenses": "334600000", "investmentIncomeNet": "None", "netInterestIncome": "-23800000", "interestIncome": "23800000", "interestExpense": "23800000", "nonInterestIncome": "None", "otherNonOperatingIncome": "-700000", "depreciation": "None", "depreciationAndAmortization": "125400000", "incomeBeforeTax": "167900000", "incomeTaxExpense": "33800000", "interestAndDebtExpense": "None", "netIncomeFromContinuingOperations": "134100000", "comprehensiveIncomeNetOfTax": "None", "ebit": "203900000", "ebitda": "329300000", "netIncome": "134100000"}, {"fiscalDateEnding": "2021-06-30", "reportedCurrency": "USD", "grossProfit": "457900000", "totalRevenue": "1121000000", "costOfRevenue": "663100000", "costofGoodsAndServicesSold": "663100000", "operatingIncome": "104400000", "sellingGeneralAndAdministrative": "320700000", "researchAndDevelopment": "None", "operatingExpenses": "353500000", "investmentIncomeNet": "None", "netInterestIncome": "-21200000", "interestIncome": "21200000", "interestExpense": "21200000", "nonInterestIncome": "None", "otherNonOperatingIncome": "6100000", "depreciation": "None", "depreciationAndAmortization": "83100000", "incomeBeforeTax": "92100000", "incomeTaxExpense": "27400000", "interestAndDebtExpense": "None", "netIncomeFromContinuingOperations": "64700000", "comprehensiveIncomeNetOfTax": "None", "ebit": "113800000", "ebitda": "196900000", "netIncome": "64700000"}, {"fiscalDateEnding": "2021-03-31", "reportedCurrency": "USD", "grossProfit": "313200000", "totalRevenue": "805700000", "costOfRevenue": "492500000", "costofGoodsAndServicesSold": "492500000", "operatingIncome": "135200000", "sellingGeneralAndAdministrative": "178000000", "researchAndDevelopment": "None", "operatingExpenses": "178000000", "investmentIncomeNet": "None", "netInterestIncome": "-35700000", "interestIncome": "22300000", "interestExpense": "35700000", "nonInterestIncome": "None", "otherNonOperatingIncome": "-1000000", "depreciation": "None", "depreciationAndAmortization": "29300000", "incomeBeforeTax": "101300000", "incomeTaxExpense": "16600000", "interestAndDebtExpense": "None", "netIncomeFromContinuingOperations": "84700000", "comprehensiveIncomeNetOfTax": "None", "ebit": "137500000", "ebitda": "166800000", "netIncome": "84700000"}, {"fiscalDateEnding": "2020-12-31", "reportedCurrency": "USD", "grossProfit": "315700000", "totalRevenue": "809300000", "costOfRevenue": "493600000", "costofGoodsAndServicesSold": "493600000", "operatingIncome": "143800000", "sellingGeneralAndAdministrative": "700000000", "researchAndDevelopment": "196000000", "operatingExpenses": "171900000", "investmentIncomeNet": "None", "netInterestIncome": "-3400000", "interestIncome": "3400000", "interestExpense": "3400000", "nonInterestIncome": "None", "otherNonOperatingIncome": "-2500000", "depreciation": "None", "depreciationAndAmortization": "28700000", "incomeBeforeTax": "141100000", "incomeTaxExpense": "9000000", "interestAndDebtExpense": "None", "netIncomeFromContinuingOperations": "132100000", "comprehensiveIncomeNetOfTax": "None", "ebit": "145000000", "ebitda": "173700000", "netIncome": "132100000"}, {"fiscalDateEnding": "2020-09-30", "reportedCurrency": "USD", "grossProfit": "290500000", "totalRevenue": "749000000", "costOfRevenue": "458500000", "costofGoodsAndServicesSold": "458500000", "operatingIncome": "122500000", "sellingGeneralAndAdministrative": "168000000", "researchAndDevelopment": "None", "operatingExpenses": "168000000", "investmentIncomeNet": "None", "netInterestIncome": "-4100000", "interestIncome": "4100000", "interestExpense": "4100000", "nonInterestIncome": "None", "otherNonOperatingIncome": "-1900000", "depreciation": "None", "depreciationAndAmortization": "29200000", "incomeBeforeTax": "119700000", "incomeTaxExpense": "25800000", "interestAndDebtExpense": "None", "netIncomeFromContinuingOperations": "93900000", "comprehensiveIncomeNetOfTax": "None", "ebit": "124400000", "ebitda": "153600000", "netIncome": "93900000"}, {"fiscalDateEnding": "2020-06-30", "reportedCurrency": "USD", "grossProfit": "282700000", "totalRevenue": "743300000", "costOfRevenue": "460600000", "costofGoodsAndServicesSold": "460600000", "operatingIncome": "109800000", "sellingGeneralAndAdministrative": "172900000", "researchAndDevelopment": "None", "operatingExpenses": "172900000", "investmentIncomeNet": "None", "netInterestIncome": "-3700000", "interestIncome": "3700000", "interestExpense": "3700000", "nonInterestIncome": "None", "otherNonOperatingIncome": "-1400000", "depreciation": "None", "depreciationAndAmortization": "29000000", "incomeBeforeTax": "107900000", "incomeTaxExpense": "14200000", "interestAndDebtExpense": "None", "netIncomeFromContinuingOperations": "93700000", "comprehensiveIncomeNetOfTax": "None", "ebit": "112300000", "ebitda": "141300000", "netIncome": "93700000"}, {"fiscalDateEnding": "2020-03-31", "reportedCurrency": "USD", "grossProfit": "292000000", "totalRevenue": "784600000", "costOfRevenue": "492600000", "costofGoodsAndServicesSold": "492600000", "operatingIncome": "104000000", "sellingGeneralAndAdministrative": "188000000", "researchAndDevelopment": "None", "operatingExpenses": "188000000", "investmentIncomeNet": "None", "netInterestIncome": "-4100000", "interestIncome": "4100000", "interestExpense": "4100000", "nonInterestIncome": "None", "otherNonOperatingIncome": "-1400000", "depreciation": "None", "depreciationAndAmortization": "29300000", "incomeBeforeTax": "101000000", "incomeTaxExpense": "18800000", "interestAndDebtExpense": "None", "netIncomeFromContinuingOperations": "82200000", "comprehensiveIncomeNetOfTax": "None", "ebit": "106700000", "ebitda": "136000000", "netIncome": "82200000"}, {"fiscalDateEnding": "2019-12-31", "reportedCurrency": "USD", "grossProfit": "329100000", "totalRevenue": "834200000", "costOfRevenue": "505100000", "costofGoodsAndServicesSold": "505100000", "operatingIncome": "133800000", "sellingGeneralAndAdministrative": "195300000", "researchAndDevelopment": "209600000", "operatingExpenses": "195300000", "investmentIncomeNet": "None", "netInterestIncome": "-4700000", "interestIncome": "4700000", "interestExpense": "4700000", "nonInterestIncome": "None", "otherNonOperatingIncome": "-1500000", "depreciation": "None", "depreciationAndAmortization": "29300000", "incomeBeforeTax": "129500000", "incomeTaxExpense": "13800000", "interestAndDebtExpense": "None", "netIncomeFromContinuingOperations": "115700000", "comprehensiveIncomeNetOfTax": "None", "ebit": "133700000", "ebitda": "163000000", "netIncome": "115700000"}, {"fiscalDateEnding": "2019-09-30", "reportedCurrency": "USD", "grossProfit": "314500000", "totalRevenue": "802200000", "costOfRevenue": "487700000", "costofGoodsAndServicesSold": "487700000", "operatingIncome": "128700000", "sellingGeneralAndAdministrative": "185800000", "researchAndDevelopment": "None", "operatingExpenses": "185800000", "investmentIncomeNet": "None", "netInterestIncome": "-5500000", "interestIncome": "5600000", "interestExpense": "5500000", "nonInterestIncome": "None", "otherNonOperatingIncome": "-1700000", "depreciation": "None", "depreciationAndAmortization": "27900000", "incomeBeforeTax": "123400000", "incomeTaxExpense": "16700000", "interestAndDebtExpense": "None", "netIncomeFromContinuingOperations": "106700000", "comprehensiveIncomeNetOfTax": "None", "ebit": "128900000", "ebitda": "156800000", "netIncome": "106700000"}, {"fiscalDateEnding": "2019-06-30", "reportedCurrency": "USD", "grossProfit": "318400000", "totalRevenue": "782000000", "costOfRevenue": "463600000", "costofGoodsAndServicesSold": "463600000", "operatingIncome": "131900000", "sellingGeneralAndAdministrative": "186500000", "researchAndDevelopment": "None", "operatingExpenses": "186500000", "investmentIncomeNet": "None", "netInterestIncome": "-5400000", "interestIncome": "5600000", "interestExpense": "5400000", "nonInterestIncome": "None", "otherNonOperatingIncome": "-600000", "depreciation": "None", "depreciationAndAmortization": "27100000", "incomeBeforeTax": "127900000", "incomeTaxExpense": "23300000", "interestAndDebtExpense": "None", "netIncomeFromContinuingOperations": "104600000", "comprehensiveIncomeNetOfTax": "None", "ebit": "134000000", "ebitda": "161100000", "netIncome": "104600000"}, {"fiscalDateEnding": "2019-03-31", "reportedCurrency": "USD", "grossProfit": "281300000", "totalRevenue": "745200000", "costOfRevenue": "463900000", "costofGoodsAndServicesSold": "463900000", "operatingIncome": "97300000", "sellingGeneralAndAdministrative": "184000000", "researchAndDevelopment": "None", "operatingExpenses": "184000000", "investmentIncomeNet": "None", "netInterestIncome": "-5400000", "interestIncome": "None", "interestExpense": "5400000", "nonInterestIncome": "None", "otherNonOperatingIncome": "-1200000", "depreciation": "None", "depreciationAndAmortization": "27600000", "incomeBeforeTax": "92900000", "incomeTaxExpense": "17600000", "interestAndDebtExpense": "None", "netIncomeFromContinuingOperations": "75300000", "comprehensiveIncomeNetOfTax": "None", "ebit": "99100000", "ebitda": "126700000", "netIncome": "75300000"}, {"fiscalDateEnding": "2018-12-31", "reportedCurrency": "USD", "grossProfit": "288800000", "totalRevenue": "748400000", "costOfRevenue": "459600000", "costofGoodsAndServicesSold": "459600000", "operatingIncome": "111200000", "sellingGeneralAndAdministrative": "177600000", "researchAndDevelopment": "185600000", "operatingExpenses": "177600000", "investmentIncomeNet": "None", "netInterestIncome": "None", "interestIncome": "None", "interestExpense": "5700000", "nonInterestIncome": "None", "otherNonOperatingIncome": "-1800000", "depreciation": "None", "depreciationAndAmortization": "29300000", "incomeBeforeTax": "107100000", "incomeTaxExpense": "16000000", "interestAndDebtExpense": "None", "netIncomeFromContinuingOperations": "91100000", "comprehensiveIncomeNetOfTax": "None", "ebit": "113500000", "ebitda": "142800000", "netIncome": "91100000"}, {"fiscalDateEnding": "2018-09-30", "reportedCurrency": "USD", "grossProfit": "279100000", "totalRevenue": "725300000", "costOfRevenue": "446200000", "costofGoodsAndServicesSold": "446200000", "operatingIncome": "105500000", "sellingGeneralAndAdministrative": "173600000", "researchAndDevelopment": "0", "operatingExpenses": "173600000", "investmentIncomeNet": "None", "netInterestIncome": "None", "interestIncome": "None", "interestExpense": "6000000", "nonInterestIncome": "None", "otherNonOperatingIncome": "-2700000", "depreciation": "None", "depreciationAndAmortization": "27300000", "incomeBeforeTax": "100200000", "incomeTaxExpense": "9900000", "interestAndDebtExpense": "None", "netIncomeFromContinuingOperations": "90300000", "comprehensiveIncomeNetOfTax": "None", "ebit": "106800000", "ebitda": "134100000", "netIncome": "90300000"}, {"fiscalDateEnding": "2018-06-30", "reportedCurrency": "USD", "grossProfit": "285500000", "totalRevenue": "732500000", "costOfRevenue": "447000000", "costofGoodsAndServicesSold": "447000000", "operatingIncome": "111500000", "sellingGeneralAndAdministrative": "174000000", "researchAndDevelopment": "0", "operatingExpenses": "174000000", "investmentIncomeNet": "None", "netInterestIncome": "None", "interestIncome": "None", "interestExpense": "6700000", "nonInterestIncome": "None", "otherNonOperatingIncome": "-3700000", "depreciation": "None", "depreciationAndAmortization": "27600000", "incomeBeforeTax": "104400000", "incomeTaxExpense": "18500000", "interestAndDebtExpense": "None", "netIncomeFromContinuingOperations": "85900000", "comprehensiveIncomeNetOfTax": "None", "ebit": "111700000", "ebitda": "139300000", "netIncome": "85900000"}, {"fiscalDateEnding": "2018-03-31", "reportedCurrency": "USD", "grossProfit": "257400000", "totalRevenue": "695600000", "costOfRevenue": "438200000", "costofGoodsAndServicesSold": "438200000", "operatingIncome": "88400000", "sellingGeneralAndAdministrative": "169000000", "researchAndDevelopment": "0", "operatingExpenses": "169000000", "investmentIncomeNet": "None", "netInterestIncome": "None", "interestIncome": "None", "interestExpense": "7100000", "nonInterestIncome": "None", "otherNonOperatingIncome": "-2500000", "depreciation": "None", "depreciationAndAmortization": "28800000", "incomeBeforeTax": "82200000", "incomeTaxExpense": "15700000", "interestAndDebtExpense": "None", "netIncomeFromContinuingOperations": "66500000", "comprehensiveIncomeNetOfTax": "None", "ebit": "89800000", "ebitda": "118600000", "netIncome": "66500000"}, {"fiscalDateEnding": "2017-12-31", "reportedCurrency": "USD", "grossProfit": "270500000", "totalRevenue": "704400000", "costOfRevenue": "433900000", "costofGoodsAndServicesSold": "433900000", "operatingIncome": "98400000", "sellingGeneralAndAdministrative": "172100000", "researchAndDevelopment": "177700000", "operatingExpenses": "172100000", "investmentIncomeNet": "None", "netInterestIncome": "None", "interestIncome": "None", "interestExpense": "7600000", "nonInterestIncome": "None", "otherNonOperatingIncome": "-2500000", "depreciation": "None", "depreciationAndAmortization": "25600000", "incomeBeforeTax": "88300000", "incomeTaxExpense": "20700000", "interestAndDebtExpense": "None", "netIncomeFromContinuingOperations": "67600000", "comprehensiveIncomeNetOfTax": "None", "ebit": "95900000", "ebitda": "121500000", "netIncome": "67600000"}, {"fiscalDateEnding": "2017-09-30", "reportedCurrency": "USD", "grossProfit": "256400000", "totalRevenue": "662200000", "costOfRevenue": "405800000", "costofGoodsAndServicesSold": "405800000", "operatingIncome": "92900000", "sellingGeneralAndAdministrative": "163900000", "researchAndDevelopment": "0", "operatingExpenses": "163500000", "investmentIncomeNet": "None", "netInterestIncome": "None", "interestIncome": "None", "interestExpense": "8200000", "nonInterestIncome": "None", "otherNonOperatingIncome": "-3000000", "depreciation": "None", "depreciationAndAmortization": "31400000", "incomeBeforeTax": "81700000", "incomeTaxExpense": "12700000", "interestAndDebtExpense": "None", "netIncomeFromContinuingOperations": "69000000", "comprehensiveIncomeNetOfTax": "None", "ebit": "89900000", "ebitda": "121300000", "netIncome": "69000000"}, {"fiscalDateEnding": "2017-06-30", "reportedCurrency": "USD", "grossProfit": "252800000", "totalRevenue": "671100000", "costOfRevenue": "418300000", "costofGoodsAndServicesSold": "418300000", "operatingIncome": "86200000", "sellingGeneralAndAdministrative": "165800000", "researchAndDevelopment": "0", "operatingExpenses": "166600000", "investmentIncomeNet": "None", "netInterestIncome": "None", "interestIncome": "None", "interestExpense": "9100000", "nonInterestIncome": "None", "otherNonOperatingIncome": "-700000", "depreciation": "None", "depreciationAndAmortization": "33200000", "incomeBeforeTax": "76400000", "incomeTaxExpense": "16300000", "interestAndDebtExpense": "None", "netIncomeFromContinuingOperations": "60100000", "comprehensiveIncomeNetOfTax": "None", "ebit": "85900000", "ebitda": "119100000", "netIncome": "60100000"}, {"fiscalDateEnding": "2017-03-31", "reportedCurrency": "USD", "grossProfit": "211900000", "totalRevenue": "566100000", "costOfRevenue": "354200000", "costofGoodsAndServicesSold": "354200000", "operatingIncome": "58100000", "sellingGeneralAndAdministrative": "142800000", "researchAndDevelopment": "0", "operatingExpenses": "153800000", "investmentIncomeNet": "None", "netInterestIncome": "None", "interestIncome": "None", "interestExpense": "8200000", "nonInterestIncome": "None", "otherNonOperatingIncome": "-9300000", "depreciation": "None", "depreciationAndAmortization": "22800000", "incomeBeforeTax": "40600000", "incomeTaxExpense": "10100000", "interestAndDebtExpense": "None", "netIncomeFromContinuingOperations": "30500000", "comprehensiveIncomeNetOfTax": "None", "ebit": "46500000", "ebitda": "69300000", "netIncome": "30500000"}, {"fiscalDateEnding": "2016-12-31", "reportedCurrency": "USD", "grossProfit": "212900000", "totalRevenue": "552900000", "costOfRevenue": "340000000", "costofGoodsAndServicesSold": "340000000", "operatingIncome": "71100000", "sellingGeneralAndAdministrative": "144200000", "researchAndDevelopment": "458300000", "operatingExpenses": "141800000", "investmentIncomeNet": "None", "netInterestIncome": "None", "interestIncome": "None", "interestExpense": "6000000", "nonInterestIncome": "None", "otherNonOperatingIncome": "-4500000", "depreciation": "None", "depreciationAndAmortization": "22300000", "incomeBeforeTax": "60700000", "incomeTaxExpense": "7300000", "interestAndDebtExpense": "None", "netIncomeFromContinuingOperations": "53300000", "comprehensiveIncomeNetOfTax": "None", "ebit": "66200000", "ebitda": "88500000", "netIncome": "53000000"}, {"fiscalDateEnding": "2016-09-30", "reportedCurrency": "USD", "grossProfit": "209800000", "totalRevenue": "526800000", "costOfRevenue": "317000000", "costofGoodsAndServicesSold": "317000000", "operatingIncome": "70500000", "sellingGeneralAndAdministrative": "141000000", "researchAndDevelopment": "0", "operatingExpenses": "139300000", "investmentIncomeNet": "None", "netInterestIncome": "None", "interestIncome": "None", "interestExpense": "5600000", "nonInterestIncome": "None", "otherNonOperatingIncome": "-700000", "depreciation": "None", "depreciationAndAmortization": "22400000", "incomeBeforeTax": "64200000", "incomeTaxExpense": "11100000", "interestAndDebtExpense": "None", "netIncomeFromContinuingOperations": "53100000", "comprehensiveIncomeNetOfTax": "None", "ebit": "69800000", "ebitda": "92200000", "netIncome": "52000000"}, {"fiscalDateEnding": "2016-06-30", "reportedCurrency": "USD", "grossProfit": "203100000", "totalRevenue": "534900000", "costOfRevenue": "331800000", "costofGoodsAndServicesSold": "331800000", "operatingIncome": "54300000", "sellingGeneralAndAdministrative": "149900000", "researchAndDevelopment": "0", "operatingExpenses": "148800000", "investmentIncomeNet": "None", "netInterestIncome": "None", "interestIncome": "None", "interestExpense": "5900000", "nonInterestIncome": "None", "otherNonOperatingIncome": "17200000", "depreciation": "None", "depreciationAndAmortization": "21500000", "incomeBeforeTax": "65600000", "incomeTaxExpense": "19500000", "interestAndDebtExpense": "None", "netIncomeFromContinuingOperations": "46100000", "comprehensiveIncomeNetOfTax": "None", "ebit": "50000000", "ebitda": "71500000", "netIncome": "46900000"}, {"fiscalDateEnding": "2016-03-31", "reportedCurrency": "USD", "grossProfit": "205700000", "totalRevenue": "530500000", "costOfRevenue": "324800000", "costofGoodsAndServicesSold": "324800000", "operatingIncome": "61000000", "sellingGeneralAndAdministrative": "144800000", "researchAndDevelopment": "0", "operatingExpenses": "144700000", "investmentIncomeNet": "None", "netInterestIncome": "None", "interestIncome": "None", "interestExpense": "5700000", "nonInterestIncome": "None", "otherNonOperatingIncome": "-1300000", "depreciation": "None", "depreciationAndAmortization": "21100000", "incomeBeforeTax": "54000000", "incomeTaxExpense": "15600000", "interestAndDebtExpense": "None", "netIncomeFromContinuingOperations": "38400000", "comprehensiveIncomeNetOfTax": "None", "ebit": "59600000", "ebitda": "80700000", "netIncome": "39000000"}, {"fiscalDateEnding": "2015-12-31", "reportedCurrency": "USD", "grossProfit": "221600000", "totalRevenue": "600000000", "costOfRevenue": "378400000", "costofGoodsAndServicesSold": "378400000", "operatingIncome": "76000000", "sellingGeneralAndAdministrative": "145600000", "researchAndDevelopment": "476600000", "operatingExpenses": "145600000", "investmentIncomeNet": "None", "netInterestIncome": "None", "interestIncome": "None", "interestExpense": "6000000", "nonInterestIncome": "None", "otherNonOperatingIncome": "-1700000", "depreciation": "None", "depreciationAndAmortization": "22400000", "incomeBeforeTax": "68300000", "incomeTaxExpense": "12800000", "interestAndDebtExpense": "None", "netIncomeFromContinuingOperations": "55500000", "comprehensiveIncomeNetOfTax": "None", "ebit": "74300000", "ebitda": "96700000", "netIncome": "55500000"}, {"fiscalDateEnding": "2015-09-30", "reportedCurrency": "USD", "grossProfit": "209600000", "totalRevenue": "555400000", "costOfRevenue": "345800000", "costofGoodsAndServicesSold": "345800000", "operatingIncome": "69500000", "sellingGeneralAndAdministrative": "139600000", "researchAndDevelopment": "0", "operatingExpenses": "140100000", "investmentIncomeNet": "None", "netInterestIncome": "None", "interestIncome": "None", "interestExpense": "6000000", "nonInterestIncome": "None", "otherNonOperatingIncome": "-2100000", "depreciation": "None", "depreciationAndAmortization": "21900000", "incomeBeforeTax": "61400000", "incomeTaxExpense": "13100000", "interestAndDebtExpense": "None", "netIncomeFromContinuingOperations": "48300000", "comprehensiveIncomeNetOfTax": "None", "ebit": "69600000", "ebitda": "91500000", "netIncome": "48300000"}, {"fiscalDateEnding": "2015-06-30", "reportedCurrency": "USD", "grossProfit": "220000000", "totalRevenue": "577700000", "costOfRevenue": "357700000", "costofGoodsAndServicesSold": "357700000", "operatingIncome": "68900000", "sellingGeneralAndAdministrative": "150600000", "researchAndDevelopment": "0", "operatingExpenses": "151100000", "investmentIncomeNet": "None", "netInterestIncome": "None", "interestIncome": "None", "interestExpense": "6000000", "nonInterestIncome": "None", "otherNonOperatingIncome": "3400000", "depreciation": "None", "depreciationAndAmortization": "22800000", "incomeBeforeTax": "66300000", "incomeTaxExpense": "18300000", "interestAndDebtExpense": "None", "netIncomeFromContinuingOperations": "48000000", "comprehensiveIncomeNetOfTax": "None", "ebit": "72300000", "ebitda": "95100000", "netIncome": "48300000"}, {"fiscalDateEnding": "2015-03-31", "reportedCurrency": "USD", "grossProfit": "219100000", "totalRevenue": "565000000", "costOfRevenue": "345900000", "costofGoodsAndServicesSold": "345900000", "operatingIncome": "67300000", "sellingGeneralAndAdministrative": "151800000", "researchAndDevelopment": "0", "operatingExpenses": "151800000", "investmentIncomeNet": "None", "netInterestIncome": "None", "interestIncome": "None", "interestExpense": "5900000", "nonInterestIncome": "None", "otherNonOperatingIncome": "800000", "depreciation": "None", "depreciationAndAmortization": "23200000", "incomeBeforeTax": "62200000", "incomeTaxExpense": "18500000", "interestAndDebtExpense": "None", "netIncomeFromContinuingOperations": "43700000", "comprehensiveIncomeNetOfTax": "None", "ebit": "68100000", "ebitda": "91300000", "netIncome": "43700000"}, {"fiscalDateEnding": "2014-12-31", "reportedCurrency": "USD", "grossProfit": "230700000", "totalRevenue": "622300000", "costOfRevenue": "391600000", "costofGoodsAndServicesSold": "391600000", "operatingIncome": "79900000", "sellingGeneralAndAdministrative": "150800000", "researchAndDevelopment": "428800000", "operatingExpenses": "150800000", "investmentIncomeNet": "None", "netInterestIncome": "None", "interestIncome": "None", "interestExpense": "5100000", "nonInterestIncome": "None", "otherNonOperatingIncome": "-400000", "depreciation": "None", "depreciationAndAmortization": "24200000", "incomeBeforeTax": "74400000", "incomeTaxExpense": "15500000", "interestAndDebtExpense": "None", "netIncomeFromContinuingOperations": "58900000", "comprehensiveIncomeNetOfTax": "None", "ebit": "79500000", "ebitda": "103700000", "netIncome": "60200000"}, {"fiscalDateEnding": "2014-09-30", "reportedCurrency": "USD", "grossProfit": "225700000", "totalRevenue": "601100000", "costOfRevenue": "375400000", "costofGoodsAndServicesSold": "375400000", "operatingIncome": "74300000", "sellingGeneralAndAdministrative": "151400000", "researchAndDevelopment": "0", "operatingExpenses": "151400000", "investmentIncomeNet": "None", "netInterestIncome": "None", "interestIncome": "None", "interestExpense": "4600000", "nonInterestIncome": "None", "otherNonOperatingIncome": "-1800000", "depreciation": "None", "depreciationAndAmortization": "23500000", "incomeBeforeTax": "67900000", "incomeTaxExpense": "13000000", "interestAndDebtExpense": "None", "netIncomeFromContinuingOperations": "54900000", "comprehensiveIncomeNetOfTax": "None", "ebit": "72500000", "ebitda": "96000000", "netIncome": "55600000"}, {"fiscalDateEnding": "2014-06-30", "reportedCurrency": "USD", "grossProfit": "228700000", "totalRevenue": "597100000", "costOfRevenue": "368400000", "costofGoodsAndServicesSold": "368400000", "operatingIncome": "74300000", "sellingGeneralAndAdministrative": "154400000", "researchAndDevelopment": "0", "operatingExpenses": "154400000", "investmentIncomeNet": "None", "netInterestIncome": "None", "interestIncome": "None", "interestExpense": "4600000", "nonInterestIncome": "None", "otherNonOperatingIncome": "8200000", "depreciation": "None", "depreciationAndAmortization": "23400000", "incomeBeforeTax": "77900000", "incomeTaxExpense": "22100000", "interestAndDebtExpense": "None", "netIncomeFromContinuingOperations": "55800000", "comprehensiveIncomeNetOfTax": "None", "ebit": "82500000", "ebitda": "105900000", "netIncome": "56100000"}, {"fiscalDateEnding": "2014-03-31", "reportedCurrency": "USD", "grossProfit": "221800000", "totalRevenue": "573500000", "costOfRevenue": "351700000", "costofGoodsAndServicesSold": "351700000", "operatingIncome": "66000000", "sellingGeneralAndAdministrative": "155800000", "researchAndDevelopment": "0", "operatingExpenses": "155800000", "investmentIncomeNet": "None", "netInterestIncome": "None", "interestIncome": "None", "interestExpense": "4700000", "nonInterestIncome": "None", "otherNonOperatingIncome": "600000", "depreciation": "None", "depreciationAndAmortization": "23200000", "incomeBeforeTax": "61900000", "incomeTaxExpense": "15900000", "interestAndDebtExpense": "None", "netIncomeFromContinuingOperations": "46000000", "comprehensiveIncomeNetOfTax": "None", "ebit": "66600000", "ebitda": "89800000", "netIncome": "45800000"}, {"fiscalDateEnding": "2013-12-31", "reportedCurrency": "USD", "grossProfit": "214600000", "totalRevenue": "596600000", "costOfRevenue": "382000000", "costofGoodsAndServicesSold": "382000000", "operatingIncome": "63500000", "sellingGeneralAndAdministrative": "151100000", "researchAndDevelopment": "388200000", "operatingExpenses": "151100000", "investmentIncomeNet": "None", "netInterestIncome": "None", "interestIncome": "None", "interestExpense": "4800000", "nonInterestIncome": "None", "otherNonOperatingIncome": "None", "depreciation": "None", "depreciationAndAmortization": "24000000", "incomeBeforeTax": "64000000", "incomeTaxExpense": "9500000", "interestAndDebtExpense": "None", "netIncomeFromContinuingOperations": "0", "comprehensiveIncomeNetOfTax": "None", "ebit": "68800000", "ebitda": "92800000", "netIncome": "54900000"}, {"fiscalDateEnding": "2013-09-30", "reportedCurrency": "USD", "grossProfit": "202600000", "totalRevenue": "571600000", "costOfRevenue": "369000000", "costofGoodsAndServicesSold": "369000000", "operatingIncome": "53000000", "sellingGeneralAndAdministrative": "149600000", "researchAndDevelopment": "0", "operatingExpenses": "149600000", "investmentIncomeNet": "None", "netInterestIncome": "None", "interestIncome": "None", "interestExpense": "5100000", "nonInterestIncome": "None", "otherNonOperatingIncome": "-700000", "depreciation": "None", "depreciationAndAmortization": "23100000", "incomeBeforeTax": "47200000", "incomeTaxExpense": "300000", "interestAndDebtExpense": "None", "netIncomeFromContinuingOperations": "46900000", "comprehensiveIncomeNetOfTax": "None", "ebit": "52300000", "ebitda": "75400000", "netIncome": "46800000"}, {"fiscalDateEnding": "2013-06-30", "reportedCurrency": "USD", "grossProfit": "217400000", "totalRevenue": "601000000", "costOfRevenue": "383600000", "costofGoodsAndServicesSold": "383600000", "operatingIncome": "64900000", "sellingGeneralAndAdministrative": "152500000", "researchAndDevelopment": "0", "operatingExpenses": "152500000", "investmentIncomeNet": "None", "netInterestIncome": "None", "interestIncome": "None", "interestExpense": "5100000", "nonInterestIncome": "None", "otherNonOperatingIncome": "None", "depreciation": "None", "depreciationAndAmortization": "22100000", "incomeBeforeTax": "59800000", "incomeTaxExpense": "16500000", "interestAndDebtExpense": "None", "netIncomeFromContinuingOperations": "43300000", "comprehensiveIncomeNetOfTax": "None", "ebit": "64900000", "ebitda": "87000000", "netIncome": "42900000"}, {"fiscalDateEnding": "2013-03-31", "reportedCurrency": "USD", "grossProfit": "204000000", "totalRevenue": "569400000", "costOfRevenue": "365400000", "costofGoodsAndServicesSold": "365400000", "operatingIncome": "58900000", "sellingGeneralAndAdministrative": "145100000", "researchAndDevelopment": "0", "operatingExpenses": "145100000", "investmentIncomeNet": "None", "netInterestIncome": "None", "interestIncome": "None", "interestExpense": "5400000", "nonInterestIncome": "None", "otherNonOperatingIncome": "-500000", "depreciation": "None", "depreciationAndAmortization": "21900000", "incomeBeforeTax": "53000000", "incomeTaxExpense": "13200000", "interestAndDebtExpense": "None", "netIncomeFromContinuingOperations": "39800000", "comprehensiveIncomeNetOfTax": "None", "ebit": "58400000", "ebitda": "80300000", "netIncome": "40400000"}, {"fiscalDateEnding": "2012-12-31", "reportedCurrency": "USD", "grossProfit": "208400000", "totalRevenue": "567400000", "costOfRevenue": "359000000", "costofGoodsAndServicesSold": "359000000", "operatingIncome": "67600000", "sellingGeneralAndAdministrative": "140800000", "researchAndDevelopment": "131600000", "operatingExpenses": "140800000", "investmentIncomeNet": "None", "netInterestIncome": "None", "interestIncome": "None", "interestExpense": "5200000", "nonInterestIncome": "None", "otherNonOperatingIncome": "700000", "depreciation": "None", "depreciationAndAmortization": "21900000", "incomeBeforeTax": "63100000", "incomeTaxExpense": "18600000", "interestAndDebtExpense": "None", "netIncomeFromContinuingOperations": "44500000", "comprehensiveIncomeNetOfTax": "None", "ebit": "68300000", "ebitda": "90200000", "netIncome": "46200000"}, {"fiscalDateEnding": "2012-09-30", "reportedCurrency": "USD", "grossProfit": "198400000", "totalRevenue": "547400000", "costOfRevenue": "349000000", "costofGoodsAndServicesSold": "349000000", "operatingIncome": "60300000", "sellingGeneralAndAdministrative": "138100000", "researchAndDevelopment": "0", "operatingExpenses": "138100000", "investmentIncomeNet": "None", "netInterestIncome": "None", "interestIncome": "None", "interestExpense": "4500000", "nonInterestIncome": "None", "otherNonOperatingIncome": "1200000", "depreciation": "None", "depreciationAndAmortization": "21500000", "incomeBeforeTax": "57000000", "incomeTaxExpense": "13900000", "interestAndDebtExpense": "None", "netIncomeFromContinuingOperations": "43100000", "comprehensiveIncomeNetOfTax": "None", "ebit": "37600000", "ebitda": "59100000", "netIncome": "42700000"}, {"fiscalDateEnding": "2012-06-30", "reportedCurrency": "USD", "grossProfit": "175500000", "totalRevenue": "518500000", "costOfRevenue": "343000000", "costofGoodsAndServicesSold": "343000000", "operatingIncome": "59700000", "sellingGeneralAndAdministrative": "115800000", "researchAndDevelopment": "0", "operatingExpenses": "115800000", "investmentIncomeNet": "None", "netInterestIncome": "None", "interestIncome": "None", "interestExpense": "4100000", "nonInterestIncome": "None", "otherNonOperatingIncome": "1400000", "depreciation": "None", "depreciationAndAmortization": "18100000", "incomeBeforeTax": "57000000", "incomeTaxExpense": "17400000", "interestAndDebtExpense": "None", "netIncomeFromContinuingOperations": "39600000", "comprehensiveIncomeNetOfTax": "None", "ebit": "41600000", "ebitda": "59700000", "netIncome": "39500000"}, {"fiscalDateEnding": "2012-03-31", "reportedCurrency": "USD", "grossProfit": "165900000", "totalRevenue": "494000000", "costOfRevenue": "328100000", "costofGoodsAndServicesSold": "328100000", "operatingIncome": "55500000", "sellingGeneralAndAdministrative": "110400000", "researchAndDevelopment": "0", "operatingExpenses": "110400000", "investmentIncomeNet": "None", "netInterestIncome": "None", "interestIncome": "None", "interestExpense": "4000000", "nonInterestIncome": "None", "otherNonOperatingIncome": "-400000", "depreciation": "None", "depreciationAndAmortization": "16800000", "incomeBeforeTax": "51100000", "incomeTaxExpense": "15500000", "interestAndDebtExpense": "None", "netIncomeFromContinuingOperations": "35600000", "comprehensiveIncomeNetOfTax": "None", "ebit": "39100000", "ebitda": "55900000", "netIncome": "35700000"}, {"fiscalDateEnding": "2011-12-31", "reportedCurrency": "USD", "grossProfit": "158800000", "totalRevenue": "474500000", "costOfRevenue": "315700000", "costofGoodsAndServicesSold": "315700000", "operatingIncome": "53800000", "sellingGeneralAndAdministrative": "105000000", "researchAndDevelopment": "101900000", "operatingExpenses": "105000000", "investmentIncomeNet": "None", "netInterestIncome": "None", "interestIncome": "None", "interestExpense": "3800000", "nonInterestIncome": "None", "otherNonOperatingIncome": "3100000", "depreciation": "None", "depreciationAndAmortization": "16800000", "incomeBeforeTax": "53100000", "incomeTaxExpense": "16400000", "interestAndDebtExpense": "None", "netIncomeFromContinuingOperations": "36700000", "comprehensiveIncomeNetOfTax": "None", "ebit": "56900000", "ebitda": "73700000", "netIncome": "36800000"}, {"fiscalDateEnding": "2011-09-30", "reportedCurrency": "USD", "grossProfit": "165100000", "totalRevenue": "496400000", "costOfRevenue": "331300000", "costofGoodsAndServicesSold": "331300000", "operatingIncome": "56800000", "sellingGeneralAndAdministrative": "108300000", "researchAndDevelopment": "0", "operatingExpenses": "108300000", "investmentIncomeNet": "None", "netInterestIncome": "None", "interestIncome": "None", "interestExpense": "3700000", "nonInterestIncome": "None", "otherNonOperatingIncome": "-3800000", "depreciation": "None", "depreciationAndAmortization": "16700000", "incomeBeforeTax": "49300000", "incomeTaxExpense": "15200000", "interestAndDebtExpense": "None", "netIncomeFromContinuingOperations": "34100000", "comprehensiveIncomeNetOfTax": "None", "ebit": "53000000", "ebitda": "69700000", "netIncome": "34100000"}, {"fiscalDateEnding": "2011-06-30", "reportedCurrency": "USD", "grossProfit": "172300000", "totalRevenue": "502900000", "costOfRevenue": "330600000", "costofGoodsAndServicesSold": "330600000", "operatingIncome": "61900000", "sellingGeneralAndAdministrative": "110400000", "researchAndDevelopment": "0", "operatingExpenses": "110400000", "investmentIncomeNet": "None", "netInterestIncome": "None", "interestIncome": "None", "interestExpense": "4300000", "nonInterestIncome": "None", "otherNonOperatingIncome": "1600000", "depreciation": "None", "depreciationAndAmortization": "16800000", "incomeBeforeTax": "59200000", "incomeTaxExpense": "20400000", "interestAndDebtExpense": "None", "netIncomeFromContinuingOperations": "38800000", "comprehensiveIncomeNetOfTax": "None", "ebit": "61900000", "ebitda": "78700000", "netIncome": "152300000"}, {"fiscalDateEnding": "2011-03-31", "reportedCurrency": "USD", "grossProfit": "155000000", "totalRevenue": "468100000", "costOfRevenue": "313100000", "costofGoodsAndServicesSold": "313100000", "operatingIncome": "54700000", "sellingGeneralAndAdministrative": "100300000", "researchAndDevelopment": "0", "operatingExpenses": "100300000", "investmentIncomeNet": "None", "netInterestIncome": "None", "interestIncome": "None", "interestExpense": "4400000", "nonInterestIncome": "None", "otherNonOperatingIncome": "-300000", "depreciation": "None", "depreciationAndAmortization": "13900000", "incomeBeforeTax": "50000000", "incomeTaxExpense": "17500000", "interestAndDebtExpense": "None", "netIncomeFromContinuingOperations": "32500000", "comprehensiveIncomeNetOfTax": "None", "ebit": "41100000", "ebitda": "55000000", "netIncome": "32000000"}, {"fiscalDateEnding": "2010-12-31", "reportedCurrency": "USD", "grossProfit": "100200000", "totalRevenue": "318600000", "costOfRevenue": "218400000", "costofGoodsAndServicesSold": "218400000", "operatingIncome": "46000000", "sellingGeneralAndAdministrative": "86700000", "researchAndDevelopment": "0", "operatingExpenses": "54200000", "investmentIncomeNet": "None", "netInterestIncome": "None", "interestIncome": "None", "interestExpense": "3400000", "nonInterestIncome": "None", "otherNonOperatingIncome": "None", "depreciation": "None", "depreciationAndAmortization": "10200000", "incomeBeforeTax": "43300000", "incomeTaxExpense": "7300000", "interestAndDebtExpense": "None", "netIncomeFromContinuingOperations": "0", "comprehensiveIncomeNetOfTax": "None", "ebit": "45100000", "ebitda": "55300000", "netIncome": "36600000"}, {"fiscalDateEnding": "2010-09-30", "reportedCurrency": "USD", "grossProfit": "136300000", "totalRevenue": "443900000", "costOfRevenue": "307600000", "costofGoodsAndServicesSold": "307600000", "operatingIncome": "46900000", "sellingGeneralAndAdministrative": "79000000", "researchAndDevelopment": "0", "operatingExpenses": "89400000", "investmentIncomeNet": "None", "netInterestIncome": "None", "interestIncome": "None", "interestExpense": "1400000", "nonInterestIncome": "None", "otherNonOperatingIncome": "-300000", "depreciation": "None", "depreciationAndAmortization": "12600000", "incomeBeforeTax": "45200000", "incomeTaxExpense": "14800000", "interestAndDebtExpense": "None", "netIncomeFromContinuingOperations": "30400000", "comprehensiveIncomeNetOfTax": "None", "ebit": "44800000", "ebitda": "57400000", "netIncome": "30300000"}, {"fiscalDateEnding": "2010-06-30", "reportedCurrency": "USD", "grossProfit": "132600000", "totalRevenue": "442500000", "costOfRevenue": "309900000", "costofGoodsAndServicesSold": "309900000", "operatingIncome": "45700000", "sellingGeneralAndAdministrative": "76900000", "researchAndDevelopment": "0", "operatingExpenses": "86900000", "investmentIncomeNet": "None", "netInterestIncome": "None", "interestIncome": "None", "interestExpense": "700000", "nonInterestIncome": "None", "otherNonOperatingIncome": "500000", "depreciation": "None", "depreciationAndAmortization": "11200000", "incomeBeforeTax": "45500000", "incomeTaxExpense": "16900000", "interestAndDebtExpense": "None", "netIncomeFromContinuingOperations": "28600000", "comprehensiveIncomeNetOfTax": "None", "ebit": "43800000", "ebitda": "55000000", "netIncome": "28600000"}, {"fiscalDateEnding": "2010-03-31", "reportedCurrency": "USD", "grossProfit": "127000000", "totalRevenue": "439200000", "costOfRevenue": "312200000", "costofGoodsAndServicesSold": "312200000", "operatingIncome": "39900000", "sellingGeneralAndAdministrative": "77100000", "researchAndDevelopment": "None", "operatingExpenses": "87100000", "investmentIncomeNet": "None", "netInterestIncome": "None", "interestIncome": "None", "interestExpense": "1000000", "nonInterestIncome": "None", "otherNonOperatingIncome": "None", "depreciation": "None", "depreciationAndAmortization": "11200000", "incomeBeforeTax": "39600000", "incomeTaxExpense": "14600000", "interestAndDebtExpense": "None", "netIncomeFromContinuingOperations": "None", "comprehensiveIncomeNetOfTax": "None", "ebit": "40100000", "ebitda": "51300000", "netIncome": "25000000"}, {"fiscalDateEnding": "2009-12-31", "reportedCurrency": "USD", "grossProfit": "130200000", "totalRevenue": "454400000", "costOfRevenue": "324200000", "costofGoodsAndServicesSold": "324200000", "operatingIncome": "43300000", "sellingGeneralAndAdministrative": "86900000", "researchAndDevelopment": "60800000", "operatingExpenses": "86900000", "investmentIncomeNet": "None", "netInterestIncome": "None", "interestIncome": "None", "interestExpense": "1100000", "nonInterestIncome": "None", "otherNonOperatingIncome": "None", "depreciation": "None", "depreciationAndAmortization": "11500000", "incomeBeforeTax": "42300000", "incomeTaxExpense": "10100000", "interestAndDebtExpense": "None", "netIncomeFromContinuingOperations": "0", "comprehensiveIncomeNetOfTax": "None", "ebit": "43500000", "ebitda": "55000000", "netIncome": "32200000"}, {"fiscalDateEnding": "2009-09-30", "reportedCurrency": "USD", "grossProfit": "125200000", "totalRevenue": "429400000", "costOfRevenue": "304200000", "costofGoodsAndServicesSold": "304200000", "operatingIncome": "43700000", "sellingGeneralAndAdministrative": "81500000", "researchAndDevelopment": "0", "operatingExpenses": "81500000", "investmentIncomeNet": "None", "netInterestIncome": "None", "interestIncome": "None", "interestExpense": "1100000", "nonInterestIncome": "None", "otherNonOperatingIncome": "None", "depreciation": "None", "depreciationAndAmortization": "10200000", "incomeBeforeTax": "42600000", "incomeTaxExpense": "7400000", "interestAndDebtExpense": "None", "netIncomeFromContinuingOperations": "0", "comprehensiveIncomeNetOfTax": "None", "ebit": "33500000", "ebitda": "43700000", "netIncome": "35100000"}, {"fiscalDateEnding": "2009-06-30", "reportedCurrency": "USD", "grossProfit": "127300000", "totalRevenue": "441100000", "costOfRevenue": "313800000", "costofGoodsAndServicesSold": "313800000", "operatingIncome": "43700000", "sellingGeneralAndAdministrative": "83600000", "researchAndDevelopment": "0", "operatingExpenses": "83600000", "investmentIncomeNet": "None", "netInterestIncome": "None", "interestIncome": "None", "interestExpense": "1500000", "nonInterestIncome": "None", "otherNonOperatingIncome": "None", "depreciation": "None", "depreciationAndAmortization": "11300000", "incomeBeforeTax": "41600000", "incomeTaxExpense": "16200000", "interestAndDebtExpense": "None", "netIncomeFromContinuingOperations": "0", "comprehensiveIncomeNetOfTax": "None", "ebit": "32400000", "ebitda": "43700000", "netIncome": "25200000"}, {"fiscalDateEnding": "2009-03-31", "reportedCurrency": "USD", "grossProfit": "126500000", "totalRevenue": "440300000", "costOfRevenue": "313800000", "costofGoodsAndServicesSold": "313800000", "operatingIncome": "35300000", "sellingGeneralAndAdministrative": "91200000", "researchAndDevelopment": "0", "operatingExpenses": "91200000", "investmentIncomeNet": "None", "netInterestIncome": "None", "interestIncome": "None", "interestExpense": "1100000", "nonInterestIncome": "None", "otherNonOperatingIncome": "None", "depreciation": "None", "depreciationAndAmortization": "11700000", "incomeBeforeTax": "34600000", "incomeTaxExpense": "13600000", "interestAndDebtExpense": "None", "netIncomeFromContinuingOperations": "0", "comprehensiveIncomeNetOfTax": "None", "ebit": "35700000", "ebitda": "47400000", "netIncome": "20800000"}, {"fiscalDateEnding": "2008-12-31", "reportedCurrency": "USD", "grossProfit": "120000000", "totalRevenue": "464800000", "costOfRevenue": "344800000", "costofGoodsAndServicesSold": "344800000", "operatingIncome": "33500000", "sellingGeneralAndAdministrative": "39400000", "researchAndDevelopment": "65600000", "operatingExpenses": "86500000", "investmentIncomeNet": "None", "netInterestIncome": "None", "interestIncome": "None", "interestExpense": "2900000", "nonInterestIncome": "None", "otherNonOperatingIncome": "None", "depreciation": "None", "depreciationAndAmortization": "10900000", "incomeBeforeTax": "30400000", "incomeTaxExpense": "10500000", "interestAndDebtExpense": "None", "netIncomeFromContinuingOperations": "0", "comprehensiveIncomeNetOfTax": "None", "ebit": "33500000", "ebitda": "44400000", "netIncome": "19900000"}, {"fiscalDateEnding": "2008-09-30", "reportedCurrency": "USD", "grossProfit": "149100000", "totalRevenue": "497600000", "costOfRevenue": "348500000", "costofGoodsAndServicesSold": "348500000", "operatingIncome": "51900000", "sellingGeneralAndAdministrative": "97200000", "researchAndDevelopment": "0", "operatingExpenses": "97200000", "investmentIncomeNet": "None", "netInterestIncome": "None", "interestIncome": "None", "interestExpense": "2900000", "nonInterestIncome": "None", "otherNonOperatingIncome": "None", "depreciation": "None", "depreciationAndAmortization": "12600000", "incomeBeforeTax": "49100000", "incomeTaxExpense": "18200000", "interestAndDebtExpense": "None", "netIncomeFromContinuingOperations": "0", "comprehensiveIncomeNetOfTax": "None", "ebit": "39300000", "ebitda": "51900000", "netIncome": "30900000"}, {"fiscalDateEnding": "2008-06-30", "reportedCurrency": "USD", "grossProfit": "147900000", "totalRevenue": "478800000", "costOfRevenue": "330900000", "costofGoodsAndServicesSold": "330900000", "operatingIncome": "55800000", "sellingGeneralAndAdministrative": "92100000", "researchAndDevelopment": "0", "operatingExpenses": "92100000", "investmentIncomeNet": "None", "netInterestIncome": "None", "interestIncome": "None", "interestExpense": "1800000", "nonInterestIncome": "None", "otherNonOperatingIncome": "None", "depreciation": "None", "depreciationAndAmortization": "13100000", "incomeBeforeTax": "53300000", "incomeTaxExpense": "20700000", "interestAndDebtExpense": "None", "netIncomeFromContinuingOperations": "0", "comprehensiveIncomeNetOfTax": "None", "ebit": "55100000", "ebitda": "68200000", "netIncome": "32600000"}, {"fiscalDateEnding": "2008-03-31", "reportedCurrency": "USD", "grossProfit": "136500000", "totalRevenue": "451800000", "costOfRevenue": "315300000", "costofGoodsAndServicesSold": "315300000", "operatingIncome": "47700000", "sellingGeneralAndAdministrative": "88800000", "researchAndDevelopment": "0", "operatingExpenses": "88800000", "investmentIncomeNet": "None", "netInterestIncome": "None", "interestIncome": "None", "interestExpense": "4400000", "nonInterestIncome": "None", "otherNonOperatingIncome": "None", "depreciation": "None", "depreciationAndAmortization": "10700000", "incomeBeforeTax": "43500000", "incomeTaxExpense": "15600000", "interestAndDebtExpense": "None", "netIncomeFromContinuingOperations": "0", "comprehensiveIncomeNetOfTax": "None", "ebit": "47900000", "ebitda": "58600000", "netIncome": "27900000"}, {"fiscalDateEnding": "2007-12-31", "reportedCurrency": "USD", "grossProfit": "122900000", "totalRevenue": "427500000", "costOfRevenue": "304600000", "costofGoodsAndServicesSold": "304600000", "operatingIncome": "41800000", "sellingGeneralAndAdministrative": "81100000", "researchAndDevelopment": "59700000", "operatingExpenses": "81100000", "investmentIncomeNet": "None", "netInterestIncome": "None", "interestIncome": "None", "interestExpense": "300000", "nonInterestIncome": "None", "otherNonOperatingIncome": "None", "depreciation": "None", "depreciationAndAmortization": "9100000", "incomeBeforeTax": "40000000", "incomeTaxExpense": "13400000", "interestAndDebtExpense": "None", "netIncomeFromContinuingOperations": "0", "comprehensiveIncomeNetOfTax": "None", "ebit": "41800000", "ebitda": "50900000", "netIncome": "26600000"}, {"fiscalDateEnding": "2007-09-30", "reportedCurrency": "USD", "grossProfit": "124000000", "totalRevenue": "408900000", "costOfRevenue": "284900000", "costofGoodsAndServicesSold": "284900000", "operatingIncome": "40000000", "sellingGeneralAndAdministrative": "84000000", "researchAndDevelopment": "0", "operatingExpenses": "84000000", "investmentIncomeNet": "None", "netInterestIncome": "None", "interestIncome": "None", "interestExpense": "2100000", "nonInterestIncome": "None", "otherNonOperatingIncome": "None", "depreciation": "None", "depreciationAndAmortization": "9000000", "incomeBeforeTax": "37000000", "incomeTaxExpense": "9900000", "interestAndDebtExpense": "None", "netIncomeFromContinuingOperations": "0", "comprehensiveIncomeNetOfTax": "None", "ebit": "31000000", "ebitda": "40000000", "netIncome": "27100000"}, {"fiscalDateEnding": "2007-06-30", "reportedCurrency": "USD", "grossProfit": "125400000", "totalRevenue": "400300000", "costOfRevenue": "274900000", "costofGoodsAndServicesSold": "274900000", "operatingIncome": "43600000", "sellingGeneralAndAdministrative": "81800000", "researchAndDevelopment": "0", "operatingExpenses": "81800000", "investmentIncomeNet": "None", "netInterestIncome": "None", "interestIncome": "None", "interestExpense": "4000000", "nonInterestIncome": "None", "otherNonOperatingIncome": "None", "depreciation": "None", "depreciationAndAmortization": "8900000", "incomeBeforeTax": "39400000", "incomeTaxExpense": "15100000", "interestAndDebtExpense": "None", "netIncomeFromContinuingOperations": "0", "comprehensiveIncomeNetOfTax": "None", "ebit": "34700000", "ebitda": "43600000", "netIncome": "24300000"}, {"fiscalDateEnding": "2007-03-31", "reportedCurrency": "USD", "grossProfit": "113600000", "totalRevenue": "385600000", "costOfRevenue": "272000000", "costofGoodsAndServicesSold": "272000000", "operatingIncome": "36900000", "sellingGeneralAndAdministrative": "76700000", "researchAndDevelopment": "0", "operatingExpenses": "76700000", "investmentIncomeNet": "None", "netInterestIncome": "None", "interestIncome": "None", "interestExpense": "3700000", "nonInterestIncome": "None", "otherNonOperatingIncome": "None", "depreciation": "None", "depreciationAndAmortization": "7700000", "incomeBeforeTax": "32900000", "incomeTaxExpense": "12400000", "interestAndDebtExpense": "None", "netIncomeFromContinuingOperations": "0", "comprehensiveIncomeNetOfTax": "None", "ebit": "29200000", "ebitda": "36900000", "netIncome": "20500000"}, {"fiscalDateEnding": "2006-12-31", "reportedCurrency": "USD", "grossProfit": "114600000", "totalRevenue": "391300000", "costOfRevenue": "276700000", "costofGoodsAndServicesSold": "276700000", "operatingIncome": "33200000", "sellingGeneralAndAdministrative": "81400000", "researchAndDevelopment": "52500000", "operatingExpenses": "81400000", "investmentIncomeNet": "None", "netInterestIncome": "None", "interestIncome": "None", "interestExpense": "4400000", "nonInterestIncome": "None", "otherNonOperatingIncome": "None", "depreciation": "None", "depreciationAndAmortization": "11100000", "incomeBeforeTax": "29100000", "incomeTaxExpense": "10200000", "interestAndDebtExpense": "None", "netIncomeFromContinuingOperations": "0", "comprehensiveIncomeNetOfTax": "None", "ebit": "33200000", "ebitda": "44300000", "netIncome": "18900000"}, {"fiscalDateEnding": "2006-09-30", "reportedCurrency": "USD", "grossProfit": "102300000", "totalRevenue": "363600000", "costOfRevenue": "261300000", "costofGoodsAndServicesSold": "261300000", "operatingIncome": "32100000", "sellingGeneralAndAdministrative": "70200000", "researchAndDevelopment": "0", "operatingExpenses": "70200000", "investmentIncomeNet": "None", "netInterestIncome": "None", "interestIncome": "None", "interestExpense": "800000", "nonInterestIncome": "None", "otherNonOperatingIncome": "None", "depreciation": "None", "depreciationAndAmortization": "7800000", "incomeBeforeTax": "31000000", "incomeTaxExpense": "8400000", "interestAndDebtExpense": "None", "netIncomeFromContinuingOperations": "0", "comprehensiveIncomeNetOfTax": "None", "ebit": "24300000", "ebitda": "32100000", "netIncome": "22600000"}, {"fiscalDateEnding": "2006-06-30", "reportedCurrency": "USD", "grossProfit": "102700000", "totalRevenue": "348100000", "costOfRevenue": "245400000", "costofGoodsAndServicesSold": "245400000", "operatingIncome": "33500000", "sellingGeneralAndAdministrative": "69200000", "researchAndDevelopment": "0", "operatingExpenses": "69200000", "investmentIncomeNet": "None", "netInterestIncome": "None", "interestIncome": "None", "interestExpense": "100000", "nonInterestIncome": "None", "otherNonOperatingIncome": "None", "depreciation": "None", "depreciationAndAmortization": "6500000", "incomeBeforeTax": "32900000", "incomeTaxExpense": "12000000", "interestAndDebtExpense": "None", "netIncomeFromContinuingOperations": "0", "comprehensiveIncomeNetOfTax": "None", "ebit": "27000000", "ebitda": "33500000", "netIncome": "20900000"}, {"fiscalDateEnding": "2006-03-31", "reportedCurrency": "USD", "grossProfit": "93400000", "totalRevenue": "330200000", "costOfRevenue": "236800000", "costofGoodsAndServicesSold": "236800000", "operatingIncome": "26300000", "sellingGeneralAndAdministrative": "67100000", "researchAndDevelopment": "0", "operatingExpenses": "67100000", "investmentIncomeNet": "None", "netInterestIncome": "None", "interestIncome": "None", "interestExpense": "5900000", "nonInterestIncome": "None", "otherNonOperatingIncome": "None", "depreciation": "None", "depreciationAndAmortization": "6600000", "incomeBeforeTax": "28700000", "incomeTaxExpense": "10800000", "interestAndDebtExpense": "None", "netIncomeFromContinuingOperations": "0", "comprehensiveIncomeNetOfTax": "None", "ebit": "19700000", "ebitda": "26300000", "netIncome": "17900000"}, {"fiscalDateEnding": "2005-12-31", "reportedCurrency": "USD", "grossProfit": "87800000", "totalRevenue": "310400000", "costOfRevenue": "222600000", "costofGoodsAndServicesSold": "222600000", "operatingIncome": "27000000", "sellingGeneralAndAdministrative": "60800000", "researchAndDevelopment": "44900000", "operatingExpenses": "60800000", "investmentIncomeNet": "None", "netInterestIncome": "None", "interestIncome": "None", "interestExpense": "300000", "nonInterestIncome": "None", "otherNonOperatingIncome": "None", "depreciation": "None", "depreciationAndAmortization": "7100000", "incomeBeforeTax": "26700000", "incomeTaxExpense": "10100000", "interestAndDebtExpense": "None", "netIncomeFromContinuingOperations": "0", "comprehensiveIncomeNetOfTax": "None", "ebit": "27000000", "ebitda": "34100000", "netIncome": "16600000"}, {"fiscalDateEnding": "2005-09-30", "reportedCurrency": "USD", "grossProfit": "82800000", "totalRevenue": "295300000", "costOfRevenue": "212500000", "costofGoodsAndServicesSold": "212500000", "operatingIncome": "23400000", "sellingGeneralAndAdministrative": "59400000", "researchAndDevelopment": "0", "operatingExpenses": "59400000", "investmentIncomeNet": "None", "netInterestIncome": "None", "interestIncome": "None", "interestExpense": "4500000", "nonInterestIncome": "None", "otherNonOperatingIncome": "None", "depreciation": "None", "depreciationAndAmortization": "6300000", "incomeBeforeTax": "25200000", "incomeTaxExpense": "9500000", "interestAndDebtExpense": "None", "netIncomeFromContinuingOperations": "0", "comprehensiveIncomeNetOfTax": "None", "ebit": "17100000", "ebitda": "23400000", "netIncome": "15700000"}, {"fiscalDateEnding": "2005-06-30", "reportedCurrency": "USD", "grossProfit": "83300000", "totalRevenue": "303300000", "costOfRevenue": "220000000", "costofGoodsAndServicesSold": "220000000", "operatingIncome": "26700000", "sellingGeneralAndAdministrative": "56600000", "researchAndDevelopment": "0", "operatingExpenses": "56600000", "investmentIncomeNet": "None", "netInterestIncome": "None", "interestIncome": "None", "interestExpense": "900000", "nonInterestIncome": "None", "otherNonOperatingIncome": "None", "depreciation": "None", "depreciationAndAmortization": "6100000", "incomeBeforeTax": "25800000", "incomeTaxExpense": "9700000", "interestAndDebtExpense": "None", "netIncomeFromContinuingOperations": "0", "comprehensiveIncomeNetOfTax": "None", "ebit": "20600000", "ebitda": "26700000", "netIncome": "16100000"}, {"fiscalDateEnding": "2005-03-31", "reportedCurrency": "USD", "grossProfit": "83000000", "totalRevenue": "297500000", "costOfRevenue": "214500000", "costofGoodsAndServicesSold": "214500000", "operatingIncome": "273900000", "sellingGeneralAndAdministrative": "59400000", "researchAndDevelopment": "0", "operatingExpenses": "-190900000", "investmentIncomeNet": "None", "netInterestIncome": "None", "interestIncome": "None", "interestExpense": "246100000", "nonInterestIncome": "None", "otherNonOperatingIncome": "None", "depreciation": "None", "depreciationAndAmortization": "6100000", "incomeBeforeTax": "25300000", "incomeTaxExpense": "9500000", "interestAndDebtExpense": "None", "netIncomeFromContinuingOperations": "0", "comprehensiveIncomeNetOfTax": "None", "ebit": "17500000", "ebitda": "23600000", "netIncome": "15800000"}, {"fiscalDateEnding": "2004-12-31", "reportedCurrency": "USD", "grossProfit": "83000000", "totalRevenue": "288100000", "costOfRevenue": "205100000", "costofGoodsAndServicesSold": "205100000", "operatingIncome": "22100000", "sellingGeneralAndAdministrative": "60900000", "researchAndDevelopment": "32600000", "operatingExpenses": "60900000", "investmentIncomeNet": "None", "netInterestIncome": "None", "interestIncome": "None", "interestExpense": "900000", "nonInterestIncome": "None", "otherNonOperatingIncome": "None", "depreciation": "None", "depreciationAndAmortization": "6400000", "incomeBeforeTax": "21200000", "incomeTaxExpense": "7800000", "interestAndDebtExpense": "None", "netIncomeFromContinuingOperations": "0", "comprehensiveIncomeNetOfTax": "None", "ebit": "22100000", "ebitda": "28500000", "netIncome": "13400000"}]}