{"symbol": "FDS", "annualReports": [{"fiscalDateEnding": "2024-08-31", "reportedCurrency": "USD", "grossProfit": "1191111000", "totalRevenue": "2203056000", "costOfRevenue": "1011945000", "costofGoodsAndServicesSold": "1011945000", "operatingIncome": "701299000", "sellingGeneralAndAdministrative": "485135000", "researchAndDevelopment": "265200000", "operatingExpenses": "489812000", "investmentIncomeNet": "None", "netInterestIncome": "-51331000", "interestIncome": "14447000", "interestExpense": "65778000", "nonInterestIncome": "None", "otherNonOperatingIncome": "None", "depreciation": "None", "depreciationAndAmortization": "125187000", "incomeBeforeTax": "651503000", "incomeTaxExpense": "114377000", "interestAndDebtExpense": "None", "netIncomeFromContinuingOperations": "537126000", "comprehensiveIncomeNetOfTax": "None", "ebit": "705976000", "ebitda": "831163000", "netIncome": "537126000"}, {"fiscalDateEnding": "2023-08-31", "reportedCurrency": "USD", "grossProfit": "1112283000", "totalRevenue": "2085508000", "costOfRevenue": "973225000", "costofGoodsAndServicesSold": "973225000", "operatingIncome": "630207000", "sellingGeneralAndAdministrative": "456130000", "researchAndDevelopment": "267399999", "operatingExpenses": "456130000", "investmentIncomeNet": "None", "netInterestIncome": "-53510000", "interestIncome": "53510000", "interestExpense": "66319000", "nonInterestIncome": "None", "otherNonOperatingIncome": "None", "depreciation": "None", "depreciationAndAmortization": "137728000", "incomeBeforeTax": "584954000", "incomeTaxExpense": "116820000", "interestAndDebtExpense": "None", "netIncomeFromContinuingOperations": "468134000", "comprehensiveIncomeNetOfTax": "None", "ebit": "663930000", "ebitda": "801658000", "netIncome": "468173000"}, {"fiscalDateEnding": "2022-08-31", "reportedCurrency": "USD", "grossProfit": "972786000", "totalRevenue": "1843892000", "costOfRevenue": "871106000", "costofGoodsAndServicesSold": "871106000", "operatingIncome": "475482000", "sellingGeneralAndAdministrative": "433032000", "researchAndDevelopment": "255100000", "operatingExpenses": "433032000", "investmentIncomeNet": "None", "netInterestIncome": "-29522000", "interestIncome": "29522000", "interestExpense": "29522000", "nonInterestIncome": "None", "otherNonOperatingIncome": "-2366000", "depreciation": "None", "depreciationAndAmortization": "129715000", "incomeBeforeTax": "443594000", "incomeTaxExpense": "46677000", "interestAndDebtExpense": "None", "netIncomeFromContinuingOperations": "396917000", "comprehensiveIncomeNetOfTax": "None", "ebit": "480648000", "ebitda": "610363000", "netIncome": "396917000"}, {"fiscalDateEnding": "2021-08-31", "reportedCurrency": "USD", "grossProfit": "805045000", "totalRevenue": "1591445000", "costOfRevenue": "786400000", "costofGoodsAndServicesSold": "786400000", "operatingIncome": "474041000", "sellingGeneralAndAdministrative": "331004000", "researchAndDevelopment": "250100000", "operatingExpenses": "331004000", "investmentIncomeNet": "None", "netInterestIncome": "-6394000", "interestIncome": "6394000", "interestExpense": "6394000", "nonInterestIncome": "None", "otherNonOperatingIncome": "-6424000", "depreciation": "None", "depreciationAndAmortization": "107322000", "incomeBeforeTax": "467617000", "incomeTaxExpense": "68027000", "interestAndDebtExpense": "None", "netIncomeFromContinuingOperations": "399590000", "comprehensiveIncomeNetOfTax": "None", "ebit": "473761000", "ebitda": "581083000", "netIncome": "399590000"}, {"fiscalDateEnding": "2020-08-31", "reportedCurrency": "USD", "grossProfit": "798665000", "totalRevenue": "1494111000", "costOfRevenue": "695446000", "costofGoodsAndServicesSold": "695446000", "operatingIncome": "439660000", "sellingGeneralAndAdministrative": "359005000", "researchAndDevelopment": "224000000", "operatingExpenses": "359005000", "investmentIncomeNet": "None", "netInterestIncome": "-9829000", "interestIncome": "9829000", "interestExpense": "9829000", "nonInterestIncome": "None", "otherNonOperatingIncome": "-12526000", "depreciation": "None", "depreciationAndAmortization": "100799000", "incomeBeforeTax": "427134000", "incomeTaxExpense": "54196000", "interestAndDebtExpense": "None", "netIncomeFromContinuingOperations": "372938000", "comprehensiveIncomeNetOfTax": "None", "ebit": "393778000", "ebitda": "494577000", "netIncome": "372938000"}, {"fiscalDateEnding": "2019-08-31", "reportedCurrency": "USD", "grossProfit": "771905000", "totalRevenue": "1435351000", "costOfRevenue": "663446000", "costofGoodsAndServicesSold": "663446000", "operatingIncome": "438035000", "sellingGeneralAndAdministrative": "333870000", "researchAndDevelopment": "214700000", "operatingExpenses": "333870000", "investmentIncomeNet": "None", "netInterestIncome": "-16070000", "interestIncome": "16070000", "interestExpense": "16070000", "nonInterestIncome": "None", "otherNonOperatingIncome": "-16070000", "depreciation": "None", "depreciationAndAmortization": "60463000", "incomeBeforeTax": "421965000", "incomeTaxExpense": "69175000", "interestAndDebtExpense": "None", "netIncomeFromContinuingOperations": "352790000", "comprehensiveIncomeNetOfTax": "None", "ebit": "438035000", "ebitda": "498498000", "netIncome": "352790000"}, {"fiscalDateEnding": "2018-08-31", "reportedCurrency": "USD", "grossProfit": "690849000", "totalRevenue": "1350145000", "costOfRevenue": "659296000", "costofGoodsAndServicesSold": "659296000", "operatingIncome": "366204000", "sellingGeneralAndAdministrative": "324645000", "researchAndDevelopment": "217100000", "operatingExpenses": "324645000", "investmentIncomeNet": "None", "netInterestIncome": "-14366000", "interestIncome": "14366000", "interestExpense": "14366000", "nonInterestIncome": "None", "otherNonOperatingIncome": "-14366000", "depreciation": "None", "depreciationAndAmortization": "57285000", "incomeBeforeTax": "351838000", "incomeTaxExpense": "84753000", "interestAndDebtExpense": "None", "netIncomeFromContinuingOperations": "267085000", "comprehensiveIncomeNetOfTax": "None", "ebit": "366204000", "ebitda": "423489000", "netIncome": "267085000"}, {"fiscalDateEnding": "2017-08-31", "reportedCurrency": "USD", "grossProfit": "654599000", "totalRevenue": "1221179000", "costOfRevenue": "566580000", "costofGoodsAndServicesSold": "566580000", "operatingIncome": "352135000", "sellingGeneralAndAdministrative": "302464000", "researchAndDevelopment": "215000000", "operatingExpenses": "302464000", "investmentIncomeNet": "None", "netInterestIncome": "-6600000", "interestIncome": "6600000", "interestExpense": "6600000", "nonInterestIncome": "None", "otherNonOperatingIncome": "-7823000", "depreciation": "None", "depreciationAndAmortization": "48294000", "incomeBeforeTax": "344312000", "incomeTaxExpense": "86053000", "interestAndDebtExpense": "None", "netIncomeFromContinuingOperations": "258259000", "comprehensiveIncomeNetOfTax": "None", "ebit": "353358000", "ebitda": "401652000", "netIncome": "258259000"}, {"fiscalDateEnding": "2016-08-31", "reportedCurrency": "USD", "grossProfit": "639683000", "totalRevenue": "1127092000", "costOfRevenue": "487409000", "costofGoodsAndServicesSold": "487409000", "operatingIncome": "349676000", "sellingGeneralAndAdministrative": "290007000", "researchAndDevelopment": "0", "operatingExpenses": "290007000", "investmentIncomeNet": "None", "netInterestIncome": "-1136000", "interestIncome": "1136000", "interestExpense": "1136000", "nonInterestIncome": "None", "otherNonOperatingIncome": "111317000", "depreciation": "None", "depreciationAndAmortization": "38052000", "incomeBeforeTax": "460993000", "incomeTaxExpense": "122178000", "interestAndDebtExpense": "None", "netIncomeFromContinuingOperations": "338815000", "comprehensiveIncomeNetOfTax": "None", "ebit": "237223000", "ebitda": "275275000", "netIncome": "338815000"}, {"fiscalDateEnding": "2015-08-31", "reportedCurrency": "USD", "grossProfit": "601429000", "totalRevenue": "1006768000", "costOfRevenue": "405339000", "costofGoodsAndServicesSold": "405339000", "operatingIncome": "331918000", "sellingGeneralAndAdministrative": "269511000", "researchAndDevelopment": "0", "operatingExpenses": "269511000", "investmentIncomeNet": "None", "netInterestIncome": "None", "interestIncome": "1836000", "interestExpense": "0", "nonInterestIncome": "None", "otherNonOperatingIncome": "1836000", "depreciation": "None", "depreciationAndAmortization": "31349000", "incomeBeforeTax": "333754000", "incomeTaxExpense": "92703000", "interestAndDebtExpense": "None", "netIncomeFromContinuingOperations": "241051000", "comprehensiveIncomeNetOfTax": "None", "ebit": "331918000", "ebitda": "363267000", "netIncome": "241051000"}, {"fiscalDateEnding": "2014-08-31", "reportedCurrency": "USD", "grossProfit": "566649000", "totalRevenue": "920335000", "costOfRevenue": "353686000", "costofGoodsAndServicesSold": "353686000", "operatingIncome": "302219000", "sellingGeneralAndAdministrative": "264430000", "researchAndDevelopment": "0", "operatingExpenses": "264430000", "investmentIncomeNet": "None", "netInterestIncome": "None", "interestIncome": "None", "interestExpense": "0", "nonInterestIncome": "None", "otherNonOperatingIncome": "1245000", "depreciation": "None", "depreciationAndAmortization": "34435000", "incomeBeforeTax": "303464000", "incomeTaxExpense": "91921000", "interestAndDebtExpense": "None", "netIncomeFromContinuingOperations": "211543000", "comprehensiveIncomeNetOfTax": "None", "ebit": "302219000", "ebitda": "336654000", "netIncome": "211543000"}, {"fiscalDateEnding": "2013-08-31", "reportedCurrency": "USD", "grossProfit": "551733000", "totalRevenue": "858112000", "costOfRevenue": "306379000", "costofGoodsAndServicesSold": "306379000", "operatingIncome": "269419000", "sellingGeneralAndAdministrative": "282314000", "researchAndDevelopment": "0", "operatingExpenses": "282314000", "investmentIncomeNet": "None", "netInterestIncome": "None", "interestIncome": "None", "interestExpense": "0", "nonInterestIncome": "None", "otherNonOperatingIncome": "1491000", "depreciation": "None", "depreciationAndAmortization": "35779000", "incomeBeforeTax": "270910000", "incomeTaxExpense": "72273000", "interestAndDebtExpense": "None", "netIncomeFromContinuingOperations": "198637000", "comprehensiveIncomeNetOfTax": "None", "ebit": "269419000", "ebitda": "305198000", "netIncome": "198637000"}, {"fiscalDateEnding": "2012-08-31", "reportedCurrency": "USD", "grossProfit": "530256000", "totalRevenue": "805793000", "costOfRevenue": "275537000", "costofGoodsAndServicesSold": "275537000", "operatingIncome": "272990000", "sellingGeneralAndAdministrative": "257266000", "researchAndDevelopment": "0", "operatingExpenses": "257266000", "investmentIncomeNet": "None", "netInterestIncome": "None", "interestIncome": "None", "interestExpense": "0", "nonInterestIncome": "None", "otherNonOperatingIncome": "1715000", "depreciation": "None", "depreciationAndAmortization": "33779000", "incomeBeforeTax": "274705000", "incomeTaxExpense": "85896000", "interestAndDebtExpense": "None", "netIncomeFromContinuingOperations": "188809000", "comprehensiveIncomeNetOfTax": "None", "ebit": "271275000", "ebitda": "305054000", "netIncome": "188809000"}, {"fiscalDateEnding": "2011-08-31", "reportedCurrency": "USD", "grossProfit": "481887000", "totalRevenue": "726510000", "costOfRevenue": "244623000", "costofGoodsAndServicesSold": "244623000", "operatingIncome": "238335000", "sellingGeneralAndAdministrative": "243552000", "researchAndDevelopment": "0", "operatingExpenses": "243552000", "investmentIncomeNet": "None", "netInterestIncome": "None", "interestIncome": "None", "interestExpense": "0", "nonInterestIncome": "None", "otherNonOperatingIncome": "623000", "depreciation": "None", "depreciationAndAmortization": "36847000", "incomeBeforeTax": "238958000", "incomeTaxExpense": "67912000", "interestAndDebtExpense": "None", "netIncomeFromContinuingOperations": "171046000", "comprehensiveIncomeNetOfTax": "None", "ebit": "237712000", "ebitda": "274559000", "netIncome": "171046000"}, {"fiscalDateEnding": "2010-08-31", "reportedCurrency": "USD", "grossProfit": "434509000", "totalRevenue": "641059000", "costOfRevenue": "206550000", "costofGoodsAndServicesSold": "206550000", "operatingIncome": "221634000", "sellingGeneralAndAdministrative": "212875000", "researchAndDevelopment": "None", "operatingExpenses": "212875000", "investmentIncomeNet": "None", "netInterestIncome": "None", "interestIncome": "None", "interestExpense": "0", "nonInterestIncome": "None", "otherNonOperatingIncome": "None", "depreciation": "None", "depreciationAndAmortization": "37343000", "incomeBeforeTax": "222181000", "incomeTaxExpense": "71970000", "interestAndDebtExpense": "None", "netIncomeFromContinuingOperations": "None", "comprehensiveIncomeNetOfTax": "None", "ebit": "221087000", "ebitda": "258430000", "netIncome": "150211000"}, {"fiscalDateEnding": "2009-08-31", "reportedCurrency": "USD", "grossProfit": "412659000", "totalRevenue": "622023000", "costOfRevenue": "209364000", "costofGoodsAndServicesSold": "209364000", "operatingIncome": "211030000", "sellingGeneralAndAdministrative": "201629000", "researchAndDevelopment": "None", "operatingExpenses": "201629000", "investmentIncomeNet": "None", "netInterestIncome": "None", "interestIncome": "None", "interestExpense": "0", "nonInterestIncome": "None", "otherNonOperatingIncome": "None", "depreciation": "None", "depreciationAndAmortization": "34337000", "incomeBeforeTax": "212122000", "incomeTaxExpense": "67172000", "interestAndDebtExpense": "None", "netIncomeFromContinuingOperations": "None", "comprehensiveIncomeNetOfTax": "None", "ebit": "209938000", "ebitda": "244275000", "netIncome": "144950000"}, {"fiscalDateEnding": "2008-08-31", "reportedCurrency": "USD", "grossProfit": "384280000", "totalRevenue": "575519000", "costOfRevenue": "191239000", "costofGoodsAndServicesSold": "191239000", "operatingIncome": "183887000", "sellingGeneralAndAdministrative": "200393000", "researchAndDevelopment": "None", "operatingExpenses": "200393000", "investmentIncomeNet": "None", "netInterestIncome": "None", "interestIncome": "None", "interestExpense": "0", "nonInterestIncome": "None", "otherNonOperatingIncome": "None", "depreciation": "None", "depreciationAndAmortization": "30654000", "incomeBeforeTax": "189047000", "incomeTaxExpense": "64030000", "interestAndDebtExpense": "None", "netIncomeFromContinuingOperations": "None", "comprehensiveIncomeNetOfTax": "None", "ebit": "178727000", "ebitda": "209381000", "netIncome": "125017000"}, {"fiscalDateEnding": "2007-08-31", "reportedCurrency": "USD", "grossProfit": "323004000", "totalRevenue": "475801000", "costOfRevenue": "152797000", "costofGoodsAndServicesSold": "152797000", "operatingIncome": "155091000", "sellingGeneralAndAdministrative": "167913000", "researchAndDevelopment": "None", "operatingExpenses": "167913000", "investmentIncomeNet": "None", "netInterestIncome": "None", "interestIncome": "None", "interestExpense": "0", "nonInterestIncome": "None", "otherNonOperatingIncome": "None", "depreciation": "None", "depreciationAndAmortization": "28560000", "incomeBeforeTax": "162876000", "incomeTaxExpense": "53309000", "interestAndDebtExpense": "None", "netIncomeFromContinuingOperations": "None", "comprehensiveIncomeNetOfTax": "None", "ebit": "147306000", "ebitda": "175866000", "netIncome": "109567000"}, {"fiscalDateEnding": "2006-08-31", "reportedCurrency": "USD", "grossProfit": "265998000", "totalRevenue": "387350000", "costOfRevenue": "121352000", "costofGoodsAndServicesSold": "121352000", "operatingIncome": "121288000", "sellingGeneralAndAdministrative": "144710000", "researchAndDevelopment": "None", "operatingExpenses": "144710000", "investmentIncomeNet": "None", "netInterestIncome": "None", "interestIncome": "None", "interestExpense": "0", "nonInterestIncome": "None", "otherNonOperatingIncome": "None", "depreciation": "None", "depreciationAndAmortization": "24256000", "incomeBeforeTax": "126032000", "incomeTaxExpense": "43116000", "interestAndDebtExpense": "None", "netIncomeFromContinuingOperations": "None", "comprehensiveIncomeNetOfTax": "None", "ebit": "116544000", "ebitda": "140800000", "netIncome": "82916000"}, {"fiscalDateEnding": "2005-08-31", "reportedCurrency": "USD", "grossProfit": "220843000", "totalRevenue": "312644000", "costOfRevenue": "91801000", "costofGoodsAndServicesSold": "91801000", "operatingIncome": "109021000", "sellingGeneralAndAdministrative": "111822000", "researchAndDevelopment": "None", "operatingExpenses": "111822000", "investmentIncomeNet": "None", "netInterestIncome": "None", "interestIncome": "None", "interestExpense": "0", "nonInterestIncome": "None", "otherNonOperatingIncome": "None", "depreciation": "None", "depreciationAndAmortization": "18318000", "incomeBeforeTax": "110163000", "incomeTaxExpense": "38398000", "interestAndDebtExpense": "None", "netIncomeFromContinuingOperations": "None", "comprehensiveIncomeNetOfTax": "None", "ebit": "107879000", "ebitda": "126197000", "netIncome": "71765000"}], "quarterlyReports": [{"fiscalDateEnding": "2025-02-28", "reportedCurrency": "USD", "grossProfit": "301056000", "totalRevenue": "570660000", "costOfRevenue": "269604000", "costofGoodsAndServicesSold": "269604000", "operatingIncome": "185492000", "sellingGeneralAndAdministrative": "115564000", "researchAndDevelopment": "None", "operatingExpenses": "115564000", "investmentIncomeNet": "None", "netInterestIncome": "-13643000", "interestIncome": "273000", "interestExpense": "13916000", "nonInterestIncome": "None", "otherNonOperatingIncome": "None", "depreciation": "None", "depreciationAndAmortization": "46015000", "incomeBeforeTax": "172320000", "incomeTaxExpense": "27460000", "interestAndDebtExpense": "None", "netIncomeFromContinuingOperations": "144860000", "comprehensiveIncomeNetOfTax": "None", "ebit": "186236000", "ebitda": "232251000", "netIncome": "144860000"}, {"fiscalDateEnding": "2024-11-30", "reportedCurrency": "USD", "grossProfit": "309888000", "totalRevenue": "568667000", "costOfRevenue": "258779000", "costofGoodsAndServicesSold": "258779000", "operatingIncome": "191335000", "sellingGeneralAndAdministrative": "118553000", "researchAndDevelopment": "None", "operatingExpenses": "118553000", "investmentIncomeNet": "None", "netInterestIncome": "-11699000", "interestIncome": "2701000", "interestExpense": "14400000", "nonInterestIncome": "None", "otherNonOperatingIncome": "None", "depreciation": "None", "depreciationAndAmortization": "43289000", "incomeBeforeTax": "179739000", "incomeTaxExpense": "29717000", "interestAndDebtExpense": "None", "netIncomeFromContinuingOperations": "150022000", "comprehensiveIncomeNetOfTax": "None", "ebit": "194139000", "ebitda": "237428000", "netIncome": "150022000"}, {"fiscalDateEnding": "2024-08-31", "reportedCurrency": "USD", "grossProfit": "303991000", "totalRevenue": "562187000", "costOfRevenue": "258196000", "costofGoodsAndServicesSold": "258196000", "operatingIncome": "127858000", "sellingGeneralAndAdministrative": "172519000", "researchAndDevelopment": "None", "operatingExpenses": "176133000", "investmentIncomeNet": "None", "netInterestIncome": "-11527000", "interestIncome": "4020000", "interestExpense": "15547000", "nonInterestIncome": "None", "otherNonOperatingIncome": "None", "depreciation": "None", "depreciationAndAmortization": "41594000", "incomeBeforeTax": "117130000", "incomeTaxExpense": "27634000", "interestAndDebtExpense": "None", "netIncomeFromContinuingOperations": "89496000", "comprehensiveIncomeNetOfTax": "None", "ebit": "132751000", "ebitda": "174345000", "netIncome": "89496000"}, {"fiscalDateEnding": "2024-05-31", "reportedCurrency": "USD", "grossProfit": "305722000", "totalRevenue": "552708000", "costOfRevenue": "246986000", "costofGoodsAndServicesSold": "246986000", "operatingIncome": "201969000", "sellingGeneralAndAdministrative": "103098000", "researchAndDevelopment": "None", "operatingExpenses": "103753000", "investmentIncomeNet": "None", "netInterestIncome": "-12326000", "interestIncome": "4568000", "interestExpense": "16894000", "nonInterestIncome": "None", "otherNonOperatingIncome": "None", "depreciation": "None", "depreciationAndAmortization": "40087000", "incomeBeforeTax": "190532000", "incomeTaxExpense": "32397000", "interestAndDebtExpense": "None", "netIncomeFromContinuingOperations": "158135000", "comprehensiveIncomeNetOfTax": "None", "ebit": "207489000", "ebitda": "247576000", "netIncome": "158135000"}, {"fiscalDateEnding": "2024-02-29", "reportedCurrency": "USD", "grossProfit": "290803000", "totalRevenue": "545945000", "costOfRevenue": "255142000", "costofGoodsAndServicesSold": "255142000", "operatingIncome": "192753000", "sellingGeneralAndAdministrative": "108861000", "researchAndDevelopment": "None", "operatingExpenses": "98050000", "investmentIncomeNet": "None", "netInterestIncome": "None", "interestIncome": "None", "interestExpense": "16599000", "nonInterestIncome": "None", "otherNonOperatingIncome": "None", "depreciation": "None", "depreciationAndAmortization": "39227000", "incomeBeforeTax": "168645000", "incomeTaxExpense": "27705000", "interestAndDebtExpense": "None", "netIncomeFromContinuingOperations": "None", "comprehensiveIncomeNetOfTax": "None", "ebit": "186290000", "ebitda": "225517000", "netIncome": "140940000"}, {"fiscalDateEnding": "2023-11-30", "reportedCurrency": "USD", "grossProfit": "290595000", "totalRevenue": "542216000", "costOfRevenue": "251621000", "costofGoodsAndServicesSold": "251621000", "operatingIncome": "189040000", "sellingGeneralAndAdministrative": "100711000", "researchAndDevelopment": "None", "operatingExpenses": "100711000", "investmentIncomeNet": "None", "netInterestIncome": "-13726000", "interestIncome": "3012000", "interestExpense": "16738000", "nonInterestIncome": "None", "otherNonOperatingIncome": "None", "depreciation": "None", "depreciationAndAmortization": "34686000", "incomeBeforeTax": "175196000", "incomeTaxExpense": "26641000", "interestAndDebtExpense": "None", "netIncomeFromContinuingOperations": "148555000", "comprehensiveIncomeNetOfTax": "None", "ebit": "194038000", "ebitda": "228724000", "netIncome": "148555000"}, {"fiscalDateEnding": "2023-08-31", "reportedCurrency": "USD", "grossProfit": "272109000", "totalRevenue": "535797000", "costOfRevenue": "263688000", "costofGoodsAndServicesSold": "263688000", "operatingIncome": "117103000", "sellingGeneralAndAdministrative": "130227000", "researchAndDevelopment": "267399999", "operatingExpenses": "130227000", "investmentIncomeNet": "None", "netInterestIncome": "-12073000", "interestIncome": "12073000", "interestExpense": "16691000", "nonInterestIncome": "None", "otherNonOperatingIncome": "None", "depreciation": "None", "depreciationAndAmortization": "29802000", "incomeBeforeTax": "108309000", "incomeTaxExpense": "43229000", "interestAndDebtExpense": "None", "netIncomeFromContinuingOperations": "65080000", "comprehensiveIncomeNetOfTax": "None", "ebit": "149779000", "ebitda": "179581000", "netIncome": "65119000"}, {"fiscalDateEnding": "2023-05-31", "reportedCurrency": "USD", "grossProfit": "288122000", "totalRevenue": "529811000", "costOfRevenue": "241689000", "costofGoodsAndServicesSold": "241689000", "operatingIncome": "171959000", "sellingGeneralAndAdministrative": "115725000", "researchAndDevelopment": "None", "operatingExpenses": "115725000", "investmentIncomeNet": "None", "netInterestIncome": "-13271000", "interestIncome": "3083000", "interestExpense": "16354000", "nonInterestIncome": "None", "otherNonOperatingIncome": "6393000", "depreciation": "None", "depreciationAndAmortization": "42953000", "incomeBeforeTax": "161998000", "incomeTaxExpense": "27335000", "interestAndDebtExpense": "None", "netIncomeFromContinuingOperations": "134663000", "comprehensiveIncomeNetOfTax": "None", "ebit": "171959000", "ebitda": "214912000", "netIncome": "134663000"}, {"fiscalDateEnding": "2023-02-28", "reportedCurrency": "USD", "grossProfit": "274279000", "totalRevenue": "515085000", "costOfRevenue": "240806000", "costofGoodsAndServicesSold": "240806000", "operatingIncome": "169250000", "sellingGeneralAndAdministrative": "104582000", "researchAndDevelopment": "None", "operatingExpenses": "104582000", "investmentIncomeNet": "None", "netInterestIncome": "-13834000", "interestIncome": "13834000", "interestExpense": "13834000", "nonInterestIncome": "None", "otherNonOperatingIncome": "1346000", "depreciation": "None", "depreciationAndAmortization": "37903000", "incomeBeforeTax": "156762000", "incomeTaxExpense": "25169000", "interestAndDebtExpense": "None", "netIncomeFromContinuingOperations": "131593000", "comprehensiveIncomeNetOfTax": "None", "ebit": "169250000", "ebitda": "207153000", "netIncome": "131593000"}, {"fiscalDateEnding": "2022-11-30", "reportedCurrency": "USD", "grossProfit": "277773000", "totalRevenue": "504815000", "costOfRevenue": "227042000", "costofGoodsAndServicesSold": "227042000", "operatingIncome": "171895000", "sellingGeneralAndAdministrative": "105596000", "researchAndDevelopment": "None", "operatingExpenses": "105596000", "investmentIncomeNet": "None", "netInterestIncome": "-14332000", "interestIncome": "14332000", "interestExpense": "14332000", "nonInterestIncome": "None", "otherNonOperatingIncome": "322000", "depreciation": "None", "depreciationAndAmortization": "36298000", "incomeBeforeTax": "157885000", "incomeTaxExpense": "21087000", "interestAndDebtExpense": "None", "netIncomeFromContinuingOperations": "136798000", "comprehensiveIncomeNetOfTax": "None", "ebit": "171895000", "ebitda": "208193000", "netIncome": "136798000"}, {"fiscalDateEnding": "2022-08-31", "reportedCurrency": "USD", "grossProfit": "257353000", "totalRevenue": "499297000", "costOfRevenue": "241944000", "costofGoodsAndServicesSold": "241944000", "operatingIncome": "132219000", "sellingGeneralAndAdministrative": "123847000", "researchAndDevelopment": "255100000", "operatingExpenses": "123847000", "investmentIncomeNet": "None", "netInterestIncome": "-14304000", "interestIncome": "14304000", "interestExpense": "14304000", "nonInterestIncome": "None", "otherNonOperatingIncome": "-1487000", "depreciation": "None", "depreciationAndAmortization": "36403000", "incomeBeforeTax": "116428000", "incomeTaxExpense": "12006000", "interestAndDebtExpense": "None", "netIncomeFromContinuingOperations": "104422000", "comprehensiveIncomeNetOfTax": "None", "ebit": "132219000", "ebitda": "168622000", "netIncome": "104422000"}, {"fiscalDateEnding": "2022-05-31", "reportedCurrency": "USD", "grossProfit": "266133000", "totalRevenue": "488751000", "costOfRevenue": "222618000", "costofGoodsAndServicesSold": "222618000", "operatingIncome": "146329000", "sellingGeneralAndAdministrative": "119881000", "researchAndDevelopment": "None", "operatingExpenses": "119881000", "investmentIncomeNet": "None", "netInterestIncome": "-12051000", "interestIncome": "12051000", "interestExpense": "12051000", "nonInterestIncome": "None", "otherNonOperatingIncome": "77000", "depreciation": "None", "depreciationAndAmortization": "38113000", "incomeBeforeTax": "85280000", "incomeTaxExpense": "10370000", "interestAndDebtExpense": "None", "netIncomeFromContinuingOperations": "74910000", "comprehensiveIncomeNetOfTax": "None", "ebit": "146329000", "ebitda": "184442000", "netIncome": "74910000"}, {"fiscalDateEnding": "2022-02-28", "reportedCurrency": "USD", "grossProfit": "231724000", "totalRevenue": "431119000", "costOfRevenue": "199395000", "costofGoodsAndServicesSold": "199395000", "operatingIncome": "123348000", "sellingGeneralAndAdministrative": "108376000", "researchAndDevelopment": "None", "operatingExpenses": "108376000", "investmentIncomeNet": "None", "netInterestIncome": "-1673000", "interestIncome": "1673000", "interestExpense": "1673000", "nonInterestIncome": "None", "otherNonOperatingIncome": "281000", "depreciation": "None", "depreciationAndAmortization": "24731000", "incomeBeforeTax": "121956000", "incomeTaxExpense": "12018000", "interestAndDebtExpense": "None", "netIncomeFromContinuingOperations": "109938000", "comprehensiveIncomeNetOfTax": "None", "ebit": "123348000", "ebitda": "148079000", "netIncome": "109938000"}, {"fiscalDateEnding": "2021-11-30", "reportedCurrency": "USD", "grossProfit": "217576000", "totalRevenue": "424725000", "costOfRevenue": "207149000", "costofGoodsAndServicesSold": "207149000", "operatingIncome": "122661000", "sellingGeneralAndAdministrative": "94915000", "researchAndDevelopment": "None", "operatingExpenses": "94915000", "investmentIncomeNet": "None", "netInterestIncome": "-1494000", "interestIncome": "1494000", "interestExpense": "1494000", "nonInterestIncome": "None", "otherNonOperatingIncome": "-1237000", "depreciation": "None", "depreciationAndAmortization": "30549000", "incomeBeforeTax": "119930000", "incomeTaxExpense": "12283000", "interestAndDebtExpense": "None", "netIncomeFromContinuingOperations": "107647000", "comprehensiveIncomeNetOfTax": "None", "ebit": "121424000", "ebitda": "151973000", "netIncome": "107647000"}, {"fiscalDateEnding": "2021-08-31", "reportedCurrency": "USD", "grossProfit": "214362000", "totalRevenue": "411894000", "costOfRevenue": "197532000", "costofGoodsAndServicesSold": "197532000", "operatingIncome": "119176000", "sellingGeneralAndAdministrative": "95186000", "researchAndDevelopment": "250100000", "operatingExpenses": "95186000", "investmentIncomeNet": "None", "netInterestIncome": "-1712000", "interestIncome": "1712000", "interestExpense": "1712000", "nonInterestIncome": "None", "otherNonOperatingIncome": "-5414000", "depreciation": "None", "depreciationAndAmortization": "26896000", "incomeBeforeTax": "118443000", "incomeTaxExpense": "17381000", "interestAndDebtExpense": "None", "netIncomeFromContinuingOperations": "101062000", "comprehensiveIncomeNetOfTax": "None", "ebit": "120155000", "ebitda": "147051000", "netIncome": "101062000"}, {"fiscalDateEnding": "2021-05-31", "reportedCurrency": "USD", "grossProfit": "194301000", "totalRevenue": "399558000", "costOfRevenue": "205257000", "costofGoodsAndServicesSold": "205257000", "operatingIncome": "117702000", "sellingGeneralAndAdministrative": "281856000", "researchAndDevelopment": "None", "operatingExpenses": "76599000", "investmentIncomeNet": "None", "netInterestIncome": "-1839000", "interestIncome": "1839000", "interestExpense": "1839000", "nonInterestIncome": "None", "otherNonOperatingIncome": "-1587000", "depreciation": "None", "depreciationAndAmortization": "27947000", "incomeBeforeTax": "114276000", "incomeTaxExpense": "13597000", "interestAndDebtExpense": "None", "netIncomeFromContinuingOperations": "100679000", "comprehensiveIncomeNetOfTax": "None", "ebit": "116115000", "ebitda": "144062000", "netIncome": "100679000"}, {"fiscalDateEnding": "2021-02-28", "reportedCurrency": "USD", "grossProfit": "196265000", "totalRevenue": "391788000", "costOfRevenue": "195523000", "costofGoodsAndServicesSold": "195523000", "operatingIncome": "116133000", "sellingGeneralAndAdministrative": "275655000", "researchAndDevelopment": "None", "operatingExpenses": "80132000", "investmentIncomeNet": "None", "netInterestIncome": "-1814000", "interestIncome": "1814000", "interestExpense": "1814000", "nonInterestIncome": "None", "otherNonOperatingIncome": "347000", "depreciation": "None", "depreciationAndAmortization": "26492000", "incomeBeforeTax": "114666000", "incomeTaxExpense": "18023000", "interestAndDebtExpense": "None", "netIncomeFromContinuingOperations": "96643000", "comprehensiveIncomeNetOfTax": "None", "ebit": "116480000", "ebitda": "142972000", "netIncome": "96643000"}, {"fiscalDateEnding": "2020-11-30", "reportedCurrency": "USD", "grossProfit": "200118000", "totalRevenue": "388206000", "costOfRevenue": "188088000", "costofGoodsAndServicesSold": "188088000", "operatingIncome": "121031000", "sellingGeneralAndAdministrative": "79087000", "researchAndDevelopment": "None", "operatingExpenses": "79087000", "investmentIncomeNet": "None", "netInterestIncome": "-1029000", "interestIncome": "1029000", "interestExpense": "1029000", "nonInterestIncome": "None", "otherNonOperatingIncome": "230000", "depreciation": "None", "depreciationAndAmortization": "25987000", "incomeBeforeTax": "120232000", "incomeTaxExpense": "19026000", "interestAndDebtExpense": "None", "netIncomeFromContinuingOperations": "101206000", "comprehensiveIncomeNetOfTax": "None", "ebit": "121261000", "ebitda": "147248000", "netIncome": "101206000"}, {"fiscalDateEnding": "2020-08-31", "reportedCurrency": "USD", "grossProfit": "200022000", "totalRevenue": "383590000", "costOfRevenue": "183568000", "costofGoodsAndServicesSold": "183568000", "operatingIncome": "98577000", "sellingGeneralAndAdministrative": "175820000", "researchAndDevelopment": "224000000", "operatingExpenses": "101445000", "investmentIncomeNet": "None", "netInterestIncome": "-1826000", "interestIncome": "1826000", "interestExpense": "1826000", "nonInterestIncome": "None", "otherNonOperatingIncome": "-12237000", "depreciation": "None", "depreciationAndAmortization": "16281000", "incomeBeforeTax": "96144000", "incomeTaxExpense": "7065000", "interestAndDebtExpense": "None", "netIncomeFromContinuingOperations": "89079000", "comprehensiveIncomeNetOfTax": "None", "ebit": "97970000", "ebitda": "114251000", "netIncome": "89079000"}, {"fiscalDateEnding": "2020-05-31", "reportedCurrency": "USD", "grossProfit": "203380000", "totalRevenue": "374083000", "costOfRevenue": "170703000", "costofGoodsAndServicesSold": "170703000", "operatingIncome": "121640000", "sellingGeneralAndAdministrative": "81740000", "researchAndDevelopment": "None", "operatingExpenses": "81740000", "investmentIncomeNet": "None", "netInterestIncome": "-2211000", "interestIncome": "2211000", "interestExpense": "2211000", "nonInterestIncome": "None", "otherNonOperatingIncome": "-289000", "depreciation": "None", "depreciationAndAmortization": "13037000", "incomeBeforeTax": "119140000", "incomeTaxExpense": "17924000", "interestAndDebtExpense": "None", "netIncomeFromContinuingOperations": "101216000", "comprehensiveIncomeNetOfTax": "None", "ebit": "121640000", "ebitda": "134677000", "netIncome": "101216000"}, {"fiscalDateEnding": "2020-02-29", "reportedCurrency": "USD", "grossProfit": "193562000", "totalRevenue": "369780000", "costOfRevenue": "176218000", "costofGoodsAndServicesSold": "176218000", "operatingIncome": "106257000", "sellingGeneralAndAdministrative": "87305000", "researchAndDevelopment": "None", "operatingExpenses": "87305000", "investmentIncomeNet": "None", "netInterestIncome": "-2661000", "interestIncome": "2661000", "interestExpense": "2661000", "nonInterestIncome": "None", "otherNonOperatingIncome": "None", "depreciation": "None", "depreciationAndAmortization": "13906000", "incomeBeforeTax": "103109000", "incomeTaxExpense": "14423000", "interestAndDebtExpense": "None", "netIncomeFromContinuingOperations": "88686000", "comprehensiveIncomeNetOfTax": "None", "ebit": "106257000", "ebitda": "120163000", "netIncome": "88686000"}, {"fiscalDateEnding": "2019-11-30", "reportedCurrency": "USD", "grossProfit": "201701000", "totalRevenue": "366658000", "costOfRevenue": "164957000", "costofGoodsAndServicesSold": "164957000", "operatingIncome": "113186000", "sellingGeneralAndAdministrative": "88515000", "researchAndDevelopment": "None", "operatingExpenses": "88515000", "investmentIncomeNet": "None", "netInterestIncome": "-3131000", "interestIncome": "3131000", "interestExpense": "3131000", "nonInterestIncome": "None", "otherNonOperatingIncome": "None", "depreciation": "None", "depreciationAndAmortization": "14390000", "incomeBeforeTax": "108741000", "incomeTaxExpense": "14784000", "interestAndDebtExpense": "None", "netIncomeFromContinuingOperations": "93957000", "comprehensiveIncomeNetOfTax": "None", "ebit": "113186000", "ebitda": "127576000", "netIncome": "93957000"}, {"fiscalDateEnding": "2019-08-31", "reportedCurrency": "USD", "grossProfit": "196553000", "totalRevenue": "364283000", "costOfRevenue": "167730000", "costofGoodsAndServicesSold": "167730000", "operatingIncome": "111568000", "sellingGeneralAndAdministrative": "84985000", "researchAndDevelopment": "214700000", "operatingExpenses": "84985000", "investmentIncomeNet": "None", "netInterestIncome": "-3279000", "interestIncome": "3279000", "interestExpense": "16070000", "nonInterestIncome": "None", "otherNonOperatingIncome": "-16070000", "depreciation": "None", "depreciationAndAmortization": "16520000", "incomeBeforeTax": "108289000", "incomeTaxExpense": "16762000", "interestAndDebtExpense": "None", "netIncomeFromContinuingOperations": "91527000", "comprehensiveIncomeNetOfTax": "None", "ebit": "111568000", "ebitda": "128088000", "netIncome": "91527000"}, {"fiscalDateEnding": "2019-05-31", "reportedCurrency": "USD", "grossProfit": "200701000", "totalRevenue": "364533000", "costOfRevenue": "163832000", "costofGoodsAndServicesSold": "163832000", "operatingIncome": "117240000", "sellingGeneralAndAdministrative": "83461000", "researchAndDevelopment": "None", "operatingExpenses": "83461000", "investmentIncomeNet": "None", "netInterestIncome": "-3856000", "interestIncome": "3856000", "interestExpense": "3856000", "nonInterestIncome": "None", "otherNonOperatingIncome": "None", "depreciation": "None", "depreciationAndAmortization": "14891000", "incomeBeforeTax": "113384000", "incomeTaxExpense": "21119000", "interestAndDebtExpense": "None", "netIncomeFromContinuingOperations": "92265000", "comprehensiveIncomeNetOfTax": "None", "ebit": "117240000", "ebitda": "132131000", "netIncome": "92265000"}, {"fiscalDateEnding": "2019-02-28", "reportedCurrency": "USD", "grossProfit": "189787000", "totalRevenue": "354895000", "costOfRevenue": "165108000", "costofGoodsAndServicesSold": "165108000", "operatingIncome": "108688000", "sellingGeneralAndAdministrative": "81099000", "researchAndDevelopment": "0", "operatingExpenses": "81099000", "investmentIncomeNet": "None", "netInterestIncome": "-4339000", "interestIncome": "None", "interestExpense": "4339000", "nonInterestIncome": "None", "otherNonOperatingIncome": "None", "depreciation": "None", "depreciationAndAmortization": "14811000", "incomeBeforeTax": "104349000", "incomeTaxExpense": "19647000", "interestAndDebtExpense": "None", "netIncomeFromContinuingOperations": "84702000", "comprehensiveIncomeNetOfTax": "None", "ebit": "108688000", "ebitda": "123499000", "netIncome": "84702000"}, {"fiscalDateEnding": "2018-11-30", "reportedCurrency": "USD", "grossProfit": "184864000", "totalRevenue": "351640000", "costOfRevenue": "166776000", "costofGoodsAndServicesSold": "166776000", "operatingIncome": "100539000", "sellingGeneralAndAdministrative": "84325000", "researchAndDevelopment": "0", "operatingExpenses": "84325000", "investmentIncomeNet": "None", "netInterestIncome": "None", "interestIncome": "None", "interestExpense": "4596000", "nonInterestIncome": "None", "otherNonOperatingIncome": "None", "depreciation": "None", "depreciationAndAmortization": "14241000", "incomeBeforeTax": "95943000", "incomeTaxExpense": "11647000", "interestAndDebtExpense": "None", "netIncomeFromContinuingOperations": "84296000", "comprehensiveIncomeNetOfTax": "None", "ebit": "100539000", "ebitda": "114780000", "netIncome": "84296000"}, {"fiscalDateEnding": "2018-08-31", "reportedCurrency": "USD", "grossProfit": "176394000", "totalRevenue": "345861000", "costOfRevenue": "169467000", "costofGoodsAndServicesSold": "169467000", "operatingIncome": "88356000", "sellingGeneralAndAdministrative": "88039000", "researchAndDevelopment": "217100000", "operatingExpenses": "88038000", "investmentIncomeNet": "None", "netInterestIncome": "None", "interestIncome": "None", "interestExpense": "14366000", "nonInterestIncome": "None", "otherNonOperatingIncome": "-4421000", "depreciation": "None", "depreciationAndAmortization": "14437000", "incomeBeforeTax": "83935000", "incomeTaxExpense": "15112000", "interestAndDebtExpense": "None", "netIncomeFromContinuingOperations": "68823000", "comprehensiveIncomeNetOfTax": "None", "ebit": "88356000", "ebitda": "102793000", "netIncome": "68823000"}, {"fiscalDateEnding": "2018-05-31", "reportedCurrency": "USD", "grossProfit": "174838000", "totalRevenue": "339911000", "costOfRevenue": "165073000", "costofGoodsAndServicesSold": "165073000", "operatingIncome": "93265000", "sellingGeneralAndAdministrative": "81573000", "researchAndDevelopment": "0", "operatingExpenses": "81573000", "investmentIncomeNet": "None", "netInterestIncome": "None", "interestIncome": "None", "interestExpense": "3754000", "nonInterestIncome": "None", "otherNonOperatingIncome": "-3754000", "depreciation": "None", "depreciationAndAmortization": "14476000", "incomeBeforeTax": "89511000", "incomeTaxExpense": "14765000", "interestAndDebtExpense": "None", "netIncomeFromContinuingOperations": "74746000", "comprehensiveIncomeNetOfTax": "None", "ebit": "93265000", "ebitda": "107741000", "netIncome": "74746000"}, {"fiscalDateEnding": "2018-02-28", "reportedCurrency": "USD", "grossProfit": "171999000", "totalRevenue": "335231000", "costOfRevenue": "163232000", "costofGoodsAndServicesSold": "163232000", "operatingIncome": "95485000", "sellingGeneralAndAdministrative": "76514000", "researchAndDevelopment": "0", "operatingExpenses": "76514000", "investmentIncomeNet": "None", "netInterestIncome": "None", "interestIncome": "None", "interestExpense": "3272000", "nonInterestIncome": "None", "otherNonOperatingIncome": "-3272000", "depreciation": "None", "depreciationAndAmortization": "14086000", "incomeBeforeTax": "92213000", "incomeTaxExpense": "39076000", "interestAndDebtExpense": "None", "netIncomeFromContinuingOperations": "53137000", "comprehensiveIncomeNetOfTax": "None", "ebit": "95485000", "ebitda": "109571000", "netIncome": "53137000"}, {"fiscalDateEnding": "2017-11-30", "reportedCurrency": "USD", "grossProfit": "167617000", "totalRevenue": "329141000", "costOfRevenue": "161524000", "costofGoodsAndServicesSold": "161524000", "operatingIncome": "89098000", "sellingGeneralAndAdministrative": "78519000", "researchAndDevelopment": "0", "operatingExpenses": "78519000", "investmentIncomeNet": "None", "netInterestIncome": "None", "interestIncome": "None", "interestExpense": "3400000", "nonInterestIncome": "None", "otherNonOperatingIncome": "-2919000", "depreciation": "None", "depreciationAndAmortization": "14286000", "incomeBeforeTax": "86179000", "incomeTaxExpense": "15800000", "interestAndDebtExpense": "None", "netIncomeFromContinuingOperations": "70379000", "comprehensiveIncomeNetOfTax": "None", "ebit": "89098000", "ebitda": "103384000", "netIncome": "70379000"}, {"fiscalDateEnding": "2017-08-31", "reportedCurrency": "USD", "grossProfit": "165373000", "totalRevenue": "326642000", "costOfRevenue": "161269000", "costofGoodsAndServicesSold": "161269000", "operatingIncome": "82428000", "sellingGeneralAndAdministrative": "82945000", "researchAndDevelopment": "215000000", "operatingExpenses": "82945000", "investmentIncomeNet": "None", "netInterestIncome": "None", "interestIncome": "None", "interestExpense": "6600000", "nonInterestIncome": "None", "otherNonOperatingIncome": "-2655000", "depreciation": "None", "depreciationAndAmortization": "14524000", "incomeBeforeTax": "79773000", "incomeTaxExpense": "20221000", "interestAndDebtExpense": "None", "netIncomeFromContinuingOperations": "59552000", "comprehensiveIncomeNetOfTax": "None", "ebit": "82428000", "ebitda": "96952000", "netIncome": "59552000"}, {"fiscalDateEnding": "2017-05-31", "reportedCurrency": "USD", "grossProfit": "165694000", "totalRevenue": "312120000", "costOfRevenue": "146426000", "costofGoodsAndServicesSold": "146426000", "operatingIncome": "87642000", "sellingGeneralAndAdministrative": "78052000", "researchAndDevelopment": "0", "operatingExpenses": "78052000", "investmentIncomeNet": "None", "netInterestIncome": "None", "interestIncome": "None", "interestExpense": "2413000", "nonInterestIncome": "None", "otherNonOperatingIncome": "-2413000", "depreciation": "None", "depreciationAndAmortization": "13121000", "incomeBeforeTax": "85229000", "incomeTaxExpense": "19815000", "interestAndDebtExpense": "None", "netIncomeFromContinuingOperations": "65414000", "comprehensiveIncomeNetOfTax": "None", "ebit": "87642000", "ebitda": "100763000", "netIncome": "65414000"}, {"fiscalDateEnding": "2017-02-28", "reportedCurrency": "USD", "grossProfit": "162719000", "totalRevenue": "294354000", "costOfRevenue": "131635000", "costofGoodsAndServicesSold": "131635000", "operatingIncome": "91746000", "sellingGeneralAndAdministrative": "70973000", "researchAndDevelopment": "0", "operatingExpenses": "70973000", "investmentIncomeNet": "None", "netInterestIncome": "None", "interestIncome": "None", "interestExpense": "1048000", "nonInterestIncome": "None", "otherNonOperatingIncome": "-2256000", "depreciation": "None", "depreciationAndAmortization": "10633000", "incomeBeforeTax": "89490000", "incomeTaxExpense": "22780000", "interestAndDebtExpense": "None", "netIncomeFromContinuingOperations": "66710000", "comprehensiveIncomeNetOfTax": "None", "ebit": "92954000", "ebitda": "103587000", "netIncome": "66710000"}, {"fiscalDateEnding": "2016-11-30", "reportedCurrency": "USD", "grossProfit": "160813000", "totalRevenue": "288063000", "costOfRevenue": "127250000", "costofGoodsAndServicesSold": "127250000", "operatingIncome": "90319000", "sellingGeneralAndAdministrative": "70494000", "researchAndDevelopment": "0", "operatingExpenses": "70494000", "investmentIncomeNet": "None", "netInterestIncome": "None", "interestIncome": "None", "interestExpense": "1100000", "nonInterestIncome": "None", "otherNonOperatingIncome": "-499000", "depreciation": "None", "depreciationAndAmortization": "10016000", "incomeBeforeTax": "89820000", "incomeTaxExpense": "23237000", "interestAndDebtExpense": "None", "netIncomeFromContinuingOperations": "66583000", "comprehensiveIncomeNetOfTax": "None", "ebit": "90319000", "ebitda": "100335000", "netIncome": "66583000"}, {"fiscalDateEnding": "2016-08-31", "reportedCurrency": "USD", "grossProfit": "163131000", "totalRevenue": "287291000", "costOfRevenue": "124160000", "costofGoodsAndServicesSold": "124160000", "operatingIncome": "87734000", "sellingGeneralAndAdministrative": "75397000", "researchAndDevelopment": "0", "operatingExpenses": "75397000", "investmentIncomeNet": "None", "netInterestIncome": "None", "interestIncome": "None", "interestExpense": "1136000", "nonInterestIncome": "None", "otherNonOperatingIncome": "112081000", "depreciation": "None", "depreciationAndAmortization": "9830000", "incomeBeforeTax": "199816000", "incomeTaxExpense": "55510000", "interestAndDebtExpense": "None", "netIncomeFromContinuingOperations": "144307000", "comprehensiveIncomeNetOfTax": "None", "ebit": "-24719000", "ebitda": "-14889000", "netIncome": "144306000"}, {"fiscalDateEnding": "2016-05-31", "reportedCurrency": "USD", "grossProfit": "162899000", "totalRevenue": "287501000", "costOfRevenue": "124602000", "costofGoodsAndServicesSold": "124602000", "operatingIncome": "89290000", "sellingGeneralAndAdministrative": "73609000", "researchAndDevelopment": "0", "operatingExpenses": "73609000", "investmentIncomeNet": "None", "netInterestIncome": "None", "interestIncome": "None", "interestExpense": "900000", "nonInterestIncome": "None", "otherNonOperatingIncome": "-433000", "depreciation": "None", "depreciationAndAmortization": "9962000", "incomeBeforeTax": "88857000", "incomeTaxExpense": "22076000", "interestAndDebtExpense": "None", "netIncomeFromContinuingOperations": "66781000", "comprehensiveIncomeNetOfTax": "None", "ebit": "89290000", "ebitda": "99252000", "netIncome": "66781000"}, {"fiscalDateEnding": "2016-02-29", "reportedCurrency": "USD", "grossProfit": "157885000", "totalRevenue": "281796000", "costOfRevenue": "123911000", "costofGoodsAndServicesSold": "123911000", "operatingIncome": "85344000", "sellingGeneralAndAdministrative": "72541000", "researchAndDevelopment": "0", "operatingExpenses": "72541000", "investmentIncomeNet": "None", "netInterestIncome": "None", "interestIncome": "None", "interestExpense": "900000", "nonInterestIncome": "None", "otherNonOperatingIncome": "-424000", "depreciation": "None", "depreciationAndAmortization": "9823000", "incomeBeforeTax": "84920000", "incomeTaxExpense": "17157000", "interestAndDebtExpense": "None", "netIncomeFromContinuingOperations": "67762000", "comprehensiveIncomeNetOfTax": "None", "ebit": "85344000", "ebitda": "95167000", "netIncome": "67763000"}, {"fiscalDateEnding": "2015-11-30", "reportedCurrency": "USD", "grossProfit": "155768000", "totalRevenue": "270504000", "costOfRevenue": "114736000", "costofGoodsAndServicesSold": "114736000", "operatingIncome": "87308000", "sellingGeneralAndAdministrative": "68460000", "researchAndDevelopment": "0", "operatingExpenses": "68460000", "investmentIncomeNet": "None", "netInterestIncome": "None", "interestIncome": "None", "interestExpense": "400000", "nonInterestIncome": "None", "otherNonOperatingIncome": "93000", "depreciation": "None", "depreciationAndAmortization": "8437000", "incomeBeforeTax": "87401000", "incomeTaxExpense": "27436000", "interestAndDebtExpense": "None", "netIncomeFromContinuingOperations": "59965000", "comprehensiveIncomeNetOfTax": "None", "ebit": "87308000", "ebitda": "95745000", "netIncome": "59965000"}, {"fiscalDateEnding": "2015-08-31", "reportedCurrency": "USD", "grossProfit": "154184000", "totalRevenue": "261779000", "costOfRevenue": "107595000", "costofGoodsAndServicesSold": "107595000", "operatingIncome": "85653000", "sellingGeneralAndAdministrative": "68531000", "researchAndDevelopment": "0", "operatingExpenses": "68531000", "investmentIncomeNet": "None", "netInterestIncome": "None", "interestIncome": "None", "interestExpense": "164000", "nonInterestIncome": "None", "otherNonOperatingIncome": "390000", "depreciation": "None", "depreciationAndAmortization": "7120000", "incomeBeforeTax": "86044000", "incomeTaxExpense": "23860000", "interestAndDebtExpense": "None", "netIncomeFromContinuingOperations": "62184000", "comprehensiveIncomeNetOfTax": "None", "ebit": "85653000", "ebitda": "92773000", "netIncome": "62184000"}, {"fiscalDateEnding": "2015-05-31", "reportedCurrency": "USD", "grossProfit": "153836000", "totalRevenue": "254522000", "costOfRevenue": "100686000", "costofGoodsAndServicesSold": "100686000", "operatingIncome": "85356000", "sellingGeneralAndAdministrative": "68480000", "researchAndDevelopment": "0", "operatingExpenses": "68480000", "investmentIncomeNet": "None", "netInterestIncome": "None", "interestIncome": "None", "interestExpense": "0", "nonInterestIncome": "None", "otherNonOperatingIncome": "482000", "depreciation": "None", "depreciationAndAmortization": "8007000", "incomeBeforeTax": "85838000", "incomeTaxExpense": "24429000", "interestAndDebtExpense": "None", "netIncomeFromContinuingOperations": "61409000", "comprehensiveIncomeNetOfTax": "None", "ebit": "85356000", "ebitda": "93363000", "netIncome": "61409000"}, {"fiscalDateEnding": "2015-02-28", "reportedCurrency": "USD", "grossProfit": "148276000", "totalRevenue": "247792000", "costOfRevenue": "99516000", "costofGoodsAndServicesSold": "99516000", "operatingIncome": "80648000", "sellingGeneralAndAdministrative": "67628000", "researchAndDevelopment": "0", "operatingExpenses": "67628000", "investmentIncomeNet": "None", "netInterestIncome": "None", "interestIncome": "None", "interestExpense": "0", "nonInterestIncome": "None", "otherNonOperatingIncome": "534000", "depreciation": "None", "depreciationAndAmortization": "8006000", "incomeBeforeTax": "81182000", "incomeTaxExpense": "19584000", "interestAndDebtExpense": "None", "netIncomeFromContinuingOperations": "61598000", "comprehensiveIncomeNetOfTax": "None", "ebit": "80648000", "ebitda": "88654000", "netIncome": "61598000"}, {"fiscalDateEnding": "2014-11-30", "reportedCurrency": "USD", "grossProfit": "145133000", "totalRevenue": "242676000", "costOfRevenue": "97543000", "costofGoodsAndServicesSold": "97543000", "operatingIncome": "80260000", "sellingGeneralAndAdministrative": "64873000", "researchAndDevelopment": "0", "operatingExpenses": "64873000", "investmentIncomeNet": "None", "netInterestIncome": "None", "interestIncome": "None", "interestExpense": "0", "nonInterestIncome": "None", "otherNonOperatingIncome": "430000", "depreciation": "None", "depreciationAndAmortization": "8216000", "incomeBeforeTax": "80690000", "incomeTaxExpense": "24830000", "interestAndDebtExpense": "None", "netIncomeFromContinuingOperations": "55860000", "comprehensiveIncomeNetOfTax": "None", "ebit": "80260000", "ebitda": "88476000", "netIncome": "55860000"}, {"fiscalDateEnding": "2014-08-31", "reportedCurrency": "USD", "grossProfit": "146143000", "totalRevenue": "238664000", "costOfRevenue": "92521000", "costofGoodsAndServicesSold": "92521000", "operatingIncome": "79386000", "sellingGeneralAndAdministrative": "66757000", "researchAndDevelopment": "0", "operatingExpenses": "66757000", "investmentIncomeNet": "None", "netInterestIncome": "None", "interestIncome": "None", "interestExpense": "0", "nonInterestIncome": "None", "otherNonOperatingIncome": "226000", "depreciation": "None", "depreciationAndAmortization": "8583000", "incomeBeforeTax": "79613000", "incomeTaxExpense": "24206000", "interestAndDebtExpense": "None", "netIncomeFromContinuingOperations": "55407000", "comprehensiveIncomeNetOfTax": "None", "ebit": "79386000", "ebitda": "87969000", "netIncome": "55407000"}, {"fiscalDateEnding": "2014-05-31", "reportedCurrency": "USD", "grossProfit": "141100000", "totalRevenue": "231761000", "costOfRevenue": "90661000", "costofGoodsAndServicesSold": "90661000", "operatingIncome": "73037000", "sellingGeneralAndAdministrative": "68063000", "researchAndDevelopment": "0", "operatingExpenses": "68063000", "investmentIncomeNet": "None", "netInterestIncome": "None", "interestIncome": "None", "interestExpense": "0", "nonInterestIncome": "None", "otherNonOperatingIncome": "334000", "depreciation": "None", "depreciationAndAmortization": "8410000", "incomeBeforeTax": "73371000", "incomeTaxExpense": "21839000", "interestAndDebtExpense": "None", "netIncomeFromContinuingOperations": "51532000", "comprehensiveIncomeNetOfTax": "None", "ebit": "73037000", "ebitda": "81447000", "netIncome": "51532000"}, {"fiscalDateEnding": "2014-02-28", "reportedCurrency": "USD", "grossProfit": "139680000", "totalRevenue": "226934000", "costOfRevenue": "87254000", "costofGoodsAndServicesSold": "87254000", "operatingIncome": "75054000", "sellingGeneralAndAdministrative": "64626000", "researchAndDevelopment": "0", "operatingExpenses": "64626000", "investmentIncomeNet": "None", "netInterestIncome": "None", "interestIncome": "None", "interestExpense": "0", "nonInterestIncome": "None", "otherNonOperatingIncome": "344000", "depreciation": "None", "depreciationAndAmortization": "8679000", "incomeBeforeTax": "75398000", "incomeTaxExpense": "22972000", "interestAndDebtExpense": "None", "netIncomeFromContinuingOperations": "52426000", "comprehensiveIncomeNetOfTax": "None", "ebit": "75054000", "ebitda": "83733000", "netIncome": "52426000"}, {"fiscalDateEnding": "2013-11-30", "reportedCurrency": "USD", "grossProfit": "139725000", "totalRevenue": "222975000", "costOfRevenue": "83250000", "costofGoodsAndServicesSold": "83250000", "operatingIncome": "74740000", "sellingGeneralAndAdministrative": "64985000", "researchAndDevelopment": "0", "operatingExpenses": "64985000", "investmentIncomeNet": "None", "netInterestIncome": "None", "interestIncome": "None", "interestExpense": "0", "nonInterestIncome": "None", "otherNonOperatingIncome": "341000", "depreciation": "None", "depreciationAndAmortization": "8763000", "incomeBeforeTax": "75081000", "incomeTaxExpense": "22903000", "interestAndDebtExpense": "None", "netIncomeFromContinuingOperations": "52178000", "comprehensiveIncomeNetOfTax": "None", "ebit": "74740000", "ebitda": "83503000", "netIncome": "52178000"}, {"fiscalDateEnding": "2013-08-31", "reportedCurrency": "USD", "grossProfit": "139101000", "totalRevenue": "219332000", "costOfRevenue": "80231000", "costofGoodsAndServicesSold": "80231000", "operatingIncome": "70534000", "sellingGeneralAndAdministrative": "68568000", "researchAndDevelopment": "0", "operatingExpenses": "68567000", "investmentIncomeNet": "None", "netInterestIncome": "None", "interestIncome": "None", "interestExpense": "0", "nonInterestIncome": "None", "otherNonOperatingIncome": "345000", "depreciation": "None", "depreciationAndAmortization": "8838000", "incomeBeforeTax": "70880000", "incomeTaxExpense": "19916000", "interestAndDebtExpense": "None", "netIncomeFromContinuingOperations": "50962000", "comprehensiveIncomeNetOfTax": "None", "ebit": "70534000", "ebitda": "79372000", "netIncome": "50964000"}, {"fiscalDateEnding": "2013-05-31", "reportedCurrency": "USD", "grossProfit": "137892000", "totalRevenue": "214613000", "costOfRevenue": "76721000", "costofGoodsAndServicesSold": "76721000", "operatingIncome": "71637000", "sellingGeneralAndAdministrative": "66255000", "researchAndDevelopment": "0", "operatingExpenses": "66255000", "investmentIncomeNet": "None", "netInterestIncome": "None", "interestIncome": "None", "interestExpense": "0", "nonInterestIncome": "None", "otherNonOperatingIncome": "361000", "depreciation": "None", "depreciationAndAmortization": "8931000", "incomeBeforeTax": "71998000", "incomeTaxExpense": "18631000", "interestAndDebtExpense": "None", "netIncomeFromContinuingOperations": "53367000", "comprehensiveIncomeNetOfTax": "None", "ebit": "71637000", "ebitda": "80568000", "netIncome": "53367000"}, {"fiscalDateEnding": "2013-02-28", "reportedCurrency": "USD", "grossProfit": "137241000", "totalRevenue": "213083000", "costOfRevenue": "75842000", "costofGoodsAndServicesSold": "75842000", "operatingIncome": "56164000", "sellingGeneralAndAdministrative": "81077000", "researchAndDevelopment": "0", "operatingExpenses": "81077000", "investmentIncomeNet": "None", "netInterestIncome": "None", "interestIncome": "None", "interestExpense": "0", "nonInterestIncome": "None", "otherNonOperatingIncome": "357000", "depreciation": "None", "depreciationAndAmortization": "9093000", "incomeBeforeTax": "56521000", "incomeTaxExpense": "11982000", "interestAndDebtExpense": "None", "netIncomeFromContinuingOperations": "44539000", "comprehensiveIncomeNetOfTax": "None", "ebit": "56164000", "ebitda": "65257000", "netIncome": "44539000"}, {"fiscalDateEnding": "2012-11-30", "reportedCurrency": "USD", "grossProfit": "137499000", "totalRevenue": "211085000", "costOfRevenue": "73586000", "costofGoodsAndServicesSold": "73586000", "operatingIncome": "71085000", "sellingGeneralAndAdministrative": "66414000", "researchAndDevelopment": "0", "operatingExpenses": "66414000", "investmentIncomeNet": "None", "netInterestIncome": "None", "interestIncome": "None", "interestExpense": "0", "nonInterestIncome": "None", "otherNonOperatingIncome": "428000", "depreciation": "None", "depreciationAndAmortization": "8917000", "incomeBeforeTax": "71513000", "incomeTaxExpense": "21744000", "interestAndDebtExpense": "None", "netIncomeFromContinuingOperations": "49769000", "comprehensiveIncomeNetOfTax": "None", "ebit": "71085000", "ebitda": "80002000", "netIncome": "49769000"}, {"fiscalDateEnding": "2012-08-31", "reportedCurrency": "USD", "grossProfit": "135368000", "totalRevenue": "207663000", "costOfRevenue": "72295000", "costofGoodsAndServicesSold": "72295000", "operatingIncome": "70627000", "sellingGeneralAndAdministrative": "64742000", "researchAndDevelopment": "0", "operatingExpenses": "64741000", "investmentIncomeNet": "None", "netInterestIncome": "None", "interestIncome": "None", "interestExpense": "0", "nonInterestIncome": "None", "otherNonOperatingIncome": "459000", "depreciation": "None", "depreciationAndAmortization": "8733000", "incomeBeforeTax": "71086000", "incomeTaxExpense": "22547000", "interestAndDebtExpense": "None", "netIncomeFromContinuingOperations": "48539000", "comprehensiveIncomeNetOfTax": "None", "ebit": "70168000", "ebitda": "78901000", "netIncome": "48539000"}, {"fiscalDateEnding": "2012-05-31", "reportedCurrency": "USD", "grossProfit": "133433000", "totalRevenue": "202311000", "costOfRevenue": "68878000", "costofGoodsAndServicesSold": "68878000", "operatingIncome": "68494000", "sellingGeneralAndAdministrative": "64939000", "researchAndDevelopment": "0", "operatingExpenses": "64939000", "investmentIncomeNet": "None", "netInterestIncome": "None", "interestIncome": "None", "interestExpense": "0", "nonInterestIncome": "None", "otherNonOperatingIncome": "483000", "depreciation": "None", "depreciationAndAmortization": "8354000", "incomeBeforeTax": "68977000", "incomeTaxExpense": "20997000", "interestAndDebtExpense": "None", "netIncomeFromContinuingOperations": "47980000", "comprehensiveIncomeNetOfTax": "None", "ebit": "68011000", "ebitda": "76365000", "netIncome": "47980000"}, {"fiscalDateEnding": "2012-02-29", "reportedCurrency": "USD", "grossProfit": "131840000", "totalRevenue": "199371000", "costOfRevenue": "67531000", "costofGoodsAndServicesSold": "67531000", "operatingIncome": "67117000", "sellingGeneralAndAdministrative": "64723000", "researchAndDevelopment": "0", "operatingExpenses": "64723000", "investmentIncomeNet": "None", "netInterestIncome": "None", "interestIncome": "None", "interestExpense": "0", "nonInterestIncome": "None", "otherNonOperatingIncome": "496000", "depreciation": "None", "depreciationAndAmortization": "8289000", "incomeBeforeTax": "67613000", "incomeTaxExpense": "20867000", "interestAndDebtExpense": "None", "netIncomeFromContinuingOperations": "46746000", "comprehensiveIncomeNetOfTax": "None", "ebit": "66621000", "ebitda": "74910000", "netIncome": "46746000"}, {"fiscalDateEnding": "2011-11-30", "reportedCurrency": "USD", "grossProfit": "129615000", "totalRevenue": "196448000", "costOfRevenue": "66833000", "costofGoodsAndServicesSold": "66833000", "operatingIncome": "66753000", "sellingGeneralAndAdministrative": "62862000", "researchAndDevelopment": "0", "operatingExpenses": "62862000", "investmentIncomeNet": "None", "netInterestIncome": "None", "interestIncome": "None", "interestExpense": "0", "nonInterestIncome": "None", "otherNonOperatingIncome": "277000", "depreciation": "None", "depreciationAndAmortization": "8403000", "incomeBeforeTax": "67030000", "incomeTaxExpense": "21486000", "interestAndDebtExpense": "None", "netIncomeFromContinuingOperations": "45544000", "comprehensiveIncomeNetOfTax": "None", "ebit": "66476000", "ebitda": "74879000", "netIncome": "45544000"}, {"fiscalDateEnding": "2011-08-31", "reportedCurrency": "USD", "grossProfit": "126462000", "totalRevenue": "191939000", "costOfRevenue": "65477000", "costofGoodsAndServicesSold": "65477000", "operatingIncome": "58990000", "sellingGeneralAndAdministrative": "67472000", "researchAndDevelopment": "0", "operatingExpenses": "67472000", "investmentIncomeNet": "None", "netInterestIncome": "None", "interestIncome": "None", "interestExpense": "0", "nonInterestIncome": "None", "otherNonOperatingIncome": "194000", "depreciation": "None", "depreciationAndAmortization": "8897000", "incomeBeforeTax": "59184000", "incomeTaxExpense": "18304000", "interestAndDebtExpense": "None", "netIncomeFromContinuingOperations": "40880000", "comprehensiveIncomeNetOfTax": "None", "ebit": "58796000", "ebitda": "67693000", "netIncome": "40880000"}, {"fiscalDateEnding": "2011-05-31", "reportedCurrency": "USD", "grossProfit": "121423000", "totalRevenue": "183647000", "costOfRevenue": "62224000", "costofGoodsAndServicesSold": "62224000", "operatingIncome": "61823000", "sellingGeneralAndAdministrative": "59600000", "researchAndDevelopment": "0", "operatingExpenses": "59600000", "investmentIncomeNet": "None", "netInterestIncome": "None", "interestIncome": "None", "interestExpense": "0", "nonInterestIncome": "None", "otherNonOperatingIncome": "172000", "depreciation": "None", "depreciationAndAmortization": "9192000", "incomeBeforeTax": "61995000", "incomeTaxExpense": "18684000", "interestAndDebtExpense": "None", "netIncomeFromContinuingOperations": "43311000", "comprehensiveIncomeNetOfTax": "None", "ebit": "61651000", "ebitda": "70843000", "netIncome": "43311000"}, {"fiscalDateEnding": "2011-02-28", "reportedCurrency": "USD", "grossProfit": "117498000", "totalRevenue": "177635000", "costOfRevenue": "60137000", "costofGoodsAndServicesSold": "60137000", "operatingIncome": "58093000", "sellingGeneralAndAdministrative": "59405000", "researchAndDevelopment": "0", "operatingExpenses": "59405000", "investmentIncomeNet": "None", "netInterestIncome": "None", "interestIncome": "None", "interestExpense": "0", "nonInterestIncome": "None", "otherNonOperatingIncome": "132000", "depreciation": "None", "depreciationAndAmortization": "9366000", "incomeBeforeTax": "58225000", "incomeTaxExpense": "12971000", "interestAndDebtExpense": "None", "netIncomeFromContinuingOperations": "45254000", "comprehensiveIncomeNetOfTax": "None", "ebit": "57961000", "ebitda": "67327000", "netIncome": "45254000"}, {"fiscalDateEnding": "2010-11-30", "reportedCurrency": "USD", "grossProfit": "116504000", "totalRevenue": "173289000", "costOfRevenue": "56785000", "costofGoodsAndServicesSold": "56785000", "operatingIncome": "59429000", "sellingGeneralAndAdministrative": "57075000", "researchAndDevelopment": "0", "operatingExpenses": "57075000", "investmentIncomeNet": "None", "netInterestIncome": "None", "interestIncome": "None", "interestExpense": "0", "nonInterestIncome": "None", "otherNonOperatingIncome": "125000", "depreciation": "None", "depreciationAndAmortization": "9392000", "incomeBeforeTax": "59554000", "incomeTaxExpense": "17953000", "interestAndDebtExpense": "None", "netIncomeFromContinuingOperations": "41601000", "comprehensiveIncomeNetOfTax": "None", "ebit": "59304000", "ebitda": "68696000", "netIncome": "41601000"}, {"fiscalDateEnding": "2010-08-31", "reportedCurrency": "USD", "grossProfit": "114316000", "totalRevenue": "168234000", "costOfRevenue": "53918000", "costofGoodsAndServicesSold": "53918000", "operatingIncome": "57430000", "sellingGeneralAndAdministrative": "56886000", "researchAndDevelopment": "0", "operatingExpenses": "56886000", "investmentIncomeNet": "None", "netInterestIncome": "None", "interestIncome": "None", "interestExpense": "0", "nonInterestIncome": "None", "otherNonOperatingIncome": "None", "depreciation": "None", "depreciationAndAmortization": "9919000", "incomeBeforeTax": "57502000", "incomeTaxExpense": "18211000", "interestAndDebtExpense": "None", "netIncomeFromContinuingOperations": "0", "comprehensiveIncomeNetOfTax": "None", "ebit": "57358000", "ebitda": "67277000", "netIncome": "39291000"}, {"fiscalDateEnding": "2010-05-31", "reportedCurrency": "USD", "grossProfit": "108946000", "totalRevenue": "160301000", "costOfRevenue": "51355000", "costofGoodsAndServicesSold": "51355000", "operatingIncome": "55684000", "sellingGeneralAndAdministrative": "53262000", "researchAndDevelopment": "0", "operatingExpenses": "53262000", "investmentIncomeNet": "None", "netInterestIncome": "None", "interestIncome": "None", "interestExpense": "0", "nonInterestIncome": "None", "otherNonOperatingIncome": "None", "depreciation": "None", "depreciationAndAmortization": "9213000", "incomeBeforeTax": "55770000", "incomeTaxExpense": "17112000", "interestAndDebtExpense": "None", "netIncomeFromContinuingOperations": "0", "comprehensiveIncomeNetOfTax": "None", "ebit": "55598000", "ebitda": "64811000", "netIncome": "38658000"}, {"fiscalDateEnding": "2010-02-28", "reportedCurrency": "USD", "grossProfit": "106411000", "totalRevenue": "157281000", "costOfRevenue": "50870000", "costofGoodsAndServicesSold": "50870000", "operatingIncome": "54473000", "sellingGeneralAndAdministrative": "51938000", "researchAndDevelopment": "0", "operatingExpenses": "51938000", "investmentIncomeNet": "None", "netInterestIncome": "None", "interestIncome": "None", "interestExpense": "0", "nonInterestIncome": "None", "otherNonOperatingIncome": "None", "depreciation": "None", "depreciationAndAmortization": "9062000", "incomeBeforeTax": "54624000", "incomeTaxExpense": "18505000", "interestAndDebtExpense": "None", "netIncomeFromContinuingOperations": "0", "comprehensiveIncomeNetOfTax": "None", "ebit": "54322000", "ebitda": "63384000", "netIncome": "36119000"}, {"fiscalDateEnding": "2009-11-30", "reportedCurrency": "USD", "grossProfit": "104836000", "totalRevenue": "155243000", "costOfRevenue": "50407000", "costofGoodsAndServicesSold": "50407000", "operatingIncome": "54047000", "sellingGeneralAndAdministrative": "50789000", "researchAndDevelopment": "0", "operatingExpenses": "50789000", "investmentIncomeNet": "None", "netInterestIncome": "None", "interestIncome": "None", "interestExpense": "0", "nonInterestIncome": "None", "otherNonOperatingIncome": "None", "depreciation": "None", "depreciationAndAmortization": "9149000", "incomeBeforeTax": "54285000", "incomeTaxExpense": "18142000", "interestAndDebtExpense": "None", "netIncomeFromContinuingOperations": "0", "comprehensiveIncomeNetOfTax": "None", "ebit": "53809000", "ebitda": "62958000", "netIncome": "36143000"}, {"fiscalDateEnding": "2009-08-31", "reportedCurrency": "USD", "grossProfit": "102815000", "totalRevenue": "155462000", "costOfRevenue": "52647000", "costofGoodsAndServicesSold": "52647000", "operatingIncome": "54359000", "sellingGeneralAndAdministrative": "48456000", "researchAndDevelopment": "0", "operatingExpenses": "48456000", "investmentIncomeNet": "None", "netInterestIncome": "None", "interestIncome": "None", "interestExpense": "0", "nonInterestIncome": "None", "otherNonOperatingIncome": "None", "depreciation": "None", "depreciationAndAmortization": "8770000", "incomeBeforeTax": "54455000", "incomeTaxExpense": "18180000", "interestAndDebtExpense": "None", "netIncomeFromContinuingOperations": "0", "comprehensiveIncomeNetOfTax": "None", "ebit": "54263000", "ebitda": "63033000", "netIncome": "36275000"}, {"fiscalDateEnding": "2009-05-31", "reportedCurrency": "USD", "grossProfit": "103540000", "totalRevenue": "154387000", "costOfRevenue": "50847000", "costofGoodsAndServicesSold": "50847000", "operatingIncome": "53306000", "sellingGeneralAndAdministrative": "50234000", "researchAndDevelopment": "0", "operatingExpenses": "50234000", "investmentIncomeNet": "None", "netInterestIncome": "None", "interestIncome": "None", "interestExpense": "0", "nonInterestIncome": "None", "otherNonOperatingIncome": "None", "depreciation": "None", "depreciationAndAmortization": "8566000", "incomeBeforeTax": "53487000", "incomeTaxExpense": "14951000", "interestAndDebtExpense": "None", "netIncomeFromContinuingOperations": "0", "comprehensiveIncomeNetOfTax": "None", "ebit": "53125000", "ebitda": "61691000", "netIncome": "38536000"}, {"fiscalDateEnding": "2009-02-28", "reportedCurrency": "USD", "grossProfit": "104005000", "totalRevenue": "156542000", "costOfRevenue": "52537000", "costofGoodsAndServicesSold": "52537000", "operatingIncome": "52036000", "sellingGeneralAndAdministrative": "51969000", "researchAndDevelopment": "0", "operatingExpenses": "51969000", "investmentIncomeNet": "None", "netInterestIncome": "None", "interestIncome": "None", "interestExpense": "0", "nonInterestIncome": "None", "otherNonOperatingIncome": "None", "depreciation": "None", "depreciationAndAmortization": "8546000", "incomeBeforeTax": "52233000", "incomeTaxExpense": "17678000", "interestAndDebtExpense": "None", "netIncomeFromContinuingOperations": "0", "comprehensiveIncomeNetOfTax": "None", "ebit": "51839000", "ebitda": "60385000", "netIncome": "34555000"}, {"fiscalDateEnding": "2008-11-30", "reportedCurrency": "USD", "grossProfit": "102300000", "totalRevenue": "155632000", "costOfRevenue": "53332000", "costofGoodsAndServicesSold": "53332000", "operatingIncome": "51330000", "sellingGeneralAndAdministrative": "50970000", "researchAndDevelopment": "0", "operatingExpenses": "50970000", "investmentIncomeNet": "None", "netInterestIncome": "None", "interestIncome": "None", "interestExpense": "0", "nonInterestIncome": "None", "otherNonOperatingIncome": "None", "depreciation": "None", "depreciationAndAmortization": "8455000", "incomeBeforeTax": "51948000", "incomeTaxExpense": "16363000", "interestAndDebtExpense": "None", "netIncomeFromContinuingOperations": "0", "comprehensiveIncomeNetOfTax": "None", "ebit": "50712000", "ebitda": "59167000", "netIncome": "35585000"}, {"fiscalDateEnding": "2008-08-31", "reportedCurrency": "USD", "grossProfit": "103023000", "totalRevenue": "153707000", "costOfRevenue": "50684000", "costofGoodsAndServicesSold": "50684000", "operatingIncome": "50231000", "sellingGeneralAndAdministrative": "52792000", "researchAndDevelopment": "0", "operatingExpenses": "52792000", "investmentIncomeNet": "None", "netInterestIncome": "None", "interestIncome": "None", "interestExpense": "0", "nonInterestIncome": "None", "otherNonOperatingIncome": "None", "depreciation": "None", "depreciationAndAmortization": "8156000", "incomeBeforeTax": "51066000", "incomeTaxExpense": "17482000", "interestAndDebtExpense": "None", "netIncomeFromContinuingOperations": "0", "comprehensiveIncomeNetOfTax": "None", "ebit": "49396000", "ebitda": "57552000", "netIncome": "33584000"}, {"fiscalDateEnding": "2008-05-31", "reportedCurrency": "USD", "grossProfit": "99265000", "totalRevenue": "147399000", "costOfRevenue": "48134000", "costofGoodsAndServicesSold": "48134000", "operatingIncome": "47919000", "sellingGeneralAndAdministrative": "51346000", "researchAndDevelopment": "0", "operatingExpenses": "51346000", "investmentIncomeNet": "None", "netInterestIncome": "None", "interestIncome": "None", "interestExpense": "0", "nonInterestIncome": "None", "otherNonOperatingIncome": "None", "depreciation": "None", "depreciationAndAmortization": "7566000", "incomeBeforeTax": "48771000", "incomeTaxExpense": "16229000", "interestAndDebtExpense": "None", "netIncomeFromContinuingOperations": "0", "comprehensiveIncomeNetOfTax": "None", "ebit": "47067000", "ebitda": "54633000", "netIncome": "32542000"}, {"fiscalDateEnding": "2008-02-29", "reportedCurrency": "USD", "grossProfit": "92760000", "totalRevenue": "140238000", "costOfRevenue": "47478000", "costofGoodsAndServicesSold": "47478000", "operatingIncome": "43240000", "sellingGeneralAndAdministrative": "49520000", "researchAndDevelopment": "0", "operatingExpenses": "49520000", "investmentIncomeNet": "None", "netInterestIncome": "None", "interestIncome": "None", "interestExpense": "0", "nonInterestIncome": "None", "otherNonOperatingIncome": "None", "depreciation": "None", "depreciationAndAmortization": "7820000", "incomeBeforeTax": "44671000", "incomeTaxExpense": "15179000", "interestAndDebtExpense": "None", "netIncomeFromContinuingOperations": "0", "comprehensiveIncomeNetOfTax": "None", "ebit": "41809000", "ebitda": "49629000", "netIncome": "29492000"}, {"fiscalDateEnding": "2007-11-30", "reportedCurrency": "USD", "grossProfit": "89232000", "totalRevenue": "134175000", "costOfRevenue": "44943000", "costofGoodsAndServicesSold": "44943000", "operatingIncome": "42497000", "sellingGeneralAndAdministrative": "46735000", "researchAndDevelopment": "0", "operatingExpenses": "46735000", "investmentIncomeNet": "None", "netInterestIncome": "None", "interestIncome": "None", "interestExpense": "0", "nonInterestIncome": "None", "otherNonOperatingIncome": "None", "depreciation": "None", "depreciationAndAmortization": "7112000", "incomeBeforeTax": "44539000", "incomeTaxExpense": "15140000", "interestAndDebtExpense": "None", "netIncomeFromContinuingOperations": "0", "comprehensiveIncomeNetOfTax": "None", "ebit": "40455000", "ebitda": "47567000", "netIncome": "29399000"}, {"fiscalDateEnding": "2007-08-31", "reportedCurrency": "USD", "grossProfit": "87835000", "totalRevenue": "129532000", "costOfRevenue": "41697000", "costofGoodsAndServicesSold": "41697000", "operatingIncome": "42668000", "sellingGeneralAndAdministrative": "45167000", "researchAndDevelopment": "0", "operatingExpenses": "45167000", "investmentIncomeNet": "None", "netInterestIncome": "None", "interestIncome": "None", "interestExpense": "0", "nonInterestIncome": "None", "otherNonOperatingIncome": "None", "depreciation": "None", "depreciationAndAmortization": "7337000", "incomeBeforeTax": "45026000", "incomeTaxExpense": "14310000", "interestAndDebtExpense": "None", "netIncomeFromContinuingOperations": "0", "comprehensiveIncomeNetOfTax": "None", "ebit": "40310000", "ebitda": "47647000", "netIncome": "30716000"}, {"fiscalDateEnding": "2007-05-31", "reportedCurrency": "USD", "grossProfit": "81646000", "totalRevenue": "121075000", "costOfRevenue": "39429000", "costofGoodsAndServicesSold": "39429000", "operatingIncome": "39217000", "sellingGeneralAndAdministrative": "42429000", "researchAndDevelopment": "0", "operatingExpenses": "42429000", "investmentIncomeNet": "None", "netInterestIncome": "None", "interestIncome": "None", "interestExpense": "0", "nonInterestIncome": "None", "otherNonOperatingIncome": "None", "depreciation": "None", "depreciationAndAmortization": "7650000", "incomeBeforeTax": "41360000", "incomeTaxExpense": "12785000", "interestAndDebtExpense": "None", "netIncomeFromContinuingOperations": "0", "comprehensiveIncomeNetOfTax": "None", "ebit": "37074000", "ebitda": "44724000", "netIncome": "28575000"}, {"fiscalDateEnding": "2007-02-28", "reportedCurrency": "USD", "grossProfit": "79583000", "totalRevenue": "116313000", "costOfRevenue": "36730000", "costofGoodsAndServicesSold": "36730000", "operatingIncome": "37785000", "sellingGeneralAndAdministrative": "41798000", "researchAndDevelopment": "0", "operatingExpenses": "41798000", "investmentIncomeNet": "None", "netInterestIncome": "None", "interestIncome": "None", "interestExpense": "0", "nonInterestIncome": "None", "otherNonOperatingIncome": "None", "depreciation": "None", "depreciationAndAmortization": "6999000", "incomeBeforeTax": "39582000", "incomeTaxExpense": "13101000", "interestAndDebtExpense": "None", "netIncomeFromContinuingOperations": "0", "comprehensiveIncomeNetOfTax": "None", "ebit": "35988000", "ebitda": "42987000", "netIncome": "26481000"}, {"fiscalDateEnding": "2006-11-30", "reportedCurrency": "USD", "grossProfit": "73940000", "totalRevenue": "108881000", "costOfRevenue": "34941000", "costofGoodsAndServicesSold": "34941000", "operatingIncome": "35421000", "sellingGeneralAndAdministrative": "38519000", "researchAndDevelopment": "0", "operatingExpenses": "38519000", "investmentIncomeNet": "None", "netInterestIncome": "None", "interestIncome": "None", "interestExpense": "0", "nonInterestIncome": "None", "otherNonOperatingIncome": "None", "depreciation": "None", "depreciationAndAmortization": "6574000", "incomeBeforeTax": "36908000", "incomeTaxExpense": "13113000", "interestAndDebtExpense": "None", "netIncomeFromContinuingOperations": "0", "comprehensiveIncomeNetOfTax": "None", "ebit": "33934000", "ebitda": "40508000", "netIncome": "23795000"}, {"fiscalDateEnding": "2006-08-31", "reportedCurrency": "USD", "grossProfit": "72593000", "totalRevenue": "105216000", "costOfRevenue": "32623000", "costofGoodsAndServicesSold": "32623000", "operatingIncome": "33288000", "sellingGeneralAndAdministrative": "39305000", "researchAndDevelopment": "0", "operatingExpenses": "39305000", "investmentIncomeNet": "None", "netInterestIncome": "None", "interestIncome": "None", "interestExpense": "0", "nonInterestIncome": "None", "otherNonOperatingIncome": "None", "depreciation": "None", "depreciationAndAmortization": "6507000", "incomeBeforeTax": "34708000", "incomeTaxExpense": "11265000", "interestAndDebtExpense": "None", "netIncomeFromContinuingOperations": "0", "comprehensiveIncomeNetOfTax": "None", "ebit": "31868000", "ebitda": "38375000", "netIncome": "23443000"}, {"fiscalDateEnding": "2006-05-31", "reportedCurrency": "USD", "grossProfit": "67272000", "totalRevenue": "98815000", "costOfRevenue": "31543000", "costofGoodsAndServicesSold": "31543000", "operatingIncome": "30953000", "sellingGeneralAndAdministrative": "36319000", "researchAndDevelopment": "0", "operatingExpenses": "36319000", "investmentIncomeNet": "None", "netInterestIncome": "None", "interestIncome": "None", "interestExpense": "0", "nonInterestIncome": "None", "otherNonOperatingIncome": "None", "depreciation": "None", "depreciationAndAmortization": "6317000", "incomeBeforeTax": "32013000", "incomeTaxExpense": "10977000", "interestAndDebtExpense": "None", "netIncomeFromContinuingOperations": "0", "comprehensiveIncomeNetOfTax": "None", "ebit": "29893000", "ebitda": "36210000", "netIncome": "21036000"}, {"fiscalDateEnding": "2006-02-28", "reportedCurrency": "USD", "grossProfit": "64543000", "totalRevenue": "93665000", "costOfRevenue": "29122000", "costofGoodsAndServicesSold": "29122000", "operatingIncome": "29644000", "sellingGeneralAndAdministrative": "34899000", "researchAndDevelopment": "0", "operatingExpenses": "34899000", "investmentIncomeNet": "None", "netInterestIncome": "None", "interestIncome": "None", "interestExpense": "0", "nonInterestIncome": "None", "otherNonOperatingIncome": "None", "depreciation": "None", "depreciationAndAmortization": "5757000", "incomeBeforeTax": "30206000", "incomeTaxExpense": "10964000", "interestAndDebtExpense": "None", "netIncomeFromContinuingOperations": "0", "comprehensiveIncomeNetOfTax": "None", "ebit": "29082000", "ebitda": "34839000", "netIncome": "19242000"}, {"fiscalDateEnding": "2005-11-30", "reportedCurrency": "USD", "grossProfit": "61590000", "totalRevenue": "89654000", "costOfRevenue": "28064000", "costofGoodsAndServicesSold": "28064000", "operatingIncome": "27403000", "sellingGeneralAndAdministrative": "34187000", "researchAndDevelopment": "0", "operatingExpenses": "34187000", "investmentIncomeNet": "None", "netInterestIncome": "None", "interestIncome": "None", "interestExpense": "0", "nonInterestIncome": "None", "otherNonOperatingIncome": "None", "depreciation": "None", "depreciationAndAmortization": "5675000", "incomeBeforeTax": "29105000", "incomeTaxExpense": "9910000", "interestAndDebtExpense": "None", "netIncomeFromContinuingOperations": "0", "comprehensiveIncomeNetOfTax": "None", "ebit": "25701000", "ebitda": "31376000", "netIncome": "19195000"}, {"fiscalDateEnding": "2005-08-31", "reportedCurrency": "USD", "grossProfit": "58036000", "totalRevenue": "82767000", "costOfRevenue": "24731000", "costofGoodsAndServicesSold": "24731000", "operatingIncome": "28777000", "sellingGeneralAndAdministrative": "29259000", "researchAndDevelopment": "0", "operatingExpenses": "29259000", "investmentIncomeNet": "None", "netInterestIncome": "None", "interestIncome": "None", "interestExpense": "0", "nonInterestIncome": "None", "otherNonOperatingIncome": "None", "depreciation": "None", "depreciationAndAmortization": "4810000", "incomeBeforeTax": "29219000", "incomeTaxExpense": "10572000", "interestAndDebtExpense": "None", "netIncomeFromContinuingOperations": "0", "comprehensiveIncomeNetOfTax": "None", "ebit": "28335000", "ebitda": "33145000", "netIncome": "18647000"}, {"fiscalDateEnding": "2005-05-31", "reportedCurrency": "USD", "grossProfit": "55572000", "totalRevenue": "79342000", "costOfRevenue": "23770000", "costofGoodsAndServicesSold": "23770000", "operatingIncome": "27367000", "sellingGeneralAndAdministrative": "28205000", "researchAndDevelopment": "0", "operatingExpenses": "28205000", "investmentIncomeNet": "None", "netInterestIncome": "None", "interestIncome": "None", "interestExpense": "0", "nonInterestIncome": "None", "otherNonOperatingIncome": "None", "depreciation": "None", "depreciationAndAmortization": "4427000", "incomeBeforeTax": "27683000", "incomeTaxExpense": "8132000", "interestAndDebtExpense": "None", "netIncomeFromContinuingOperations": "0", "comprehensiveIncomeNetOfTax": "None", "ebit": "27051000", "ebitda": "31478000", "netIncome": "19551000"}, {"fiscalDateEnding": "2005-02-28", "reportedCurrency": "USD", "grossProfit": "55179000", "totalRevenue": "76472000", "costOfRevenue": "21293000", "costofGoodsAndServicesSold": "21293000", "operatingIncome": "27032000", "sellingGeneralAndAdministrative": "28147000", "researchAndDevelopment": "0", "operatingExpenses": "28147000", "investmentIncomeNet": "None", "netInterestIncome": "None", "interestIncome": "None", "interestExpense": "0", "nonInterestIncome": "None", "otherNonOperatingIncome": "None", "depreciation": "None", "depreciationAndAmortization": "4488000", "incomeBeforeTax": "27248000", "incomeTaxExpense": "10078000", "interestAndDebtExpense": "None", "netIncomeFromContinuingOperations": "0", "comprehensiveIncomeNetOfTax": "None", "ebit": "26816000", "ebitda": "31304000", "netIncome": "17170000"}]}