{"symbol": "NRG", "annualReports": [{"fiscalDateEnding": "2024-12-31", "reportedCurrency": "USD", "grossProfit": "6030000000", "totalRevenue": "28130000000", "costOfRevenue": "22100000000", "costofGoodsAndServicesSold": "22100000000", "operatingIncome": "2424000000", "sellingGeneralAndAdministrative": "2031000000", "researchAndDevelopment": "None", "operatingExpenses": "3606000000", "investmentIncomeNet": "None", "netInterestIncome": "-651000000", "interestIncome": "None", "interestExpense": "651000000", "nonInterestIncome": "None", "otherNonOperatingIncome": "None", "depreciation": "None", "depreciationAndAmortization": "1403000000", "incomeBeforeTax": "1448000000", "incomeTaxExpense": "323000000", "interestAndDebtExpense": "None", "netIncomeFromContinuingOperations": "1125000000", "comprehensiveIncomeNetOfTax": "None", "ebit": "2099000000", "ebitda": "3502000000", "netIncome": "1125000000"}, {"fiscalDateEnding": "2023-12-31", "reportedCurrency": "USD", "grossProfit": "2297000000", "totalRevenue": "28823000000", "costOfRevenue": "26526000000", "costofGoodsAndServicesSold": "26526000000", "operatingIncome": "384000000", "sellingGeneralAndAdministrative": "1783000000", "researchAndDevelopment": "None", "operatingExpenses": "1913000000", "investmentIncomeNet": "None", "netInterestIncome": "-576000000", "interestIncome": "None", "interestExpense": "667000000", "nonInterestIncome": "None", "otherNonOperatingIncome": "None", "depreciation": "None", "depreciationAndAmortization": "1338000000", "incomeBeforeTax": "-213000000", "incomeTaxExpense": "-11000000", "interestAndDebtExpense": "None", "netIncomeFromContinuingOperations": "-1779000000", "comprehensiveIncomeNetOfTax": "None", "ebit": "458000000", "ebitda": "1796000000", "netIncome": "-202000000"}, {"fiscalDateEnding": "2022-12-31", "reportedCurrency": "USD", "grossProfit": "4097000000", "totalRevenue": "31543000000", "costOfRevenue": "27446000000", "costofGoodsAndServicesSold": "27446000000", "operatingIncome": "2018000000", "sellingGeneralAndAdministrative": "1146000000", "researchAndDevelopment": "None", "operatingExpenses": "1873000000", "investmentIncomeNet": "None", "netInterestIncome": "-417000000", "interestIncome": "411000000", "interestExpense": "417000000", "nonInterestIncome": "None", "otherNonOperatingIncome": "62000000", "depreciation": "None", "depreciationAndAmortization": "901000000", "incomeBeforeTax": "1663000000", "incomeTaxExpense": "442000000", "interestAndDebtExpense": "None", "netIncomeFromContinuingOperations": "1221000000", "comprehensiveIncomeNetOfTax": "None", "ebit": "2080000000", "ebitda": "2981000000", "netIncome": "1221000000"}, {"fiscalDateEnding": "2021-12-31", "reportedCurrency": "USD", "grossProfit": "6507000000", "totalRevenue": "26989000000", "costOfRevenue": "20482000000", "costofGoodsAndServicesSold": "20482000000", "operatingIncome": "3341000000", "sellingGeneralAndAdministrative": "1184000000", "researchAndDevelopment": "None", "operatingExpenses": "2776000000", "investmentIncomeNet": "None", "netInterestIncome": "-485000000", "interestIncome": "468000000", "interestExpense": "485000000", "nonInterestIncome": "None", "otherNonOperatingIncome": "3000000", "depreciation": "None", "depreciationAndAmortization": "972000000", "incomeBeforeTax": "2859000000", "incomeTaxExpense": "672000000", "interestAndDebtExpense": "None", "netIncomeFromContinuingOperations": "2187000000", "comprehensiveIncomeNetOfTax": "None", "ebit": "3344000000", "ebitda": "4316000000", "netIncome": "2187000000"}, {"fiscalDateEnding": "2020-12-31", "reportedCurrency": "USD", "grossProfit": "2553000000", "totalRevenue": "9093000000", "costOfRevenue": "6540000000", "costofGoodsAndServicesSold": "6540000000", "operatingIncome": "1105000000", "sellingGeneralAndAdministrative": "859000000", "researchAndDevelopment": "8000000", "operatingExpenses": "1376000000", "investmentIncomeNet": "None", "netInterestIncome": "-401000000", "interestIncome": "384000000", "interestExpense": "401000000", "nonInterestIncome": "None", "otherNonOperatingIncome": "57000000", "depreciation": "None", "depreciationAndAmortization": "604000000", "incomeBeforeTax": "761000000", "incomeTaxExpense": "251000000", "interestAndDebtExpense": "None", "netIncomeFromContinuingOperations": "510000000", "comprehensiveIncomeNetOfTax": "None", "ebit": "1162000000", "ebitda": "1766000000", "netIncome": "510000000"}, {"fiscalDateEnding": "2019-12-31", "reportedCurrency": "USD", "grossProfit": "2518000000", "totalRevenue": "9821000000", "costOfRevenue": "7303000000", "costofGoodsAndServicesSold": "7303000000", "operatingIncome": "1290000000", "sellingGeneralAndAdministrative": "761000000", "researchAndDevelopment": "7000000", "operatingExpenses": "1207000000", "investmentIncomeNet": "None", "netInterestIncome": "-413000000", "interestIncome": "411000000", "interestExpense": "413000000", "nonInterestIncome": "None", "otherNonOperatingIncome": "None", "depreciation": "None", "depreciationAndAmortization": "514000000", "incomeBeforeTax": "786000000", "incomeTaxExpense": "-3334000000", "interestAndDebtExpense": "None", "netIncomeFromContinuingOperations": "-81000000", "comprehensiveIncomeNetOfTax": "None", "ebit": "1161000000", "ebitda": "1675000000", "netIncome": "4438000000"}, {"fiscalDateEnding": "2018-12-31", "reportedCurrency": "USD", "grossProfit": "2370000000", "totalRevenue": "9478000000", "costOfRevenue": "7108000000", "costofGoodsAndServicesSold": "7108000000", "operatingIncome": "982000000", "sellingGeneralAndAdministrative": "726000000", "researchAndDevelopment": "11000000", "operatingExpenses": "1231000000", "investmentIncomeNet": "None", "netInterestIncome": "-483000000", "interestIncome": "474000000", "interestExpense": "483000000", "nonInterestIncome": "None", "otherNonOperatingIncome": "-515000000", "depreciation": "None", "depreciationAndAmortization": "507000000", "incomeBeforeTax": "467000000", "incomeTaxExpense": "7000000", "interestAndDebtExpense": "None", "netIncomeFromContinuingOperations": "460000000", "comprehensiveIncomeNetOfTax": "None", "ebit": "950000000", "ebitda": "1457000000", "netIncome": "268000000"}, {"fiscalDateEnding": "2017-12-31", "reportedCurrency": "USD", "grossProfit": "3093000000", "totalRevenue": "10629000000", "costOfRevenue": "7536000000", "costofGoodsAndServicesSold": "7536000000", "operatingIncome": "-587000000", "sellingGeneralAndAdministrative": "841000000", "researchAndDevelopment": "67000000", "operatingExpenses": "2030000000", "investmentIncomeNet": "None", "netInterestIncome": "-890000000", "interestIncome": "571000000", "interestExpense": "890000000", "nonInterestIncome": "None", "otherNonOperatingIncome": "-953000000", "depreciation": "None", "depreciationAndAmortization": "647000000", "incomeBeforeTax": "-1540000000", "incomeTaxExpense": "8000000", "interestAndDebtExpense": "None", "netIncomeFromContinuingOperations": "-1548000000", "comprehensiveIncomeNetOfTax": "None", "ebit": "-828000000", "ebitda": "-181000000", "netIncome": "-2153000000"}, {"fiscalDateEnding": "2016-12-31", "reportedCurrency": "USD", "grossProfit": "3796000000", "totalRevenue": "12351000000", "costOfRevenue": "8555000000", "costofGoodsAndServicesSold": "8555000000", "operatingIncome": "527000000", "sellingGeneralAndAdministrative": "1022000000", "researchAndDevelopment": "90000000", "operatingExpenses": "2558000000", "investmentIncomeNet": "None", "netInterestIncome": "-1061000000", "interestIncome": "601000000", "interestExpense": "1061000000", "nonInterestIncome": "None", "otherNonOperatingIncome": "-1402000000", "depreciation": "None", "depreciationAndAmortization": "1221000000", "incomeBeforeTax": "-875000000", "incomeTaxExpense": "16000000", "interestAndDebtExpense": "None", "netIncomeFromContinuingOperations": "-891000000", "comprehensiveIncomeNetOfTax": "None", "ebit": "-47000000", "ebitda": "1174000000", "netIncome": "-774000000"}, {"fiscalDateEnding": "2015-12-31", "reportedCurrency": "USD", "grossProfit": "3919000000", "totalRevenue": "14674000000", "costOfRevenue": "10755000000", "costofGoodsAndServicesSold": "10755000000", "operatingIncome": "-4040000000", "sellingGeneralAndAdministrative": "911000000", "researchAndDevelopment": "154000000", "operatingExpenses": "2940000000", "investmentIncomeNet": "None", "netInterestIncome": "None", "interestIncome": "915000000", "interestExpense": "1128000000", "nonInterestIncome": "None", "otherNonOperatingIncome": "-1054000000", "depreciation": "None", "depreciationAndAmortization": "1692000000", "incomeBeforeTax": "-5094000000", "incomeTaxExpense": "1342000000", "interestAndDebtExpense": "None", "netIncomeFromContinuingOperations": "-6436000000", "comprehensiveIncomeNetOfTax": "None", "ebit": "-4030000000", "ebitda": "-2338000000", "netIncome": "-6382000000"}, {"fiscalDateEnding": "2014-12-31", "reportedCurrency": "USD", "grossProfit": "4089000000", "totalRevenue": "15868000000", "costOfRevenue": "11779000000", "costofGoodsAndServicesSold": "11779000000", "operatingIncome": "1271000000", "sellingGeneralAndAdministrative": "834000000", "researchAndDevelopment": "91000000", "operatingExpenses": "2656000000", "investmentIncomeNet": "None", "netInterestIncome": "None", "interestIncome": "None", "interestExpense": "1119000000", "nonInterestIncome": "None", "otherNonOperatingIncome": "-1136000000", "depreciation": "None", "depreciationAndAmortization": "1633000000", "incomeBeforeTax": "135000000", "incomeTaxExpense": "3000000", "interestAndDebtExpense": "None", "netIncomeFromContinuingOperations": "132000000", "comprehensiveIncomeNetOfTax": "None", "ebit": "1254000000", "ebitda": "2887000000", "netIncome": "134000000"}, {"fiscalDateEnding": "2013-12-31", "reportedCurrency": "USD", "grossProfit": "3174000000", "totalRevenue": "11295000000", "costOfRevenue": "8121000000", "costofGoodsAndServicesSold": "8121000000", "operatingIncome": "343000000", "sellingGeneralAndAdministrative": "709000000", "researchAndDevelopment": "84000000", "operatingExpenses": "2244000000", "investmentIncomeNet": "None", "netInterestIncome": "None", "interestIncome": "None", "interestExpense": "848000000", "nonInterestIncome": "None", "otherNonOperatingIncome": "-129000000", "depreciation": "None", "depreciationAndAmortization": "1341000000", "incomeBeforeTax": "-634000000", "incomeTaxExpense": "-282000000", "interestAndDebtExpense": "None", "netIncomeFromContinuingOperations": "-352000000", "comprehensiveIncomeNetOfTax": "None", "ebit": "950000000", "ebitda": "2291000000", "netIncome": "-386000000"}, {"fiscalDateEnding": "2012-12-31", "reportedCurrency": "USD", "grossProfit": "2335000000", "totalRevenue": "8422000000", "costOfRevenue": "6087000000", "costofGoodsAndServicesSold": "6087000000", "operatingIncome": "350000000", "sellingGeneralAndAdministrative": "695000000", "researchAndDevelopment": "36000000", "operatingExpenses": "1878000000", "investmentIncomeNet": "None", "netInterestIncome": "None", "interestIncome": "None", "interestExpense": "661000000", "nonInterestIncome": "None", "otherNonOperatingIncome": "563000000", "depreciation": "None", "depreciationAndAmortization": "1135000000", "incomeBeforeTax": "252000000", "incomeTaxExpense": "-327000000", "interestAndDebtExpense": "None", "netIncomeFromContinuingOperations": "559000000", "comprehensiveIncomeNetOfTax": "None", "ebit": "649000000", "ebitda": "1784000000", "netIncome": "559000000"}, {"fiscalDateEnding": "2011-12-31", "reportedCurrency": "USD", "grossProfit": "2404000000", "totalRevenue": "9079000000", "costOfRevenue": "6675000000", "costofGoodsAndServicesSold": "6675000000", "operatingIncome": "635000000", "sellingGeneralAndAdministrative": "668000000", "researchAndDevelopment": "45000000", "operatingExpenses": "1609000000", "investmentIncomeNet": "None", "netInterestIncome": "None", "interestIncome": "None", "interestExpense": "665000000", "nonInterestIncome": "None", "otherNonOperatingIncome": "35000000", "depreciation": "None", "depreciationAndAmortization": "1063000000", "incomeBeforeTax": "-646000000", "incomeTaxExpense": "-843000000", "interestAndDebtExpense": "None", "netIncomeFromContinuingOperations": "-1489000000", "comprehensiveIncomeNetOfTax": "None", "ebit": "-109000000", "ebitda": "954000000", "netIncome": "197000000"}, {"fiscalDateEnding": "2010-12-31", "reportedCurrency": "USD", "grossProfit": "2776000000", "totalRevenue": "8849000000", "costOfRevenue": "6073000000", "costofGoodsAndServicesSold": "6073000000", "operatingIncome": "1308000000", "sellingGeneralAndAdministrative": "598000000", "researchAndDevelopment": "55000000", "operatingExpenses": "1491000000", "investmentIncomeNet": "None", "netInterestIncome": "None", "interestIncome": "None", "interestExpense": "632000000", "nonInterestIncome": "None", "otherNonOperatingIncome": "77000000", "depreciation": "None", "depreciationAndAmortization": "882000000", "incomeBeforeTax": "753000000", "incomeTaxExpense": "277000000", "interestAndDebtExpense": "None", "netIncomeFromContinuingOperations": "476000000", "comprehensiveIncomeNetOfTax": "None", "ebit": "1383000000", "ebitda": "2265000000", "netIncome": "477000000"}, {"fiscalDateEnding": "2009-12-31", "reportedCurrency": "USD", "grossProfit": "3629000000", "totalRevenue": "8952000000", "costOfRevenue": "5323000000", "costofGoodsAndServicesSold": "5323000000", "operatingIncome": "2159000000", "sellingGeneralAndAdministrative": "604000000", "researchAndDevelopment": "48000000", "operatingExpenses": "1470000000", "investmentIncomeNet": "None", "netInterestIncome": "None", "interestIncome": "None", "interestExpense": "634000000", "nonInterestIncome": "None", "otherNonOperatingIncome": "16000000", "depreciation": "None", "depreciationAndAmortization": "1007000000", "incomeBeforeTax": "1669000000", "incomeTaxExpense": "728000000", "interestAndDebtExpense": "None", "netIncomeFromContinuingOperations": "941000000", "comprehensiveIncomeNetOfTax": "None", "ebit": "2303000000", "ebitda": "3310000000", "netIncome": "942000000"}, {"fiscalDateEnding": "2008-12-31", "reportedCurrency": "USD", "grossProfit": "3287000000", "totalRevenue": "6885000000", "costOfRevenue": "3598000000", "costofGoodsAndServicesSold": "3598000000", "operatingIncome": "2273000000", "sellingGeneralAndAdministrative": "319000000", "researchAndDevelopment": "46000000", "operatingExpenses": "1014000000", "investmentIncomeNet": "None", "netInterestIncome": "None", "interestIncome": "None", "interestExpense": "620000000", "nonInterestIncome": "None", "otherNonOperatingIncome": "None", "depreciation": "None", "depreciationAndAmortization": "418000000", "incomeBeforeTax": "1729000000", "incomeTaxExpense": "713000000", "interestAndDebtExpense": "None", "netIncomeFromContinuingOperations": "None", "comprehensiveIncomeNetOfTax": "None", "ebit": "2619000000", "ebitda": "3037000000", "netIncome": "1188000000"}, {"fiscalDateEnding": "2007-12-31", "reportedCurrency": "USD", "grossProfit": "2611000000", "totalRevenue": "5989000000", "costOfRevenue": "3378000000", "costofGoodsAndServicesSold": "3378000000", "operatingIncome": "1560000000", "sellingGeneralAndAdministrative": "309000000", "researchAndDevelopment": "101000000", "operatingExpenses": "1068000000", "investmentIncomeNet": "None", "netInterestIncome": "None", "interestIncome": "None", "interestExpense": "689000000", "nonInterestIncome": "None", "otherNonOperatingIncome": "None", "depreciation": "None", "depreciationAndAmortization": "563000000", "incomeBeforeTax": "946000000", "incomeTaxExpense": "377000000", "interestAndDebtExpense": "None", "netIncomeFromContinuingOperations": "None", "comprehensiveIncomeNetOfTax": "None", "ebit": "1826000000", "ebitda": "2389000000", "netIncome": "586000000"}, {"fiscalDateEnding": "2006-12-31", "reportedCurrency": "USD", "grossProfit": "5623000000", "totalRevenue": "5623000000", "costOfRevenue": "3592000000", "costofGoodsAndServicesSold": "3592000000", "operatingIncome": "1446000000", "sellingGeneralAndAdministrative": "316000000", "researchAndDevelopment": "None", "operatingExpenses": "4177000000", "investmentIncomeNet": "None", "netInterestIncome": "None", "interestIncome": "None", "interestExpense": "800000000", "nonInterestIncome": "None", "otherNonOperatingIncome": "None", "depreciation": "None", "depreciationAndAmortization": "257000000", "incomeBeforeTax": "880000000", "incomeTaxExpense": "325000000", "interestAndDebtExpense": "None", "netIncomeFromContinuingOperations": "None", "comprehensiveIncomeNetOfTax": "None", "ebit": "1610000000", "ebitda": "1867000000", "netIncome": "621000000"}, {"fiscalDateEnding": "2005-12-31", "reportedCurrency": "USD", "grossProfit": "2708000000", "totalRevenue": "2708000000", "costOfRevenue": "2264000000", "costofGoodsAndServicesSold": "2264000000", "operatingIncome": "250000000", "sellingGeneralAndAdministrative": "197000000", "researchAndDevelopment": "None", "operatingExpenses": "2458000000", "investmentIncomeNet": "None", "netInterestIncome": "None", "interestIncome": "None", "interestExpense": "249000000", "nonInterestIncome": "None", "otherNonOperatingIncome": "None", "depreciation": "None", "depreciationAndAmortization": "246000000", "incomeBeforeTax": "120000000", "incomeTaxExpense": "43000000", "interestAndDebtExpense": "None", "netIncomeFromContinuingOperations": "None", "comprehensiveIncomeNetOfTax": "None", "ebit": "183000000", "ebitda": "429000000", "netIncome": "84000000"}], "quarterlyReports": [{"fiscalDateEnding": "2024-12-31", "reportedCurrency": "USD", "grossProfit": "1948000000", "totalRevenue": "6819000000", "costOfRevenue": "4871000000", "costofGoodsAndServicesSold": "4871000000", "operatingIncome": "954000000", "sellingGeneralAndAdministrative": "292000000", "researchAndDevelopment": "None", "operatingExpenses": "994000000", "investmentIncomeNet": "None", "netInterestIncome": "-123000000", "interestIncome": "None", "interestExpense": "123000000", "nonInterestIncome": "None", "otherNonOperatingIncome": "None", "depreciation": "None", "depreciationAndAmortization": "257000000", "incomeBeforeTax": "715000000", "incomeTaxExpense": "72000000", "interestAndDebtExpense": "None", "netIncomeFromContinuingOperations": "643000000", "comprehensiveIncomeNetOfTax": "None", "ebit": "939000000", "ebitda": "1196000000", "netIncome": "643000000"}, {"fiscalDateEnding": "2024-09-30", "reportedCurrency": "USD", "grossProfit": "-16000000", "totalRevenue": "7223000000", "costOfRevenue": "7239000000", "costofGoodsAndServicesSold": "7239000000", "operatingIncome": "-812000000", "sellingGeneralAndAdministrative": "645000000", "researchAndDevelopment": "None", "operatingExpenses": "796000000", "investmentIncomeNet": "None", "netInterestIncome": "-213000000", "interestIncome": "None", "interestExpense": "213000000", "nonInterestIncome": "None", "otherNonOperatingIncome": "None", "depreciation": "None", "depreciationAndAmortization": "261000000", "incomeBeforeTax": "-1014000000", "incomeTaxExpense": "-247000000", "interestAndDebtExpense": "None", "netIncomeFromContinuingOperations": "-767000000", "comprehensiveIncomeNetOfTax": "None", "ebit": "-710000000", "ebitda": "-449000000", "netIncome": "-767000000"}, {"fiscalDateEnding": "2024-06-30", "reportedCurrency": "USD", "grossProfit": "1217000000", "totalRevenue": "6649000000", "costOfRevenue": "5432000000", "costofGoodsAndServicesSold": "5432000000", "operatingIncome": "625000000", "sellingGeneralAndAdministrative": "592000000", "researchAndDevelopment": "None", "operatingExpenses": "592000000", "investmentIncomeNet": "None", "netInterestIncome": "-163000000", "interestIncome": "None", "interestExpense": "163000000", "nonInterestIncome": "None", "otherNonOperatingIncome": "None", "depreciation": "None", "depreciationAndAmortization": "285000000", "incomeBeforeTax": "1052000000", "incomeTaxExpense": "314000000", "interestAndDebtExpense": "None", "netIncomeFromContinuingOperations": "738000000", "comprehensiveIncomeNetOfTax": "None", "ebit": "1221000000", "ebitda": "1506000000", "netIncome": "738000000"}, {"fiscalDateEnding": "2024-03-31", "reportedCurrency": "USD", "grossProfit": "1007000000", "totalRevenue": "7492000000", "costOfRevenue": "6485000000", "costofGoodsAndServicesSold": "6485000000", "operatingIncome": "416000000", "sellingGeneralAndAdministrative": "591000000", "researchAndDevelopment": "None", "operatingExpenses": "591000000", "investmentIncomeNet": "None", "netInterestIncome": "-152000000", "interestIncome": "None", "interestExpense": "152000000", "nonInterestIncome": "None", "otherNonOperatingIncome": "None", "depreciation": "None", "depreciationAndAmortization": "350000000", "incomeBeforeTax": "695000000", "incomeTaxExpense": "184000000", "interestAndDebtExpense": "None", "netIncomeFromContinuingOperations": "511000000", "comprehensiveIncomeNetOfTax": "None", "ebit": "859000000", "ebitda": "1209000000", "netIncome": "511000000"}, {"fiscalDateEnding": "2023-12-31", "reportedCurrency": "USD", "grossProfit": "1023000000", "totalRevenue": "6724000000", "costOfRevenue": "5701000000", "costofGoodsAndServicesSold": "5701000000", "operatingIncome": "390000000", "sellingGeneralAndAdministrative": "448000000", "researchAndDevelopment": "None", "operatingExpenses": "633000000", "investmentIncomeNet": "None", "netInterestIncome": "-195000000", "interestIncome": "None", "interestExpense": "167000000", "nonInterestIncome": "None", "otherNonOperatingIncome": "None", "depreciation": "None", "depreciationAndAmortization": "358000000", "incomeBeforeTax": "653000000", "incomeTaxExpense": "171000000", "interestAndDebtExpense": "None", "netIncomeFromContinuingOperations": "482000000", "comprehensiveIncomeNetOfTax": "None", "ebit": "820000000", "ebitda": "1178000000", "netIncome": "482000000"}, {"fiscalDateEnding": "2023-09-30", "reportedCurrency": "USD", "grossProfit": "1525000000", "totalRevenue": "7946000000", "costOfRevenue": "6421000000", "costofGoodsAndServicesSold": "6421000000", "operatingIncome": "561000000", "sellingGeneralAndAdministrative": "638000000", "researchAndDevelopment": "None", "operatingExpenses": "946000000", "investmentIncomeNet": "None", "netInterestIncome": "-173000000", "interestIncome": "167000000", "interestExpense": "173000000", "nonInterestIncome": "None", "otherNonOperatingIncome": "None", "depreciation": "None", "depreciationAndAmortization": "332000000", "incomeBeforeTax": "408000000", "incomeTaxExpense": "65000000", "interestAndDebtExpense": "None", "netIncomeFromContinuingOperations": "343000000", "comprehensiveIncomeNetOfTax": "None", "ebit": "589000000", "ebitda": "921000000", "netIncome": "343000000"}, {"fiscalDateEnding": "2023-06-30", "reportedCurrency": "USD", "grossProfit": "1386000000", "totalRevenue": "6348000000", "costOfRevenue": "4962000000", "costofGoodsAndServicesSold": "4962000000", "operatingIncome": "530000000", "sellingGeneralAndAdministrative": "522000000", "researchAndDevelopment": "None", "operatingExpenses": "837000000", "investmentIncomeNet": "None", "netInterestIncome": "-151000000", "interestIncome": "146000000", "interestExpense": "151000000", "nonInterestIncome": "None", "otherNonOperatingIncome": "18000000", "depreciation": "None", "depreciationAndAmortization": "320000000", "incomeBeforeTax": "397000000", "incomeTaxExpense": "89000000", "interestAndDebtExpense": "None", "netIncomeFromContinuingOperations": "308000000", "comprehensiveIncomeNetOfTax": "None", "ebit": "577000000", "ebitda": "897000000", "netIncome": "308000000"}, {"fiscalDateEnding": "2023-03-31", "reportedCurrency": "USD", "grossProfit": "-1056000000", "totalRevenue": "7722000000", "costOfRevenue": "8778000000", "costofGoodsAndServicesSold": "8778000000", "operatingIncome": "-1544000000", "sellingGeneralAndAdministrative": "426000000", "researchAndDevelopment": "None", "operatingExpenses": "616000000", "investmentIncomeNet": "None", "netInterestIncome": "-148000000", "interestIncome": "143000000", "interestExpense": "148000000", "nonInterestIncome": "None", "otherNonOperatingIncome": "21000000", "depreciation": "None", "depreciationAndAmortization": "328000000", "incomeBeforeTax": "-1671000000", "incomeTaxExpense": "-336000000", "interestAndDebtExpense": "None", "netIncomeFromContinuingOperations": "-1335000000", "comprehensiveIncomeNetOfTax": "None", "ebit": "-1528000000", "ebitda": "-1200000000", "netIncome": "-1335000000"}, {"fiscalDateEnding": "2022-12-31", "reportedCurrency": "USD", "grossProfit": "-972000000", "totalRevenue": "7855000000", "costOfRevenue": "8827000000", "costofGoodsAndServicesSold": "8827000000", "operatingIncome": "-1317000000", "sellingGeneralAndAdministrative": "173000000", "researchAndDevelopment": "None", "operatingExpenses": "312000000", "investmentIncomeNet": "None", "netInterestIncome": "-104000000", "interestIncome": "98000000", "interestExpense": "104000000", "nonInterestIncome": "None", "otherNonOperatingIncome": "29000000", "depreciation": "None", "depreciationAndAmortization": "232000000", "incomeBeforeTax": "-1392000000", "incomeTaxExpense": "-297000000", "interestAndDebtExpense": "None", "netIncomeFromContinuingOperations": "-1095000000", "comprehensiveIncomeNetOfTax": "None", "ebit": "-1288000000", "ebitda": "-1056000000", "netIncome": "-1095000000"}, {"fiscalDateEnding": "2022-09-30", "reportedCurrency": "USD", "grossProfit": "708000000", "totalRevenue": "8510000000", "costOfRevenue": "7802000000", "costofGoodsAndServicesSold": "7802000000", "operatingIncome": "217000000", "sellingGeneralAndAdministrative": "326000000", "researchAndDevelopment": "None", "operatingExpenses": "523000000", "investmentIncomeNet": "None", "netInterestIncome": "-105000000", "interestIncome": "94000000", "interestExpense": "105000000", "nonInterestIncome": "None", "otherNonOperatingIncome": "32000000", "depreciation": "None", "depreciationAndAmortization": "157000000", "incomeBeforeTax": "83000000", "incomeTaxExpense": "16000000", "interestAndDebtExpense": "None", "netIncomeFromContinuingOperations": "67000000", "comprehensiveIncomeNetOfTax": "None", "ebit": "188000000", "ebitda": "345000000", "netIncome": "67000000"}, {"fiscalDateEnding": "2022-06-30", "reportedCurrency": "USD", "grossProfit": "1395000000", "totalRevenue": "7282000000", "costOfRevenue": "5887000000", "costofGoodsAndServicesSold": "5887000000", "operatingIncome": "754000000", "sellingGeneralAndAdministrative": "325000000", "researchAndDevelopment": "None", "operatingExpenses": "508000000", "investmentIncomeNet": "None", "netInterestIncome": "-105000000", "interestIncome": "101000000", "interestExpense": "105000000", "nonInterestIncome": "None", "otherNonOperatingIncome": "16000000", "depreciation": "None", "depreciationAndAmortization": "161000000", "incomeBeforeTax": "665000000", "incomeTaxExpense": "152000000", "interestAndDebtExpense": "None", "netIncomeFromContinuingOperations": "513000000", "comprehensiveIncomeNetOfTax": "None", "ebit": "770000000", "ebitda": "931000000", "netIncome": "513000000"}, {"fiscalDateEnding": "2022-03-31", "reportedCurrency": "USD", "grossProfit": "2966000000", "totalRevenue": "7896000000", "costOfRevenue": "4930000000", "costofGoodsAndServicesSold": "4930000000", "operatingIncome": "2425000000", "sellingGeneralAndAdministrative": "322000000", "researchAndDevelopment": "None", "operatingExpenses": "530000000", "investmentIncomeNet": "None", "netInterestIncome": "-103000000", "interestIncome": "118000000", "interestExpense": "103000000", "nonInterestIncome": "None", "otherNonOperatingIncome": "-15000000", "depreciation": "None", "depreciationAndAmortization": "351000000", "incomeBeforeTax": "2307000000", "incomeTaxExpense": "571000000", "interestAndDebtExpense": "None", "netIncomeFromContinuingOperations": "1736000000", "comprehensiveIncomeNetOfTax": "None", "ebit": "2410000000", "ebitda": "2761000000", "netIncome": "1736000000"}, {"fiscalDateEnding": "2021-12-31", "reportedCurrency": "USD", "grossProfit": "60000000", "totalRevenue": "7046000000", "costOfRevenue": "6986000000", "costofGoodsAndServicesSold": "6986000000", "operatingIncome": "-479000000", "sellingGeneralAndAdministrative": "211000000", "researchAndDevelopment": "None", "operatingExpenses": "519000000", "investmentIncomeNet": "None", "netInterestIncome": "-111000000", "interestIncome": "117000000", "interestExpense": "111000000", "nonInterestIncome": "None", "otherNonOperatingIncome": "-5000000", "depreciation": "None", "depreciationAndAmortization": "232000000", "incomeBeforeTax": "-595000000", "incomeTaxExpense": "-168000000", "interestAndDebtExpense": "None", "netIncomeFromContinuingOperations": "-427000000", "comprehensiveIncomeNetOfTax": "None", "ebit": "-484000000", "ebitda": "-252000000", "netIncome": "-427000000"}, {"fiscalDateEnding": "2021-09-30", "reportedCurrency": "USD", "grossProfit": "2917000000", "totalRevenue": "6609000000", "costOfRevenue": "3692000000", "costofGoodsAndServicesSold": "3692000000", "operatingIncome": "2319000000", "sellingGeneralAndAdministrative": "318000000", "researchAndDevelopment": "None", "operatingExpenses": "581000000", "investmentIncomeNet": "None", "netInterestIncome": "-122000000", "interestIncome": "107000000", "interestExpense": "122000000", "nonInterestIncome": "None", "otherNonOperatingIncome": "-34000000", "depreciation": "None", "depreciationAndAmortization": "223000000", "incomeBeforeTax": "2163000000", "incomeTaxExpense": "545000000", "interestAndDebtExpense": "None", "netIncomeFromContinuingOperations": "1618000000", "comprehensiveIncomeNetOfTax": "None", "ebit": "2285000000", "ebitda": "2508000000", "netIncome": "1618000000"}, {"fiscalDateEnding": "2021-06-30", "reportedCurrency": "USD", "grossProfit": "2286000000", "totalRevenue": "5243000000", "costOfRevenue": "2957000000", "costofGoodsAndServicesSold": "2957000000", "operatingIncome": "1557000000", "sellingGeneralAndAdministrative": "348000000", "researchAndDevelopment": "None", "operatingExpenses": "401000000", "investmentIncomeNet": "None", "netInterestIncome": "-125000000", "interestIncome": "111000000", "interestExpense": "125000000", "nonInterestIncome": "None", "otherNonOperatingIncome": "26000000", "depreciation": "None", "depreciationAndAmortization": "177000000", "incomeBeforeTax": "1458000000", "incomeTaxExpense": "380000000", "interestAndDebtExpense": "None", "netIncomeFromContinuingOperations": "1078000000", "comprehensiveIncomeNetOfTax": "None", "ebit": "1583000000", "ebitda": "1760000000", "netIncome": "1078000000"}, {"fiscalDateEnding": "2021-03-31", "reportedCurrency": "USD", "grossProfit": "1227000000", "totalRevenue": "8091000000", "costOfRevenue": "6864000000", "costofGoodsAndServicesSold": "6864000000", "operatingIncome": "-56000000", "sellingGeneralAndAdministrative": "330000000", "researchAndDevelopment": "2000000", "operatingExpenses": "1258000000", "investmentIncomeNet": "None", "netInterestIncome": "-127000000", "interestIncome": "133000000", "interestExpense": "127000000", "nonInterestIncome": "None", "otherNonOperatingIncome": "16000000", "depreciation": "None", "depreciationAndAmortization": "340000000", "incomeBeforeTax": "-167000000", "incomeTaxExpense": "-85000000", "interestAndDebtExpense": "None", "netIncomeFromContinuingOperations": "-82000000", "comprehensiveIncomeNetOfTax": "None", "ebit": "-40000000", "ebitda": "300000000", "netIncome": "-82000000"}, {"fiscalDateEnding": "2020-12-31", "reportedCurrency": "USD", "grossProfit": "412000000", "totalRevenue": "2027000000", "costOfRevenue": "1615000000", "costofGoodsAndServicesSold": "1615000000", "operatingIncome": "-16000000", "sellingGeneralAndAdministrative": "189000000", "researchAndDevelopment": "2000000", "operatingExpenses": "382000000", "investmentIncomeNet": "None", "netInterestIncome": "-109000000", "interestIncome": "129000000", "interestExpense": "109000000", "nonInterestIncome": "None", "otherNonOperatingIncome": "279000000", "depreciation": "None", "depreciationAndAmortization": "141000000", "incomeBeforeTax": "-138000000", "incomeTaxExpense": "35000000", "interestAndDebtExpense": "None", "netIncomeFromContinuingOperations": "-173000000", "comprehensiveIncomeNetOfTax": "None", "ebit": "-30000000", "ebitda": "111000000", "netIncome": "-173000000"}, {"fiscalDateEnding": "2020-09-30", "reportedCurrency": "USD", "grossProfit": "775000000", "totalRevenue": "2809000000", "costOfRevenue": "2034000000", "costofGoodsAndServicesSold": "2034000000", "operatingIncome": "393000000", "sellingGeneralAndAdministrative": "253000000", "researchAndDevelopment": "1000000", "operatingExpenses": "353000000", "investmentIncomeNet": "None", "netInterestIncome": "-99000000", "interestIncome": "63000000", "interestExpense": "99000000", "nonInterestIncome": "None", "otherNonOperatingIncome": "-52000000", "depreciation": "None", "depreciationAndAmortization": "141000000", "incomeBeforeTax": "341000000", "incomeTaxExpense": "92000000", "interestAndDebtExpense": "None", "netIncomeFromContinuingOperations": "249000000", "comprehensiveIncomeNetOfTax": "None", "ebit": "398000000", "ebitda": "539000000", "netIncome": "249000000"}, {"fiscalDateEnding": "2020-06-30", "reportedCurrency": "USD", "grossProfit": "804000000", "totalRevenue": "2238000000", "costOfRevenue": "1434000000", "costofGoodsAndServicesSold": "1434000000", "operatingIncome": "484000000", "sellingGeneralAndAdministrative": "208000000", "researchAndDevelopment": "2000000", "operatingExpenses": "320000000", "investmentIncomeNet": "None", "netInterestIncome": "-96000000", "interestIncome": "84000000", "interestExpense": "96000000", "nonInterestIncome": "None", "otherNonOperatingIncome": "-70000000", "depreciation": "None", "depreciationAndAmortization": "148000000", "incomeBeforeTax": "414000000", "incomeTaxExpense": "101000000", "interestAndDebtExpense": "None", "netIncomeFromContinuingOperations": "313000000", "comprehensiveIncomeNetOfTax": "None", "ebit": "517000000", "ebitda": "665000000", "netIncome": "313000000"}, {"fiscalDateEnding": "2020-03-31", "reportedCurrency": "USD", "grossProfit": "562000000", "totalRevenue": "2019000000", "costOfRevenue": "1457000000", "costofGoodsAndServicesSold": "1457000000", "operatingIncome": "244000000", "sellingGeneralAndAdministrative": "209000000", "researchAndDevelopment": "3000000", "operatingExpenses": "321000000", "investmentIncomeNet": "None", "netInterestIncome": "-98000000", "interestIncome": "109000000", "interestExpense": "98000000", "nonInterestIncome": "None", "otherNonOperatingIncome": "-100000000", "depreciation": "None", "depreciationAndAmortization": "129000000", "incomeBeforeTax": "144000000", "incomeTaxExpense": "23000000", "interestAndDebtExpense": "None", "netIncomeFromContinuingOperations": "121000000", "comprehensiveIncomeNetOfTax": "None", "ebit": "253000000", "ebitda": "382000000", "netIncome": "121000000"}, {"fiscalDateEnding": "2019-12-31", "reportedCurrency": "USD", "grossProfit": "541000000", "totalRevenue": "2195000000", "costOfRevenue": "1654000000", "costofGoodsAndServicesSold": "1654000000", "operatingIncome": "209000000", "sellingGeneralAndAdministrative": "146000000", "researchAndDevelopment": "2000000", "operatingExpenses": "326000000", "investmentIncomeNet": "None", "netInterestIncome": "-95000000", "interestIncome": "101000000", "interestExpense": "95000000", "nonInterestIncome": "None", "otherNonOperatingIncome": "None", "depreciation": "None", "depreciationAndAmortization": "106000000", "incomeBeforeTax": "120000000", "incomeTaxExpense": "-3343000000", "interestAndDebtExpense": "None", "netIncomeFromContinuingOperations": "-738000000", "comprehensiveIncomeNetOfTax": "None", "ebit": "266000000", "ebitda": "372000000", "netIncome": "3383000000"}, {"fiscalDateEnding": "2019-09-30", "reportedCurrency": "USD", "grossProfit": "843000000", "totalRevenue": "2996000000", "costOfRevenue": "2153000000", "costofGoodsAndServicesSold": "2153000000", "operatingIncome": "540000000", "sellingGeneralAndAdministrative": "210000000", "researchAndDevelopment": "1000000", "operatingExpenses": "302000000", "investmentIncomeNet": "None", "netInterestIncome": "-99000000", "interestIncome": "70000000", "interestExpense": "99000000", "nonInterestIncome": "None", "otherNonOperatingIncome": "-160000000", "depreciation": "None", "depreciationAndAmortization": "118000000", "incomeBeforeTax": "380000000", "incomeTaxExpense": "6000000", "interestAndDebtExpense": "None", "netIncomeFromContinuingOperations": "374000000", "comprehensiveIncomeNetOfTax": "None", "ebit": "493000000", "ebitda": "611000000", "netIncome": "372000000"}, {"fiscalDateEnding": "2019-06-30", "reportedCurrency": "USD", "grossProfit": "620000000", "totalRevenue": "2465000000", "costOfRevenue": "1845000000", "costofGoodsAndServicesSold": "1845000000", "operatingIncome": "320000000", "sellingGeneralAndAdministrative": "211000000", "researchAndDevelopment": "2000000", "operatingExpenses": "298000000", "investmentIncomeNet": "None", "netInterestIncome": "-105000000", "interestIncome": "105000000", "interestExpense": "105000000", "nonInterestIncome": "None", "otherNonOperatingIncome": "-132000000", "depreciation": "None", "depreciationAndAmortization": "107000000", "incomeBeforeTax": "188000000", "incomeTaxExpense": "-1000000", "interestAndDebtExpense": "None", "netIncomeFromContinuingOperations": "189000000", "comprehensiveIncomeNetOfTax": "None", "ebit": "271000000", "ebitda": "378000000", "netIncome": "201000000"}, {"fiscalDateEnding": "2019-03-31", "reportedCurrency": "USD", "grossProfit": "514000000", "totalRevenue": "2165000000", "costOfRevenue": "1651000000", "costofGoodsAndServicesSold": "1651000000", "operatingIncome": "221000000", "sellingGeneralAndAdministrative": "194000000", "researchAndDevelopment": "2000000", "operatingExpenses": "281000000", "investmentIncomeNet": "None", "netInterestIncome": "-114000000", "interestIncome": "135000000", "interestExpense": "114000000", "nonInterestIncome": "None", "otherNonOperatingIncome": "-123000000", "depreciation": "None", "depreciationAndAmortization": "104000000", "incomeBeforeTax": "98000000", "incomeTaxExpense": "4000000", "interestAndDebtExpense": "None", "netIncomeFromContinuingOperations": "94000000", "comprehensiveIncomeNetOfTax": "None", "ebit": "212000000", "ebitda": "316000000", "netIncome": "482000000"}, {"fiscalDateEnding": "2018-12-31", "reportedCurrency": "USD", "grossProfit": "305000000", "totalRevenue": "1683000000", "costOfRevenue": "1378000000", "costofGoodsAndServicesSold": "1378000000", "operatingIncome": "1000000", "sellingGeneralAndAdministrative": "135000000", "researchAndDevelopment": "2000000", "operatingExpenses": "261000000", "investmentIncomeNet": "None", "netInterestIncome": "None", "interestIncome": "None", "interestExpense": "122000000", "nonInterestIncome": "None", "otherNonOperatingIncome": "-356000000", "depreciation": "None", "depreciationAndAmortization": "90000000", "incomeBeforeTax": "-153000000", "incomeTaxExpense": "-12000000", "interestAndDebtExpense": "None", "netIncomeFromContinuingOperations": "-200000000", "comprehensiveIncomeNetOfTax": "None", "ebit": "-72000000", "ebitda": "18000000", "netIncome": "-12000000"}, {"fiscalDateEnding": "2018-09-30", "reportedCurrency": "USD", "grossProfit": "754000000", "totalRevenue": "3061000000", "costOfRevenue": "2307000000", "costofGoodsAndServicesSold": "2307000000", "operatingIncome": "416000000", "sellingGeneralAndAdministrative": "212000000", "researchAndDevelopment": "1000000", "operatingExpenses": "325000000", "investmentIncomeNet": "None", "netInterestIncome": "None", "interestIncome": "None", "interestExpense": "121000000", "nonInterestIncome": "None", "otherNonOperatingIncome": "18000000", "depreciation": "None", "depreciationAndAmortization": "-95000000", "incomeBeforeTax": "313000000", "incomeTaxExpense": "7000000", "interestAndDebtExpense": "None", "netIncomeFromContinuingOperations": "306000000", "comprehensiveIncomeNetOfTax": "None", "ebit": "399000000", "ebitda": "304000000", "netIncome": "-72000000"}, {"fiscalDateEnding": "2018-06-30", "reportedCurrency": "USD", "grossProfit": "871000000", "totalRevenue": "2922000000", "costOfRevenue": "2051000000", "costofGoodsAndServicesSold": "2051000000", "operatingIncome": "334000000", "sellingGeneralAndAdministrative": "211000000", "researchAndDevelopment": "16000000", "operatingExpenses": "454000000", "investmentIncomeNet": "None", "netInterestIncome": "None", "interestIncome": "None", "interestExpense": "202000000", "nonInterestIncome": "None", "otherNonOperatingIncome": "-3000000", "depreciation": "None", "depreciationAndAmortization": "287000000", "incomeBeforeTax": "129000000", "incomeTaxExpense": "8000000", "interestAndDebtExpense": "None", "netIncomeFromContinuingOperations": "121000000", "comprehensiveIncomeNetOfTax": "None", "ebit": "318000000", "ebitda": "605000000", "netIncome": "72000000"}, {"fiscalDateEnding": "2018-03-31", "reportedCurrency": "USD", "grossProfit": "863000000", "totalRevenue": "2421000000", "costOfRevenue": "1558000000", "costofGoodsAndServicesSold": "1558000000", "operatingIncome": "406000000", "sellingGeneralAndAdministrative": "191000000", "researchAndDevelopment": "13000000", "operatingExpenses": "439000000", "investmentIncomeNet": "None", "netInterestIncome": "None", "interestIncome": "None", "interestExpense": "167000000", "nonInterestIncome": "None", "otherNonOperatingIncome": "-174000000", "depreciation": "None", "depreciationAndAmortization": "270000000", "incomeBeforeTax": "232000000", "incomeTaxExpense": "-1000000", "interestAndDebtExpense": "None", "netIncomeFromContinuingOperations": "233000000", "comprehensiveIncomeNetOfTax": "None", "ebit": "351000000", "ebitda": "621000000", "netIncome": "279000000"}, {"fiscalDateEnding": "2017-12-31", "reportedCurrency": "USD", "grossProfit": "813000000", "totalRevenue": "2497000000", "costOfRevenue": "1684000000", "costofGoodsAndServicesSold": "1684000000", "operatingIncome": "-1345000000", "sellingGeneralAndAdministrative": "144000000", "researchAndDevelopment": "18000000", "operatingExpenses": "495000000", "investmentIncomeNet": "None", "netInterestIncome": "None", "interestIncome": "None", "interestExpense": "198000000", "nonInterestIncome": "None", "otherNonOperatingIncome": "-279000000", "depreciation": "None", "depreciationAndAmortization": "310000000", "incomeBeforeTax": "-1665000000", "incomeTaxExpense": "3000000", "interestAndDebtExpense": "None", "netIncomeFromContinuingOperations": "-1634000000", "comprehensiveIncomeNetOfTax": "None", "ebit": "-1479000000", "ebitda": "-1169000000", "netIncome": "-1534000000"}, {"fiscalDateEnding": "2017-09-30", "reportedCurrency": "USD", "grossProfit": "893000000", "totalRevenue": "3049000000", "costOfRevenue": "2156000000", "costofGoodsAndServicesSold": "2156000000", "operatingIncome": "376000000", "sellingGeneralAndAdministrative": "213000000", "researchAndDevelopment": "14000000", "operatingExpenses": "499000000", "investmentIncomeNet": "None", "netInterestIncome": "None", "interestIncome": "None", "interestExpense": "221000000", "nonInterestIncome": "None", "otherNonOperatingIncome": "-180000000", "depreciation": "None", "depreciationAndAmortization": "313000000", "incomeBeforeTax": "196000000", "incomeTaxExpense": "6000000", "interestAndDebtExpense": "None", "netIncomeFromContinuingOperations": "190000000", "comprehensiveIncomeNetOfTax": "None", "ebit": "428000000", "ebitda": "741000000", "netIncome": "171000000"}, {"fiscalDateEnding": "2017-06-30", "reportedCurrency": "USD", "grossProfit": "864000000", "totalRevenue": "2701000000", "costOfRevenue": "1837000000", "costofGoodsAndServicesSold": "1837000000", "operatingIncome": "343000000", "sellingGeneralAndAdministrative": "223000000", "researchAndDevelopment": "18000000", "operatingExpenses": "501000000", "investmentIncomeNet": "None", "netInterestIncome": "None", "interestIncome": "None", "interestExpense": "247000000", "nonInterestIncome": "None", "otherNonOperatingIncome": "-240000000", "depreciation": "None", "depreciationAndAmortization": "270000000", "incomeBeforeTax": "103000000", "incomeTaxExpense": "4000000", "interestAndDebtExpense": "None", "netIncomeFromContinuingOperations": "99000000", "comprehensiveIncomeNetOfTax": "None", "ebit": "369000000", "ebitda": "639000000", "netIncome": "-626000000"}, {"fiscalDateEnding": "2017-03-31", "reportedCurrency": "USD", "grossProfit": "634000000", "totalRevenue": "2759000000", "costOfRevenue": "2125000000", "costofGoodsAndServicesSold": "2125000000", "operatingIncome": "47000000", "sellingGeneralAndAdministrative": "272000000", "researchAndDevelopment": "17000000", "operatingExpenses": "589000000", "investmentIncomeNet": "None", "netInterestIncome": "None", "interestIncome": "None", "interestExpense": "269000000", "nonInterestIncome": "None", "otherNonOperatingIncome": "-254000000", "depreciation": "None", "depreciationAndAmortization": "322000000", "incomeBeforeTax": "-207000000", "incomeTaxExpense": "-4000000", "interestAndDebtExpense": "None", "netIncomeFromContinuingOperations": "-203000000", "comprehensiveIncomeNetOfTax": "None", "ebit": "67000000", "ebitda": "389000000", "netIncome": "-163000000"}, {"fiscalDateEnding": "2016-12-31", "reportedCurrency": "USD", "grossProfit": "715000000", "totalRevenue": "2532000000", "costOfRevenue": "1817000000", "costofGoodsAndServicesSold": "1817000000", "operatingIncome": "-791000000", "sellingGeneralAndAdministrative": "52000000", "researchAndDevelopment": "23000000", "operatingExpenses": "710000000", "investmentIncomeNet": "None", "netInterestIncome": "None", "interestIncome": "None", "interestExpense": "220000000", "nonInterestIncome": "None", "otherNonOperatingIncome": "-343000000", "depreciation": "None", "depreciationAndAmortization": "416000000", "incomeBeforeTax": "-1134000000", "incomeTaxExpense": "-79000000", "interestAndDebtExpense": "None", "netIncomeFromContinuingOperations": "-1055000000", "comprehensiveIncomeNetOfTax": "None", "ebit": "-1102000000", "ebitda": "-686000000", "netIncome": "-987000000"}, {"fiscalDateEnding": "2016-09-30", "reportedCurrency": "USD", "grossProfit": "1159000000", "totalRevenue": "3952000000", "costOfRevenue": "2793000000", "costofGoodsAndServicesSold": "2793000000", "operatingIncome": "755000000", "sellingGeneralAndAdministrative": "282000000", "researchAndDevelopment": "23000000", "operatingExpenses": "662000000", "investmentIncomeNet": "None", "netInterestIncome": "None", "interestIncome": "None", "interestExpense": "280000000", "nonInterestIncome": "None", "otherNonOperatingIncome": "-313000000", "depreciation": "None", "depreciationAndAmortization": "402000000", "incomeBeforeTax": "442000000", "incomeTaxExpense": "49000000", "interestAndDebtExpense": "None", "netIncomeFromContinuingOperations": "393000000", "comprehensiveIncomeNetOfTax": "None", "ebit": "731000000", "ebitda": "1133000000", "netIncome": "402000000"}, {"fiscalDateEnding": "2016-06-30", "reportedCurrency": "USD", "grossProfit": "882000000", "totalRevenue": "2638000000", "costOfRevenue": "1756000000", "costofGoodsAndServicesSold": "1756000000", "operatingIncome": "87000000", "sellingGeneralAndAdministrative": "265000000", "researchAndDevelopment": "18000000", "operatingExpenses": "592000000", "investmentIncomeNet": "None", "netInterestIncome": "None", "interestIncome": "None", "interestExpense": "277000000", "nonInterestIncome": "None", "otherNonOperatingIncome": "-338000000", "depreciation": "None", "depreciationAndAmortization": "337000000", "incomeBeforeTax": "-251000000", "incomeTaxExpense": "25000000", "interestAndDebtExpense": "None", "netIncomeFromContinuingOperations": "-276000000", "comprehensiveIncomeNetOfTax": "None", "ebit": "302000000", "ebitda": "639000000", "netIncome": "-271000000"}, {"fiscalDateEnding": "2016-03-31", "reportedCurrency": "USD", "grossProfit": "1040000000", "totalRevenue": "3229000000", "costOfRevenue": "2189000000", "costofGoodsAndServicesSold": "2189000000", "operatingIncome": "476000000", "sellingGeneralAndAdministrative": "255000000", "researchAndDevelopment": "26000000", "operatingExpenses": "594000000", "investmentIncomeNet": "None", "netInterestIncome": "None", "interestIncome": "None", "interestExpense": "284000000", "nonInterestIncome": "None", "otherNonOperatingIncome": "-408000000", "depreciation": "None", "depreciationAndAmortization": "352000000", "incomeBeforeTax": "68000000", "incomeTaxExpense": "21000000", "interestAndDebtExpense": "None", "netIncomeFromContinuingOperations": "47000000", "comprehensiveIncomeNetOfTax": "None", "ebit": "352000000", "ebitda": "704000000", "netIncome": "77000000"}, {"fiscalDateEnding": "2015-12-31", "reportedCurrency": "USD", "grossProfit": "795000000", "totalRevenue": "3020000000", "costOfRevenue": "2225000000", "costofGoodsAndServicesSold": "2225000000", "operatingIncome": "-4727000000", "sellingGeneralAndAdministrative": "27000000", "researchAndDevelopment": "41000000", "operatingExpenses": "768000000", "investmentIncomeNet": "None", "netInterestIncome": "None", "interestIncome": "None", "interestExpense": "273000000", "nonInterestIncome": "None", "otherNonOperatingIncome": "-246000000", "depreciation": "None", "depreciationAndAmortization": "415000000", "incomeBeforeTax": "-4973000000", "incomeTaxExpense": "1385000000", "interestAndDebtExpense": "None", "netIncomeFromContinuingOperations": "-6358000000", "comprehensiveIncomeNetOfTax": "None", "ebit": "-4700000000", "ebitda": "-4285000000", "netIncome": "-6314000000"}, {"fiscalDateEnding": "2015-09-30", "reportedCurrency": "USD", "grossProfit": "1397000000", "totalRevenue": "4431000000", "costOfRevenue": "3034000000", "costofGoodsAndServicesSold": "3034000000", "operatingIncome": "379000000", "sellingGeneralAndAdministrative": "332000000", "researchAndDevelopment": "38000000", "operatingExpenses": "752000000", "investmentIncomeNet": "None", "netInterestIncome": "None", "interestIncome": "None", "interestExpense": "291000000", "nonInterestIncome": "None", "otherNonOperatingIncome": "-265000000", "depreciation": "None", "depreciationAndAmortization": "431000000", "incomeBeforeTax": "114000000", "incomeTaxExpense": "47000000", "interestAndDebtExpense": "None", "netIncomeFromContinuingOperations": "67000000", "comprehensiveIncomeNetOfTax": "None", "ebit": "405000000", "ebitda": "836000000", "netIncome": "56000000"}, {"fiscalDateEnding": "2015-06-30", "reportedCurrency": "USD", "grossProfit": "963000000", "totalRevenue": "3397000000", "costOfRevenue": "2434000000", "costofGoodsAndServicesSold": "2434000000", "operatingIncome": "232000000", "sellingGeneralAndAdministrative": "291000000", "researchAndDevelopment": "41000000", "operatingExpenses": "728000000", "investmentIncomeNet": "None", "netInterestIncome": "None", "interestIncome": "None", "interestExpense": "263000000", "nonInterestIncome": "None", "otherNonOperatingIncome": "-258000000", "depreciation": "None", "depreciationAndAmortization": "419000000", "incomeBeforeTax": "-26000000", "incomeTaxExpense": "-17000000", "interestAndDebtExpense": "None", "netIncomeFromContinuingOperations": "-9000000", "comprehensiveIncomeNetOfTax": "None", "ebit": "237000000", "ebitda": "656000000", "netIncome": "-14000000"}, {"fiscalDateEnding": "2015-03-31", "reportedCurrency": "USD", "grossProfit": "764000000", "totalRevenue": "3826000000", "costOfRevenue": "3062000000", "costofGoodsAndServicesSold": "3062000000", "operatingIncome": "76000000", "sellingGeneralAndAdministrative": "263000000", "researchAndDevelopment": "34000000", "operatingExpenses": "692000000", "investmentIncomeNet": "None", "netInterestIncome": "None", "interestIncome": "None", "interestExpense": "301000000", "nonInterestIncome": "None", "otherNonOperatingIncome": "-285000000", "depreciation": "None", "depreciationAndAmortization": "427000000", "incomeBeforeTax": "-209000000", "incomeTaxExpense": "-73000000", "interestAndDebtExpense": "None", "netIncomeFromContinuingOperations": "-136000000", "comprehensiveIncomeNetOfTax": "None", "ebit": "92000000", "ebitda": "519000000", "netIncome": "-120000000"}, {"fiscalDateEnding": "2014-12-31", "reportedCurrency": "USD", "grossProfit": "1241000000", "totalRevenue": "4192000000", "costOfRevenue": "2951000000", "costofGoodsAndServicesSold": "2951000000", "operatingIncome": "453000000", "sellingGeneralAndAdministrative": "82000000", "researchAndDevelopment": "29000000", "operatingExpenses": "746000000", "investmentIncomeNet": "None", "netInterestIncome": "None", "interestIncome": "None", "interestExpense": "310000000", "nonInterestIncome": "None", "otherNonOperatingIncome": "-814000000", "depreciation": "None", "depreciationAndAmortization": "452000000", "incomeBeforeTax": "168000000", "incomeTaxExpense": "71000000", "interestAndDebtExpense": "None", "netIncomeFromContinuingOperations": "97000000", "comprehensiveIncomeNetOfTax": "None", "ebit": "478000000", "ebitda": "930000000", "netIncome": "119000000"}, {"fiscalDateEnding": "2014-09-30", "reportedCurrency": "USD", "grossProfit": "1291000000", "totalRevenue": "4569000000", "costOfRevenue": "3278000000", "costofGoodsAndServicesSold": "3278000000", "operatingIncome": "549000000", "sellingGeneralAndAdministrative": "258000000", "researchAndDevelopment": "22000000", "operatingExpenses": "655000000", "investmentIncomeNet": "None", "netInterestIncome": "None", "interestIncome": "None", "interestExpense": "280000000", "nonInterestIncome": "None", "otherNonOperatingIncome": "-278000000", "depreciation": "None", "depreciationAndAmortization": "418000000", "incomeBeforeTax": "271000000", "incomeTaxExpense": "89000000", "interestAndDebtExpense": "None", "netIncomeFromContinuingOperations": "182000000", "comprehensiveIncomeNetOfTax": "None", "ebit": "551000000", "ebitda": "969000000", "netIncome": "166000000"}, {"fiscalDateEnding": "2014-06-30", "reportedCurrency": "USD", "grossProfit": "804000000", "totalRevenue": "3621000000", "costOfRevenue": "2817000000", "costofGoodsAndServicesSold": "2817000000", "operatingIncome": "89000000", "sellingGeneralAndAdministrative": "38000000", "researchAndDevelopment": "21000000", "operatingExpenses": "675000000", "investmentIncomeNet": "None", "netInterestIncome": "None", "interestIncome": "None", "interestExpense": "274000000", "nonInterestIncome": "None", "otherNonOperatingIncome": "-21000000", "depreciation": "None", "depreciationAndAmortization": "404000000", "incomeBeforeTax": "-206000000", "incomeTaxExpense": "-126000000", "interestAndDebtExpense": "None", "netIncomeFromContinuingOperations": "-80000000", "comprehensiveIncomeNetOfTax": "None", "ebit": "68000000", "ebitda": "472000000", "netIncome": "-97000000"}, {"fiscalDateEnding": "2014-03-31", "reportedCurrency": "USD", "grossProfit": "753000000", "totalRevenue": "3486000000", "costOfRevenue": "2733000000", "costofGoodsAndServicesSold": "2733000000", "operatingIncome": "180000000", "sellingGeneralAndAdministrative": "226000000", "researchAndDevelopment": "19000000", "operatingExpenses": "580000000", "investmentIncomeNet": "None", "netInterestIncome": "None", "interestIncome": "None", "interestExpense": "255000000", "nonInterestIncome": "None", "otherNonOperatingIncome": "-23000000", "depreciation": "None", "depreciationAndAmortization": "359000000", "incomeBeforeTax": "-98000000", "incomeTaxExpense": "-31000000", "interestAndDebtExpense": "None", "netIncomeFromContinuingOperations": "-67000000", "comprehensiveIncomeNetOfTax": "None", "ebit": "191000000", "ebitda": "550000000", "netIncome": "-56000000"}, {"fiscalDateEnding": "2013-12-31", "reportedCurrency": "USD", "grossProfit": "853000000", "totalRevenue": "2795000000", "costOfRevenue": "1942000000", "costofGoodsAndServicesSold": "1942000000", "operatingIncome": "-228000000", "sellingGeneralAndAdministrative": "38000000", "researchAndDevelopment": "21000000", "operatingExpenses": "589000000", "investmentIncomeNet": "None", "netInterestIncome": "None", "interestIncome": "None", "interestExpense": "218000000", "nonInterestIncome": "None", "otherNonOperatingIncome": "-94000000", "depreciation": "None", "depreciationAndAmortization": "318000000", "incomeBeforeTax": "-540000000", "incomeTaxExpense": "-235000000", "interestAndDebtExpense": "None", "netIncomeFromContinuingOperations": "-305000000", "comprehensiveIncomeNetOfTax": "None", "ebit": "286000000", "ebitda": "604000000", "netIncome": "-312000000"}, {"fiscalDateEnding": "2013-09-30", "reportedCurrency": "USD", "grossProfit": "1135000000", "totalRevenue": "3490000000", "costOfRevenue": "2355000000", "costofGoodsAndServicesSold": "2355000000", "operatingIncome": "535000000", "sellingGeneralAndAdministrative": "229000000", "researchAndDevelopment": "27000000", "operatingExpenses": "574000000", "investmentIncomeNet": "None", "netInterestIncome": "None", "interestIncome": "None", "interestExpense": "228000000", "nonInterestIncome": "None", "otherNonOperatingIncome": "-1000000", "depreciation": "None", "depreciationAndAmortization": "280000000", "incomeBeforeTax": "306000000", "incomeTaxExpense": "163000000", "interestAndDebtExpense": "None", "netIncomeFromContinuingOperations": "143000000", "comprehensiveIncomeNetOfTax": "None", "ebit": "562000000", "ebitda": "842000000", "netIncome": "117000000"}, {"fiscalDateEnding": "2013-06-30", "reportedCurrency": "USD", "grossProfit": "870000000", "totalRevenue": "2929000000", "costOfRevenue": "2059000000", "costofGoodsAndServicesSold": "2059000000", "operatingIncome": "295000000", "sellingGeneralAndAdministrative": "213000000", "researchAndDevelopment": "20000000", "operatingExpenses": "538000000", "investmentIncomeNet": "None", "netInterestIncome": "None", "interestIncome": "None", "interestExpense": "206000000", "nonInterestIncome": "None", "otherNonOperatingIncome": "-13000000", "depreciation": "None", "depreciationAndAmortization": "408000000", "incomeBeforeTax": "76000000", "incomeTaxExpense": "-61000000", "interestAndDebtExpense": "None", "netIncomeFromContinuingOperations": "137000000", "comprehensiveIncomeNetOfTax": "None", "ebit": "282000000", "ebitda": "690000000", "netIncome": "121000000"}, {"fiscalDateEnding": "2013-03-31", "reportedCurrency": "USD", "grossProfit": "316000000", "totalRevenue": "2081000000", "costOfRevenue": "1765000000", "costofGoodsAndServicesSold": "1765000000", "operatingIncome": "-259000000", "sellingGeneralAndAdministrative": "229000000", "researchAndDevelopment": "16000000", "operatingExpenses": "543000000", "investmentIncomeNet": "None", "netInterestIncome": "None", "interestIncome": "None", "interestExpense": "196000000", "nonInterestIncome": "None", "otherNonOperatingIncome": "-21000000", "depreciation": "None", "depreciationAndAmortization": "335000000", "incomeBeforeTax": "-476000000", "incomeTaxExpense": "-149000000", "interestAndDebtExpense": "None", "netIncomeFromContinuingOperations": "-327000000", "comprehensiveIncomeNetOfTax": "None", "ebit": "-215000000", "ebitda": "120000000", "netIncome": "-328000000"}, {"fiscalDateEnding": "2012-12-31", "reportedCurrency": "USD", "grossProfit": "594000000", "totalRevenue": "2063000000", "costOfRevenue": "1469000000", "costofGoodsAndServicesSold": "1469000000", "operatingIncome": "37000000", "sellingGeneralAndAdministrative": "4000000", "researchAndDevelopment": "10000000", "operatingExpenses": "450000000", "investmentIncomeNet": "None", "netInterestIncome": "None", "interestIncome": "None", "interestExpense": "166000000", "nonInterestIncome": "None", "otherNonOperatingIncome": "566000000", "depreciation": "None", "depreciationAndAmortization": "295000000", "incomeBeforeTax": "437000000", "incomeTaxExpense": "-81000000", "interestAndDebtExpense": "None", "netIncomeFromContinuingOperations": "498000000", "comprehensiveIncomeNetOfTax": "None", "ebit": "603000000", "ebitda": "898000000", "netIncome": "514000000"}, {"fiscalDateEnding": "2012-09-30", "reportedCurrency": "USD", "grossProfit": "605000000", "totalRevenue": "2331000000", "costOfRevenue": "1726000000", "costofGoodsAndServicesSold": "1726000000", "operatingIncome": "86000000", "sellingGeneralAndAdministrative": "271000000", "researchAndDevelopment": "9000000", "operatingExpenses": "519000000", "investmentIncomeNet": "None", "netInterestIncome": "None", "interestIncome": "None", "interestExpense": "163000000", "nonInterestIncome": "None", "otherNonOperatingIncome": "-28000000", "depreciation": "None", "depreciationAndAmortization": "279000000", "incomeBeforeTax": "-105000000", "incomeTaxExpense": "-113000000", "interestAndDebtExpense": "None", "netIncomeFromContinuingOperations": "8000000", "comprehensiveIncomeNetOfTax": "None", "ebit": "90000000", "ebitda": "369000000", "netIncome": "-1000000"}, {"fiscalDateEnding": "2012-06-30", "reportedCurrency": "USD", "grossProfit": "847000000", "totalRevenue": "2166000000", "costOfRevenue": "1319000000", "costofGoodsAndServicesSold": "1319000000", "operatingIncome": "397000000", "sellingGeneralAndAdministrative": "207000000", "researchAndDevelopment": "9000000", "operatingExpenses": "450000000", "investmentIncomeNet": "None", "netInterestIncome": "None", "interestIncome": "None", "interestExpense": "167000000", "nonInterestIncome": "None", "otherNonOperatingIncome": "16000000", "depreciation": "None", "depreciationAndAmortization": "283000000", "incomeBeforeTax": "246000000", "incomeTaxExpense": "-13000000", "interestAndDebtExpense": "None", "netIncomeFromContinuingOperations": "259000000", "comprehensiveIncomeNetOfTax": "None", "ebit": "413000000", "ebitda": "696000000", "netIncome": "248000000"}, {"fiscalDateEnding": "2012-03-31", "reportedCurrency": "USD", "grossProfit": "289000000", "totalRevenue": "1862000000", "costOfRevenue": "1573000000", "costofGoodsAndServicesSold": "1573000000", "operatingIncome": "-170000000", "sellingGeneralAndAdministrative": "221000000", "researchAndDevelopment": "8000000", "operatingExpenses": "459000000", "investmentIncomeNet": "None", "netInterestIncome": "None", "interestIncome": "None", "interestExpense": "165000000", "nonInterestIncome": "None", "otherNonOperatingIncome": "9000000", "depreciation": "None", "depreciationAndAmortization": "272000000", "incomeBeforeTax": "-326000000", "incomeTaxExpense": "-120000000", "interestAndDebtExpense": "None", "netIncomeFromContinuingOperations": "-206000000", "comprehensiveIncomeNetOfTax": "None", "ebit": "-155000000", "ebitda": "117000000", "netIncome": "-207000000"}, {"fiscalDateEnding": "2011-12-31", "reportedCurrency": "USD", "grossProfit": "442000000", "totalRevenue": "2132000000", "costOfRevenue": "1690000000", "costofGoodsAndServicesSold": "1690000000", "operatingIncome": "9000000", "sellingGeneralAndAdministrative": "189000000", "researchAndDevelopment": "13000000", "operatingExpenses": "433000000", "investmentIncomeNet": "None", "netInterestIncome": "None", "interestIncome": "None", "interestExpense": "161000000", "nonInterestIncome": "None", "otherNonOperatingIncome": "707000000", "depreciation": "None", "depreciationAndAmortization": "280000000", "incomeBeforeTax": "-137000000", "incomeTaxExpense": "-28000000", "interestAndDebtExpense": "None", "netIncomeFromContinuingOperations": "-535000000", "comprehensiveIncomeNetOfTax": "None", "ebit": "32000000", "ebitda": "312000000", "netIncome": "-109000000"}, {"fiscalDateEnding": "2011-09-30", "reportedCurrency": "USD", "grossProfit": "621000000", "totalRevenue": "2674000000", "costOfRevenue": "2053000000", "costofGoodsAndServicesSold": "2053000000", "operatingIncome": "43000000", "sellingGeneralAndAdministrative": "169000000", "researchAndDevelopment": "11000000", "operatingExpenses": "418000000", "investmentIncomeNet": "None", "netInterestIncome": "None", "interestIncome": "None", "interestExpense": "164000000", "nonInterestIncome": "None", "otherNonOperatingIncome": "-178000000", "depreciation": "None", "depreciationAndAmortization": "238000000", "incomeBeforeTax": "-135000000", "incomeTaxExpense": "-80000000", "interestAndDebtExpense": "None", "netIncomeFromContinuingOperations": "-55000000", "comprehensiveIncomeNetOfTax": "None", "ebit": "66000000", "ebitda": "304000000", "netIncome": "-55000000"}, {"fiscalDateEnding": "2011-06-30", "reportedCurrency": "USD", "grossProfit": "670000000", "totalRevenue": "2278000000", "costOfRevenue": "1608000000", "costofGoodsAndServicesSold": "1608000000", "operatingIncome": "269000000", "sellingGeneralAndAdministrative": "167000000", "researchAndDevelopment": "12000000", "operatingExpenses": "401000000", "investmentIncomeNet": "None", "netInterestIncome": "None", "interestIncome": "None", "interestExpense": "167000000", "nonInterestIncome": "None", "otherNonOperatingIncome": "12000000", "depreciation": "None", "depreciationAndAmortization": "275000000", "incomeBeforeTax": "-9000000", "incomeTaxExpense": "-630000000", "interestAndDebtExpense": "None", "netIncomeFromContinuingOperations": "-639000000", "comprehensiveIncomeNetOfTax": "None", "ebit": "281000000", "ebitda": "556000000", "netIncome": "618000000"}, {"fiscalDateEnding": "2011-03-31", "reportedCurrency": "USD", "grossProfit": "671000000", "totalRevenue": "1995000000", "costOfRevenue": "1324000000", "costofGoodsAndServicesSold": "1324000000", "operatingIncome": "314000000", "sellingGeneralAndAdministrative": "143000000", "researchAndDevelopment": "9000000", "operatingExpenses": "357000000", "investmentIncomeNet": "None", "netInterestIncome": "None", "interestIncome": "None", "interestExpense": "173000000", "nonInterestIncome": "None", "otherNonOperatingIncome": "-506000000", "depreciation": "None", "depreciationAndAmortization": "264000000", "incomeBeforeTax": "-365000000", "incomeTaxExpense": "-105000000", "interestAndDebtExpense": "None", "netIncomeFromContinuingOperations": "-260000000", "comprehensiveIncomeNetOfTax": "None", "ebit": "-597000000", "ebitda": "-333000000", "netIncome": "-260000000"}, {"fiscalDateEnding": "2010-12-31", "reportedCurrency": "USD", "grossProfit": "546000000", "totalRevenue": "1816000000", "costOfRevenue": "1270000000", "costofGoodsAndServicesSold": "1270000000", "operatingIncome": "152000000", "sellingGeneralAndAdministrative": "157000000", "researchAndDevelopment": "19000000", "operatingExpenses": "394000000", "investmentIncomeNet": "None", "netInterestIncome": "None", "interestIncome": "None", "interestExpense": "163000000", "nonInterestIncome": "None", "otherNonOperatingIncome": "2000000", "depreciation": "None", "depreciationAndAmortization": "249000000", "incomeBeforeTax": "-9000000", "incomeTaxExpense": "6000000", "interestAndDebtExpense": "None", "netIncomeFromContinuingOperations": "-15000000", "comprehensiveIncomeNetOfTax": "None", "ebit": "154000000", "ebitda": "403000000", "netIncome": "-15000000"}, {"fiscalDateEnding": "2010-09-30", "reportedCurrency": "USD", "grossProfit": "850000000", "totalRevenue": "2685000000", "costOfRevenue": "1835000000", "costofGoodsAndServicesSold": "1835000000", "operatingIncome": "454000000", "sellingGeneralAndAdministrative": "172000000", "researchAndDevelopment": "14000000", "operatingExpenses": "396000000", "investmentIncomeNet": "None", "netInterestIncome": "None", "interestIncome": "None", "interestExpense": "169000000", "nonInterestIncome": "None", "otherNonOperatingIncome": "27000000", "depreciation": "None", "depreciationAndAmortization": "210000000", "incomeBeforeTax": "312000000", "incomeTaxExpense": "89000000", "interestAndDebtExpense": "None", "netIncomeFromContinuingOperations": "223000000", "comprehensiveIncomeNetOfTax": "None", "ebit": "480000000", "ebitda": "690000000", "netIncome": "221000000"}, {"fiscalDateEnding": "2010-06-30", "reportedCurrency": "USD", "grossProfit": "804000000", "totalRevenue": "2133000000", "costOfRevenue": "1329000000", "costofGoodsAndServicesSold": "1329000000", "operatingIncome": "444000000", "sellingGeneralAndAdministrative": "139000000", "researchAndDevelopment": "13000000", "operatingExpenses": "360000000", "investmentIncomeNet": "None", "netInterestIncome": "None", "interestIncome": "None", "interestExpense": "147000000", "nonInterestIncome": "None", "otherNonOperatingIncome": "30000000", "depreciation": "None", "depreciationAndAmortization": "218000000", "incomeBeforeTax": "327000000", "incomeTaxExpense": "117000000", "interestAndDebtExpense": "None", "netIncomeFromContinuingOperations": "210000000", "comprehensiveIncomeNetOfTax": "None", "ebit": "474000000", "ebitda": "692000000", "netIncome": "208000000"}, {"fiscalDateEnding": "2010-03-31", "reportedCurrency": "USD", "grossProfit": "576000000", "totalRevenue": "2215000000", "costOfRevenue": "1639000000", "costofGoodsAndServicesSold": "1639000000", "operatingIncome": "258000000", "sellingGeneralAndAdministrative": "130000000", "researchAndDevelopment": "9000000", "operatingExpenses": "341000000", "investmentIncomeNet": "None", "netInterestIncome": "None", "interestIncome": "None", "interestExpense": "153000000", "nonInterestIncome": "None", "otherNonOperatingIncome": "18000000", "depreciation": "None", "depreciationAndAmortization": "212000000", "incomeBeforeTax": "123000000", "incomeTaxExpense": "65000000", "interestAndDebtExpense": "None", "netIncomeFromContinuingOperations": "58000000", "comprehensiveIncomeNetOfTax": "None", "ebit": "276000000", "ebitda": "488000000", "netIncome": "56000000"}, {"fiscalDateEnding": "2009-12-31", "reportedCurrency": "USD", "grossProfit": "719000000", "totalRevenue": "2141000000", "costOfRevenue": "1422000000", "costofGoodsAndServicesSold": "1422000000", "operatingIncome": "314000000", "sellingGeneralAndAdministrative": "6000000", "researchAndDevelopment": "14000000", "operatingExpenses": "405000000", "investmentIncomeNet": "None", "netInterestIncome": "None", "interestIncome": "None", "interestExpense": "159000000", "nonInterestIncome": "None", "otherNonOperatingIncome": "None", "depreciation": "None", "depreciationAndAmortization": "306000000", "incomeBeforeTax": "147000000", "incomeTaxExpense": "114000000", "interestAndDebtExpense": "None", "netIncomeFromContinuingOperations": "0", "comprehensiveIncomeNetOfTax": "None", "ebit": "322000000", "ebitda": "628000000", "netIncome": "27000000"}, {"fiscalDateEnding": "2009-09-30", "reportedCurrency": "USD", "grossProfit": "1023000000", "totalRevenue": "2916000000", "costOfRevenue": "1893000000", "costofGoodsAndServicesSold": "1893000000", "operatingIncome": "611000000", "sellingGeneralAndAdministrative": "6000000", "researchAndDevelopment": "12000000", "operatingExpenses": "412000000", "investmentIncomeNet": "None", "netInterestIncome": "None", "interestIncome": "None", "interestExpense": "178000000", "nonInterestIncome": "None", "otherNonOperatingIncome": "11000000", "depreciation": "None", "depreciationAndAmortization": "285000000", "incomeBeforeTax": "444000000", "incomeTaxExpense": "166000000", "interestAndDebtExpense": "None", "netIncomeFromContinuingOperations": "278000000", "comprehensiveIncomeNetOfTax": "None", "ebit": "622000000", "ebitda": "907000000", "netIncome": "272000000"}, {"fiscalDateEnding": "2009-06-30", "reportedCurrency": "USD", "grossProfit": "995000000", "totalRevenue": "2237000000", "costOfRevenue": "1242000000", "costofGoodsAndServicesSold": "1242000000", "operatingIncome": "619000000", "sellingGeneralAndAdministrative": "131000000", "researchAndDevelopment": "9000000", "operatingExpenses": "376000000", "investmentIncomeNet": "None", "netInterestIncome": "None", "interestIncome": "None", "interestExpense": "159000000", "nonInterestIncome": "None", "otherNonOperatingIncome": "-6000000", "depreciation": "None", "depreciationAndAmortization": "213000000", "incomeBeforeTax": "582000000", "incomeTaxExpense": "150000000", "interestAndDebtExpense": "None", "netIncomeFromContinuingOperations": "432000000", "comprehensiveIncomeNetOfTax": "None", "ebit": "619000000", "ebitda": "832000000", "netIncome": "440000000"}, {"fiscalDateEnding": "2009-03-31", "reportedCurrency": "USD", "grossProfit": "892000000", "totalRevenue": "1658000000", "costOfRevenue": "766000000", "costofGoodsAndServicesSold": "766000000", "operatingIncome": "615000000", "sellingGeneralAndAdministrative": "95000000", "researchAndDevelopment": "13000000", "operatingExpenses": "277000000", "investmentIncomeNet": "None", "netInterestIncome": "None", "interestIncome": "None", "interestExpense": "138000000", "nonInterestIncome": "None", "otherNonOperatingIncome": "None", "depreciation": "None", "depreciationAndAmortization": "145000000", "incomeBeforeTax": "496000000", "incomeTaxExpense": "298000000", "interestAndDebtExpense": "None", "netIncomeFromContinuingOperations": "0", "comprehensiveIncomeNetOfTax": "None", "ebit": "639000000", "ebitda": "784000000", "netIncome": "184000000"}, {"fiscalDateEnding": "2008-12-31", "reportedCurrency": "USD", "grossProfit": "1577000000", "totalRevenue": "1577000000", "costOfRevenue": "889000000", "costofGoodsAndServicesSold": "889000000", "operatingIncome": "517000000", "sellingGeneralAndAdministrative": "319000000", "researchAndDevelopment": "0", "operatingExpenses": "-2538000000", "investmentIncomeNet": "None", "netInterestIncome": "None", "interestIncome": "None", "interestExpense": "806000000", "nonInterestIncome": "None", "otherNonOperatingIncome": "None", "depreciation": "None", "depreciationAndAmortization": "92000000", "incomeBeforeTax": "405000000", "incomeTaxExpense": "182000000", "interestAndDebtExpense": "None", "netIncomeFromContinuingOperations": "0", "comprehensiveIncomeNetOfTax": "None", "ebit": "704000000", "ebitda": "796000000", "netIncome": "209000000"}, {"fiscalDateEnding": "2008-09-30", "reportedCurrency": "USD", "grossProfit": "2690000000", "totalRevenue": "2690000000", "costOfRevenue": "1085000000", "costofGoodsAndServicesSold": "1085000000", "operatingIncome": "1449000000", "sellingGeneralAndAdministrative": "75000000", "researchAndDevelopment": "0", "operatingExpenses": "1241000000", "investmentIncomeNet": "None", "netInterestIncome": "None", "interestIncome": "None", "interestExpense": "186000000", "nonInterestIncome": "None", "otherNonOperatingIncome": "None", "depreciation": "None", "depreciationAndAmortization": "93000000", "incomeBeforeTax": "1314000000", "incomeTaxExpense": "530000000", "interestAndDebtExpense": "None", "netIncomeFromContinuingOperations": "0", "comprehensiveIncomeNetOfTax": "None", "ebit": "1461000000", "ebitda": "1554000000", "netIncome": "753000000"}, {"fiscalDateEnding": "2008-06-30", "reportedCurrency": "USD", "grossProfit": "305000000", "totalRevenue": "1316000000", "costOfRevenue": "1011000000", "costofGoodsAndServicesSold": "1011000000", "operatingIncome": "57000000", "sellingGeneralAndAdministrative": "83000000", "researchAndDevelopment": "4000000", "operatingExpenses": "1259000000", "investmentIncomeNet": "None", "netInterestIncome": "None", "interestIncome": "None", "interestExpense": "144000000", "nonInterestIncome": "None", "otherNonOperatingIncome": "None", "depreciation": "None", "depreciationAndAmortization": "108000000", "incomeBeforeTax": "-92000000", "incomeTaxExpense": "-53000000", "interestAndDebtExpense": "None", "netIncomeFromContinuingOperations": "0", "comprehensiveIncomeNetOfTax": "None", "ebit": "103000000", "ebitda": "211000000", "netIncome": "113000000"}, {"fiscalDateEnding": "2008-03-31", "reportedCurrency": "USD", "grossProfit": "498000000", "totalRevenue": "1302000000", "costOfRevenue": "804000000", "costofGoodsAndServicesSold": "804000000", "operatingIncome": "250000000", "sellingGeneralAndAdministrative": "75000000", "researchAndDevelopment": "12000000", "operatingExpenses": "1052000000", "investmentIncomeNet": "None", "netInterestIncome": "None", "interestIncome": "None", "interestExpense": "156000000", "nonInterestIncome": "None", "otherNonOperatingIncome": "None", "depreciation": "None", "depreciationAndAmortization": "125000000", "incomeBeforeTax": "102000000", "incomeTaxExpense": "54000000", "interestAndDebtExpense": "None", "netIncomeFromContinuingOperations": "0", "comprehensiveIncomeNetOfTax": "None", "ebit": "281000000", "ebitda": "406000000", "netIncome": "52000000"}, {"fiscalDateEnding": "2007-12-31", "reportedCurrency": "USD", "grossProfit": "1345000000", "totalRevenue": "1345000000", "costOfRevenue": "886000000", "costofGoodsAndServicesSold": "886000000", "operatingIncome": "312000000", "sellingGeneralAndAdministrative": "309000000", "researchAndDevelopment": "0", "operatingExpenses": "-2328000000", "investmentIncomeNet": "None", "netInterestIncome": "None", "interestIncome": "None", "interestExpense": "863000000", "nonInterestIncome": "None", "otherNonOperatingIncome": "None", "depreciation": "None", "depreciationAndAmortization": "72000000", "incomeBeforeTax": "160000000", "incomeTaxExpense": "73000000", "interestAndDebtExpense": "None", "netIncomeFromContinuingOperations": "0", "comprehensiveIncomeNetOfTax": "None", "ebit": "-608000000", "ebitda": "-536000000", "netIncome": "90000000"}, {"fiscalDateEnding": "2007-09-30", "reportedCurrency": "USD", "grossProfit": "1786000000", "totalRevenue": "1786000000", "costOfRevenue": "1066000000", "costofGoodsAndServicesSold": "1066000000", "operatingIncome": "554000000", "sellingGeneralAndAdministrative": "79000000", "researchAndDevelopment": "0", "operatingExpenses": "1232000000", "investmentIncomeNet": "None", "netInterestIncome": "None", "interestIncome": "None", "interestExpense": "173000000", "nonInterestIncome": "None", "otherNonOperatingIncome": "None", "depreciation": "None", "depreciationAndAmortization": "151000000", "incomeBeforeTax": "415000000", "incomeTaxExpense": "147000000", "interestAndDebtExpense": "None", "netIncomeFromContinuingOperations": "0", "comprehensiveIncomeNetOfTax": "None", "ebit": "564000000", "ebitda": "715000000", "netIncome": "255000000"}, {"fiscalDateEnding": "2007-06-30", "reportedCurrency": "USD", "grossProfit": "1548000000", "totalRevenue": "1548000000", "costOfRevenue": "947000000", "costofGoodsAndServicesSold": "947000000", "operatingIncome": "438000000", "sellingGeneralAndAdministrative": "71000000", "researchAndDevelopment": "0", "operatingExpenses": "1110000000", "investmentIncomeNet": "None", "netInterestIncome": "None", "interestIncome": "None", "interestExpense": "174000000", "nonInterestIncome": "None", "otherNonOperatingIncome": "None", "depreciation": "None", "depreciationAndAmortization": "179000000", "incomeBeforeTax": "250000000", "incomeTaxExpense": "101000000", "interestAndDebtExpense": "None", "netIncomeFromContinuingOperations": "0", "comprehensiveIncomeNetOfTax": "None", "ebit": "393000000", "ebitda": "572000000", "netIncome": "135000000"}, {"fiscalDateEnding": "2007-03-31", "reportedCurrency": "USD", "grossProfit": "1310000000", "totalRevenue": "1310000000", "costOfRevenue": "889000000", "costofGoodsAndServicesSold": "889000000", "operatingIncome": "256000000", "sellingGeneralAndAdministrative": "57000000", "researchAndDevelopment": "0", "operatingExpenses": "1054000000", "investmentIncomeNet": "None", "netInterestIncome": "None", "interestIncome": "None", "interestExpense": "115000000", "nonInterestIncome": "None", "otherNonOperatingIncome": "None", "depreciation": "None", "depreciationAndAmortization": "161000000", "incomeBeforeTax": "121000000", "incomeTaxExpense": "56000000", "interestAndDebtExpense": "None", "netIncomeFromContinuingOperations": "0", "comprehensiveIncomeNetOfTax": "None", "ebit": "250000000", "ebitda": "411000000", "netIncome": "51000000"}, {"fiscalDateEnding": "2006-12-31", "reportedCurrency": "USD", "grossProfit": "1144000000", "totalRevenue": "1144000000", "costOfRevenue": "894000000", "costofGoodsAndServicesSold": "894000000", "operatingIncome": "100000000", "sellingGeneralAndAdministrative": "316000000", "researchAndDevelopment": "0", "operatingExpenses": "1044000000", "investmentIncomeNet": "None", "netInterestIncome": "None", "interestIncome": "None", "interestExpense": "179000000", "nonInterestIncome": "None", "otherNonOperatingIncome": "None", "depreciation": "None", "depreciationAndAmortization": "123000000", "incomeBeforeTax": "-32000000", "incomeTaxExpense": "1000000", "interestAndDebtExpense": "None", "netIncomeFromContinuingOperations": "0", "comprehensiveIncomeNetOfTax": "None", "ebit": "127000000", "ebitda": "250000000", "netIncome": "-30000000"}, {"fiscalDateEnding": "2006-09-30", "reportedCurrency": "USD", "grossProfit": "2000000000", "totalRevenue": "2000000000", "costOfRevenue": "1075000000", "costofGoodsAndServicesSold": "1075000000", "operatingIncome": "715000000", "sellingGeneralAndAdministrative": "79000000", "researchAndDevelopment": "0", "operatingExpenses": "1285000000", "investmentIncomeNet": "None", "netInterestIncome": "None", "interestIncome": "None", "interestExpense": "154000000", "nonInterestIncome": "None", "otherNonOperatingIncome": "None", "depreciation": "None", "depreciationAndAmortization": "12000000", "incomeBeforeTax": "608000000", "incomeTaxExpense": "235000000", "interestAndDebtExpense": "None", "netIncomeFromContinuingOperations": "0", "comprehensiveIncomeNetOfTax": "None", "ebit": "804000000", "ebitda": "816000000", "netIncome": "408000000"}, {"fiscalDateEnding": "2006-06-30", "reportedCurrency": "USD", "grossProfit": "1423000000", "totalRevenue": "1423000000", "costOfRevenue": "915000000", "costofGoodsAndServicesSold": "915000000", "operatingIncome": "430000000", "sellingGeneralAndAdministrative": "83000000", "researchAndDevelopment": "0", "operatingExpenses": "993000000", "investmentIncomeNet": "None", "netInterestIncome": "None", "interestIncome": "None", "interestExpense": "152000000", "nonInterestIncome": "None", "otherNonOperatingIncome": "None", "depreciation": "None", "depreciationAndAmortization": "-25000000", "incomeBeforeTax": "294000000", "incomeTaxExpense": "90000000", "interestAndDebtExpense": "None", "netIncomeFromContinuingOperations": "0", "comprehensiveIncomeNetOfTax": "None", "ebit": "344000000", "ebitda": "319000000", "netIncome": "190000000"}, {"fiscalDateEnding": "2006-03-31", "reportedCurrency": "USD", "grossProfit": "1144000000", "totalRevenue": "1144000000", "costOfRevenue": "708000000", "costofGoodsAndServicesSold": "708000000", "operatingIncome": "215000000", "sellingGeneralAndAdministrative": "61000000", "researchAndDevelopment": "0", "operatingExpenses": "929000000", "investmentIncomeNet": "None", "netInterestIncome": "None", "interestIncome": "None", "interestExpense": "118000000", "nonInterestIncome": "None", "otherNonOperatingIncome": "None", "depreciation": "None", "depreciationAndAmortization": "147000000", "incomeBeforeTax": "18000000", "incomeTaxExpense": "-8000000", "interestAndDebtExpense": "None", "netIncomeFromContinuingOperations": "0", "comprehensiveIncomeNetOfTax": "None", "ebit": "253000000", "ebitda": "400000000", "netIncome": "26000000"}, {"fiscalDateEnding": "2005-12-31", "reportedCurrency": "USD", "grossProfit": "765172000", "totalRevenue": "765172000", "costOfRevenue": "505000000", "costofGoodsAndServicesSold": "505000000", "operatingIncome": "162518000", "sellingGeneralAndAdministrative": "197000000", "researchAndDevelopment": "0", "operatingExpenses": "602654000", "investmentIncomeNet": "None", "netInterestIncome": "None", "interestIncome": "None", "interestExpense": "46402000", "nonInterestIncome": "None", "otherNonOperatingIncome": "None", "depreciation": "None", "depreciationAndAmortization": "68751000", "incomeBeforeTax": "91808000", "incomeTaxExpense": "21799000", "interestAndDebtExpense": "None", "netIncomeFromContinuingOperations": "0", "comprehensiveIncomeNetOfTax": "None", "ebit": "162518000", "ebitda": "231269000", "netIncome": "56669000"}, {"fiscalDateEnding": "2005-09-30", "reportedCurrency": "USD", "grossProfit": "765316000", "totalRevenue": "765316000", "costOfRevenue": "646000000", "costofGoodsAndServicesSold": "646000000", "operatingIncome": "-784000", "sellingGeneralAndAdministrative": "47185000", "researchAndDevelopment": "0", "operatingExpenses": "766100000", "investmentIncomeNet": "None", "netInterestIncome": "None", "interestIncome": "None", "interestExpense": "45791000", "nonInterestIncome": "None", "otherNonOperatingIncome": "None", "depreciation": "None", "depreciationAndAmortization": "56260000", "incomeBeforeTax": "-28234000", "incomeTaxExpense": "8511000", "interestAndDebtExpense": "None", "netIncomeFromContinuingOperations": "0", "comprehensiveIncomeNetOfTax": "None", "ebit": "-8260000", "ebitda": "48000000", "netIncome": "-26881000"}, {"fiscalDateEnding": "2005-06-30", "reportedCurrency": "USD", "grossProfit": "584567000", "totalRevenue": "584567000", "costOfRevenue": "412000000", "costofGoodsAndServicesSold": "412000000", "operatingIncome": "46505000", "sellingGeneralAndAdministrative": "53164000", "researchAndDevelopment": "0", "operatingExpenses": "538062000", "investmentIncomeNet": "None", "netInterestIncome": "None", "interestIncome": "None", "interestExpense": "50560000", "nonInterestIncome": "None", "otherNonOperatingIncome": "None", "depreciation": "None", "depreciationAndAmortization": "57005000", "incomeBeforeTax": "31213000", "incomeTaxExpense": "8081000", "interestAndDebtExpense": "None", "netIncomeFromContinuingOperations": "0", "comprehensiveIncomeNetOfTax": "None", "ebit": "54995000", "ebitda": "112000000", "netIncome": "20000000"}, {"fiscalDateEnding": "2005-03-31", "reportedCurrency": "USD", "grossProfit": "601142000", "totalRevenue": "601142000", "costOfRevenue": "456000000", "costofGoodsAndServicesSold": "456000000", "operatingIncome": "49902000", "sellingGeneralAndAdministrative": "49894000", "researchAndDevelopment": "0", "operatingExpenses": "551240000", "investmentIncomeNet": "None", "netInterestIncome": "None", "interestIncome": "None", "interestExpense": "55991000", "nonInterestIncome": "None", "otherNonOperatingIncome": "None", "depreciation": "None", "depreciationAndAmortization": "63984000", "incomeBeforeTax": "27424000", "incomeTaxExpense": "4802000", "interestAndDebtExpense": "None", "netIncomeFromContinuingOperations": "0", "comprehensiveIncomeNetOfTax": "None", "ebit": "44016000", "ebitda": "108000000", "netIncome": "19000000"}, {"fiscalDateEnding": "2004-12-31", "reportedCurrency": "USD", "grossProfit": "580873000", "totalRevenue": "580873000", "costOfRevenue": "450848000", "costofGoodsAndServicesSold": "450848000", "operatingIncome": "-4261000", "sellingGeneralAndAdministrative": "211240000", "researchAndDevelopment": "0", "operatingExpenses": "585134000", "investmentIncomeNet": "None", "netInterestIncome": "None", "interestIncome": "None", "interestExpense": "371546000", "nonInterestIncome": "None", "otherNonOperatingIncome": "None", "depreciation": "None", "depreciationAndAmortization": "61704000", "incomeBeforeTax": "18215000", "incomeTaxExpense": "246000", "interestAndDebtExpense": "None", "netIncomeFromContinuingOperations": "0", "comprehensiveIncomeNetOfTax": "None", "ebit": "-4261000", "ebitda": "57443000", "netIncome": "18137000"}]}