{"symbol": "LEN", "annualReports": [{"fiscalDateEnding": "2024-11-30", "reportedCurrency": "USD", "grossProfit": "5498959000", "totalRevenue": "35441452000", "costOfRevenue": "29942493000", "costofGoodsAndServicesSold": "29942493000", "operatingIncome": "4849973000", "sellingGeneralAndAdministrative": "648986000", "researchAndDevelopment": "None", "operatingExpenses": "648986000", "investmentIncomeNet": "None", "netInterestIncome": "None", "interestIncome": "None", "interestExpense": "179992000", "nonInterestIncome": "None", "otherNonOperatingIncome": "None", "depreciation": "None", "depreciationAndAmortization": "115528000", "incomeBeforeTax": "5184908000", "incomeTaxExpense": "1217253000", "interestAndDebtExpense": "None", "netIncomeFromContinuingOperations": "3967655000", "comprehensiveIncomeNetOfTax": "None", "ebit": "4849973000", "ebitda": "4965501000", "netIncome": "3932533000"}, {"fiscalDateEnding": "2023-11-30", "reportedCurrency": "USD", "grossProfit": "33984344000", "totalRevenue": "34233366000", "costOfRevenue": "249022000", "costofGoodsAndServicesSold": "249022000", "operatingIncome": "5527707000", "sellingGeneralAndAdministrative": "501338000", "researchAndDevelopment": "None", "operatingExpenses": "501338000", "investmentIncomeNet": "None", "netInterestIncome": "None", "interestIncome": "None", "interestExpense": "257893000", "nonInterestIncome": "None", "otherNonOperatingIncome": "None", "depreciation": "None", "depreciationAndAmortization": "110164000", "incomeBeforeTax": "5202304000", "incomeTaxExpense": "1241013000", "interestAndDebtExpense": "None", "netIncomeFromContinuingOperations": "3961291000", "comprehensiveIncomeNetOfTax": "None", "ebit": "5527707000", "ebitda": "5527707000", "netIncome": "3938511000"}, {"fiscalDateEnding": "2022-11-30", "reportedCurrency": "USD", "grossProfit": "7202144000", "totalRevenue": "33671010000", "costOfRevenue": "26468866000", "costofGoodsAndServicesSold": "26468866000", "operatingIncome": "6721247000", "sellingGeneralAndAdministrative": "414498000", "researchAndDevelopment": "None", "operatingExpenses": "26949763000", "investmentIncomeNet": "None", "netInterestIncome": "None", "interestIncome": "None", "interestExpense": "1023928000", "nonInterestIncome": "None", "otherNonOperatingIncome": "-1341974000", "depreciation": "None", "depreciationAndAmortization": "87075000", "incomeBeforeTax": "6014566000", "incomeTaxExpense": "1366065000", "interestAndDebtExpense": "None", "netIncomeFromContinuingOperations": "4682877000", "comprehensiveIncomeNetOfTax": "None", "ebit": "5980190000", "ebitda": "6067265000", "netIncome": "4614125000"}, {"fiscalDateEnding": "2021-11-30", "reportedCurrency": "USD", "grossProfit": "5536639000", "totalRevenue": "27130676000", "costOfRevenue": "21594037000", "costofGoodsAndServicesSold": "21594037000", "operatingIncome": "5078433000", "sellingGeneralAndAdministrative": "398381000", "researchAndDevelopment": "None", "operatingExpenses": "22052243000", "investmentIncomeNet": "None", "netInterestIncome": "None", "interestIncome": "None", "interestExpense": "213917000", "nonInterestIncome": "None", "otherNonOperatingIncome": "732835000", "depreciation": "None", "depreciationAndAmortization": "85954000", "incomeBeforeTax": "5819058000", "incomeTaxExpense": "1362509000", "interestAndDebtExpense": "None", "netIncomeFromContinuingOperations": "4456549000", "comprehensiveIncomeNetOfTax": "None", "ebit": "5792620000", "ebitda": "5878574000", "netIncome": "4430111000"}, {"fiscalDateEnding": "2020-11-30", "reportedCurrency": "USD", "grossProfit": "3474108000", "totalRevenue": "22488854000", "costOfRevenue": "19014746000", "costofGoodsAndServicesSold": "19014746000", "operatingIncome": "3115690000", "sellingGeneralAndAdministrative": "358418000", "researchAndDevelopment": "None", "operatingExpenses": "19373164000", "investmentIncomeNet": "None", "netInterestIncome": "-22401000", "interestIncome": "None", "interestExpense": "22401000", "nonInterestIncome": "None", "otherNonOperatingIncome": "-90000", "depreciation": "None", "depreciationAndAmortization": "94553000", "incomeBeforeTax": "3123788000", "incomeTaxExpense": "656235000", "interestAndDebtExpense": "None", "netIncomeFromContinuingOperations": "2467553000", "comprehensiveIncomeNetOfTax": "None", "ebit": "3143672000", "ebitda": "3238225000", "netIncome": "2465036000"}, {"fiscalDateEnding": "2019-11-30", "reportedCurrency": "USD", "grossProfit": "2802295000", "totalRevenue": "22259561000", "costOfRevenue": "19457266000", "costofGoodsAndServicesSold": "19457266000", "operatingIncome": "2481107000", "sellingGeneralAndAdministrative": "321188000", "researchAndDevelopment": "None", "operatingExpenses": "321188000", "investmentIncomeNet": "None", "netInterestIncome": "-17620000", "interestIncome": "None", "interestExpense": "17620000", "nonInterestIncome": "None", "otherNonOperatingIncome": "-37754000", "depreciation": "None", "depreciationAndAmortization": "92200000", "incomeBeforeTax": "2434292000", "incomeTaxExpense": "592173000", "interestAndDebtExpense": "None", "netIncomeFromContinuingOperations": "3026465000", "comprehensiveIncomeNetOfTax": "None", "ebit": "2481107000", "ebitda": "2573307000", "netIncome": "1849052000"}, {"fiscalDateEnding": "2018-11-30", "reportedCurrency": "USD", "grossProfit": "2334185000", "totalRevenue": "20571631000", "costOfRevenue": "18237446000", "costofGoodsAndServicesSold": "18237446000", "operatingIncome": "1990251000", "sellingGeneralAndAdministrative": "343934000", "researchAndDevelopment": "None", "operatingExpenses": "343934000", "investmentIncomeNet": "None", "netInterestIncome": "-11258000", "interestIncome": "None", "interestExpense": "11258000", "nonInterestIncome": "None", "otherNonOperatingIncome": "409672000", "depreciation": "None", "depreciationAndAmortization": "91181000", "incomeBeforeTax": "2262684000", "incomeTaxExpense": "545171000", "interestAndDebtExpense": "None", "netIncomeFromContinuingOperations": "2807855000", "comprehensiveIncomeNetOfTax": "None", "ebit": "1990251000", "ebitda": "2081432000", "netIncome": "1695831000"}, {"fiscalDateEnding": "2017-11-30", "reportedCurrency": "USD", "grossProfit": "1624884000", "totalRevenue": "12646365000", "costOfRevenue": "11021481000", "costofGoodsAndServicesSold": "11021481000", "operatingIncome": "1475500000", "sellingGeneralAndAdministrative": "285889000", "researchAndDevelopment": "0", "operatingExpenses": "285889000", "investmentIncomeNet": "None", "netInterestIncome": "-7164000", "interestIncome": "None", "interestExpense": "7164000", "nonInterestIncome": "None", "otherNonOperatingIncome": "-9384000", "depreciation": "None", "depreciationAndAmortization": "66324000", "incomeBeforeTax": "1189611000", "incomeTaxExpense": "417857000", "interestAndDebtExpense": "None", "netIncomeFromContinuingOperations": "1607468000", "comprehensiveIncomeNetOfTax": "None", "ebit": "1475500000", "ebitda": "1541824000", "netIncome": "810480000"}, {"fiscalDateEnding": "2016-11-30", "reportedCurrency": "USD", "grossProfit": "1494925000", "totalRevenue": "10949999000", "costOfRevenue": "9455074000", "costofGoodsAndServicesSold": "9455074000", "operatingIncome": "1262363000", "sellingGeneralAndAdministrative": "232562000", "researchAndDevelopment": "None", "operatingExpenses": "232562000", "investmentIncomeNet": "None", "netInterestIncome": "-4626000", "interestIncome": "None", "interestExpense": "4626000", "nonInterestIncome": "None", "otherNonOperatingIncome": "72732000", "depreciation": "None", "depreciationAndAmortization": "50219000", "incomeBeforeTax": "1330469000", "incomeTaxExpense": "417378000", "interestAndDebtExpense": "None", "netIncomeFromContinuingOperations": "1747847000", "comprehensiveIncomeNetOfTax": "None", "ebit": "1262363000", "ebitda": "1312582000", "netIncome": "911844000"}, {"fiscalDateEnding": "2015-11-30", "reportedCurrency": "USD", "grossProfit": "1302260000", "totalRevenue": "9474008000", "costOfRevenue": "8171748000", "costofGoodsAndServicesSold": "8171748000", "operatingIncome": "1086016000", "sellingGeneralAndAdministrative": "216244000", "researchAndDevelopment": "0", "operatingExpenses": "216244000", "investmentIncomeNet": "None", "netInterestIncome": "None", "interestIncome": "None", "interestExpense": "12454000", "nonInterestIncome": "None", "otherNonOperatingIncome": "105184000", "depreciation": "None", "depreciationAndAmortization": "43666000", "incomeBeforeTax": "1209616000", "incomeTaxExpense": "390416000", "interestAndDebtExpense": "None", "netIncomeFromContinuingOperations": "1600032000", "comprehensiveIncomeNetOfTax": "None", "ebit": "1222070000", "ebitda": "1265736000", "netIncome": "802894000"}, {"fiscalDateEnding": "2014-11-30", "reportedCurrency": "USD", "grossProfit": "1099199000", "totalRevenue": "7779812000", "costOfRevenue": "6680613000", "costofGoodsAndServicesSold": "6680613000", "operatingIncome": "922038000", "sellingGeneralAndAdministrative": "177161000", "researchAndDevelopment": "0", "operatingExpenses": "177161000", "investmentIncomeNet": "None", "netInterestIncome": "None", "interestIncome": "None", "interestExpense": "36551000", "nonInterestIncome": "None", "otherNonOperatingIncome": "73376000", "depreciation": "None", "depreciationAndAmortization": "38542000", "incomeBeforeTax": "969784000", "incomeTaxExpense": "341091000", "interestAndDebtExpense": "None", "netIncomeFromContinuingOperations": "1310875000", "comprehensiveIncomeNetOfTax": "None", "ebit": "1006335000", "ebitda": "1044877000", "netIncome": "638916000"}, {"fiscalDateEnding": "2013-11-30", "reportedCurrency": "USD", "grossProfit": "831896000", "totalRevenue": "5935095000", "costOfRevenue": "5103199000", "costofGoodsAndServicesSold": "5103199000", "operatingIncome": "685836000", "sellingGeneralAndAdministrative": "146060000", "researchAndDevelopment": "0", "operatingExpenses": "146060000", "investmentIncomeNet": "None", "netInterestIncome": "None", "interestIncome": "None", "interestExpense": "93913000", "nonInterestIncome": "None", "otherNonOperatingIncome": "90018000", "depreciation": "None", "depreciationAndAmortization": "30349000", "incomeBeforeTax": "681941000", "incomeTaxExpense": "177015000", "interestAndDebtExpense": "None", "netIncomeFromContinuingOperations": "858956000", "comprehensiveIncomeNetOfTax": "None", "ebit": "775854000", "ebitda": "806203000", "netIncome": "479674000"}, {"fiscalDateEnding": "2012-11-30", "reportedCurrency": "USD", "grossProfit": "443634000", "totalRevenue": "4105132000", "costOfRevenue": "3661498000", "costofGoodsAndServicesSold": "3661498000", "operatingIncome": "316296000", "sellingGeneralAndAdministrative": "127338000", "researchAndDevelopment": "0", "operatingExpenses": "127338000", "investmentIncomeNet": "None", "netInterestIncome": "None", "interestIncome": "None", "interestExpense": "94353000", "nonInterestIncome": "None", "otherNonOperatingIncome": "-5709000", "depreciation": "None", "depreciationAndAmortization": "28081000", "incomeBeforeTax": "222114000", "incomeTaxExpense": "-435218000", "interestAndDebtExpense": "None", "netIncomeFromContinuingOperations": "657332000", "comprehensiveIncomeNetOfTax": "None", "ebit": "316467000", "ebitda": "344548000", "netIncome": "679124000"}, {"fiscalDateEnding": "2011-11-30", "reportedCurrency": "USD", "grossProfit": "198729000", "totalRevenue": "3095385000", "costOfRevenue": "2896656000", "costofGoodsAndServicesSold": "2896656000", "operatingIncome": "103473000", "sellingGeneralAndAdministrative": "95256000", "researchAndDevelopment": "0", "operatingExpenses": "95256000", "investmentIncomeNet": "None", "netInterestIncome": "None", "interestIncome": "None", "interestExpense": "90650000", "nonInterestIncome": "None", "otherNonOperatingIncome": "None", "depreciation": "None", "depreciationAndAmortization": "21500000", "incomeBeforeTax": "97974000", "incomeTaxExpense": "-14570000", "interestAndDebtExpense": "None", "netIncomeFromContinuingOperations": "None", "comprehensiveIncomeNetOfTax": "None", "ebit": "188624000", "ebitda": "210124000", "netIncome": "92199000"}, {"fiscalDateEnding": "2010-11-30", "reportedCurrency": "USD", "grossProfit": "218293000", "totalRevenue": "3074022000", "costOfRevenue": "2855729000", "costofGoodsAndServicesSold": "2855729000", "operatingIncome": "124367000", "sellingGeneralAndAdministrative": "93926000", "researchAndDevelopment": "0", "operatingExpenses": "93926000", "investmentIncomeNet": "None", "netInterestIncome": "None", "interestIncome": "None", "interestExpense": "70425000", "nonInterestIncome": "None", "otherNonOperatingIncome": "40783000", "depreciation": "None", "depreciationAndAmortization": "13520000", "incomeBeforeTax": "94725000", "incomeTaxExpense": "-25734000", "interestAndDebtExpense": "None", "netIncomeFromContinuingOperations": "120459000", "comprehensiveIncomeNetOfTax": "None", "ebit": "165150000", "ebitda": "178670000", "netIncome": "95261000"}, {"fiscalDateEnding": "2009-11-30", "reportedCurrency": "USD", "grossProfit": "-342647000", "totalRevenue": "3119387000", "costOfRevenue": "3462034000", "costofGoodsAndServicesSold": "3462034000", "operatingIncome": "-460212000", "sellingGeneralAndAdministrative": "129752000", "researchAndDevelopment": "None", "operatingExpenses": "117565000", "investmentIncomeNet": "None", "netInterestIncome": "None", "interestIncome": "None", "interestExpense": "70850000", "nonInterestIncome": "None", "otherNonOperatingIncome": "None", "depreciation": "None", "depreciationAndAmortization": "19905000", "incomeBeforeTax": "-760404000", "incomeTaxExpense": "-314345000", "interestAndDebtExpense": "None", "netIncomeFromContinuingOperations": "None", "comprehensiveIncomeNetOfTax": "None", "ebit": "-689554000", "ebitda": "-669649000", "netIncome": "-417147000"}, {"fiscalDateEnding": "2008-11-30", "reportedCurrency": "USD", "grossProfit": "-309833000", "totalRevenue": "4575417000", "costOfRevenue": "4885250000", "costofGoodsAndServicesSold": "4885250000", "operatingIncome": "-439585000", "sellingGeneralAndAdministrative": "129752000", "researchAndDevelopment": "None", "operatingExpenses": "129752000", "investmentIncomeNet": "None", "netInterestIncome": "None", "interestIncome": "None", "interestExpense": "27594000", "nonInterestIncome": "None", "otherNonOperatingIncome": "None", "depreciation": "None", "depreciationAndAmortization": "32399000", "incomeBeforeTax": "-565625000", "incomeTaxExpense": "547557000", "interestAndDebtExpense": "None", "netIncomeFromContinuingOperations": "None", "comprehensiveIncomeNetOfTax": "None", "ebit": "-538031000", "ebitda": "-505632000", "netIncome": "-1109085000"}, {"fiscalDateEnding": "2007-11-30", "reportedCurrency": "USD", "grossProfit": "-2452705000", "totalRevenue": "10186781000", "costOfRevenue": "12639486000", "costofGoodsAndServicesSold": "12639486000", "operatingIncome": "-2625907000", "sellingGeneralAndAdministrative": "173202000", "researchAndDevelopment": "None", "operatingExpenses": "173202000", "investmentIncomeNet": "None", "netInterestIncome": "None", "interestIncome": "None", "interestExpense": "1927000", "nonInterestIncome": "None", "otherNonOperatingIncome": "None", "depreciation": "None", "depreciationAndAmortization": "56764000", "incomeBeforeTax": "-3081081000", "incomeTaxExpense": "-1140000000", "interestAndDebtExpense": "None", "netIncomeFromContinuingOperations": "None", "comprehensiveIncomeNetOfTax": "None", "ebit": "-2625907000", "ebitda": "-2569143000", "netIncome": "-1941081000"}, {"fiscalDateEnding": "2006-11-30", "reportedCurrency": "USD", "grossProfit": "1095278000", "totalRevenue": "16266662000", "costOfRevenue": "15171384000", "costofGoodsAndServicesSold": "15171384000", "operatingIncome": "901971000", "sellingGeneralAndAdministrative": "187257000", "researchAndDevelopment": "None", "operatingExpenses": "193307000", "investmentIncomeNet": "None", "netInterestIncome": "None", "interestIncome": "None", "interestExpense": "45030000", "nonInterestIncome": "None", "otherNonOperatingIncome": "None", "depreciation": "None", "depreciationAndAmortization": "50011000", "incomeBeforeTax": "942649000", "incomeTaxExpense": "348780000", "interestAndDebtExpense": "None", "netIncomeFromContinuingOperations": "None", "comprehensiveIncomeNetOfTax": "None", "ebit": "901971000", "ebitda": "951982000", "netIncome": "593869000"}, {"fiscalDateEnding": "2005-11-30", "reportedCurrency": "USD", "grossProfit": "1511595000", "totalRevenue": "10504899000", "costOfRevenue": "8993304000", "costofGoodsAndServicesSold": "8993304000", "operatingIncome": "8702388000", "sellingGeneralAndAdministrative": "141722000", "researchAndDevelopment": "None", "operatingExpenses": "141722000", "investmentIncomeNet": "None", "netInterestIncome": "None", "interestIncome": "None", "interestExpense": "0", "nonInterestIncome": "None", "otherNonOperatingIncome": "None", "depreciation": "None", "depreciationAndAmortization": "73286000", "incomeBeforeTax": "1519067000", "incomeTaxExpense": "573448000", "interestAndDebtExpense": "None", "netIncomeFromContinuingOperations": "None", "comprehensiveIncomeNetOfTax": "None", "ebit": "1311418000", "ebitda": "1384704000", "netIncome": "945619000"}], "quarterlyReports": [{"fiscalDateEnding": "2025-02-28", "reportedCurrency": "USD", "grossProfit": "861051000", "totalRevenue": "7631545000", "costOfRevenue": "6770494000", "costofGoodsAndServicesSold": "6770494000", "operatingIncome": "713673000", "sellingGeneralAndAdministrative": "147378000", "researchAndDevelopment": "None", "operatingExpenses": "147378000", "investmentIncomeNet": "None", "netInterestIncome": "None", "interestIncome": "None", "interestExpense": "31646000", "nonInterestIncome": "None", "otherNonOperatingIncome": "None", "depreciation": "None", "depreciationAndAmortization": "None", "incomeBeforeTax": "698238000", "incomeTaxExpense": "169525000", "interestAndDebtExpense": "None", "netIncomeFromContinuingOperations": "528713000", "comprehensiveIncomeNetOfTax": "None", "ebit": "None", "ebitda": "713673000", "netIncome": "519526000"}, {"fiscalDateEnding": "2024-11-30", "reportedCurrency": "USD", "grossProfit": "1556118000", "totalRevenue": "9946888000", "costOfRevenue": "8390770000", "costofGoodsAndServicesSold": "8390770000", "operatingIncome": "1386107000", "sellingGeneralAndAdministrative": "170011000", "researchAndDevelopment": "None", "operatingExpenses": "170011000", "investmentIncomeNet": "None", "netInterestIncome": "None", "interestIncome": "None", "interestExpense": "44014000", "nonInterestIncome": "None", "otherNonOperatingIncome": "None", "depreciation": "None", "depreciationAndAmortization": "30409000", "incomeBeforeTax": "1457932000", "incomeTaxExpense": "358058000", "interestAndDebtExpense": "None", "netIncomeFromContinuingOperations": "1099874000", "comprehensiveIncomeNetOfTax": "None", "ebit": "1386107000", "ebitda": "1416516000", "netIncome": "1096214000"}, {"fiscalDateEnding": "2024-08-31", "reportedCurrency": "USD", "grossProfit": "1472246000", "totalRevenue": "9416042000", "costOfRevenue": "7943796000", "costofGoodsAndServicesSold": "7943796000", "operatingIncome": "1307574000", "sellingGeneralAndAdministrative": "164672000", "researchAndDevelopment": "None", "operatingExpenses": "164672000", "investmentIncomeNet": "None", "netInterestIncome": "None", "interestIncome": "None", "interestExpense": "43784000", "nonInterestIncome": "None", "otherNonOperatingIncome": "None", "depreciation": "None", "depreciationAndAmortization": "29373000", "incomeBeforeTax": "1535133000", "incomeTaxExpense": "347859000", "interestAndDebtExpense": "None", "netIncomeFromContinuingOperations": "1187274000", "comprehensiveIncomeNetOfTax": "None", "ebit": "1307574000", "ebitda": "1336947000", "netIncome": "1162674000"}, {"fiscalDateEnding": "2024-05-31", "reportedCurrency": "USD", "grossProfit": "1395380000", "totalRevenue": "8765592000", "costOfRevenue": "7370212000", "costofGoodsAndServicesSold": "7370212000", "operatingIncome": "1238398000", "sellingGeneralAndAdministrative": "156982000", "researchAndDevelopment": "None", "operatingExpenses": "156982000", "investmentIncomeNet": "None", "netInterestIncome": "None", "interestIncome": "None", "interestExpense": "None", "nonInterestIncome": "None", "otherNonOperatingIncome": "None", "depreciation": "None", "depreciationAndAmortization": "28607000", "incomeBeforeTax": "1261057000", "incomeTaxExpense": "300471000", "interestAndDebtExpense": "None", "netIncomeFromContinuingOperations": "960586000", "comprehensiveIncomeNetOfTax": "None", "ebit": "1238398000", "ebitda": "1267005000", "netIncome": "954311000"}, {"fiscalDateEnding": "2024-02-29", "reportedCurrency": "USD", "grossProfit": "1075215000", "totalRevenue": "7312930000", "costOfRevenue": "6237715000", "costofGoodsAndServicesSold": "6237715000", "operatingIncome": "917894000", "sellingGeneralAndAdministrative": "157321000", "researchAndDevelopment": "None", "operatingExpenses": "157321000", "investmentIncomeNet": "None", "netInterestIncome": "None", "interestIncome": "None", "interestExpense": "44129000", "nonInterestIncome": "None", "otherNonOperatingIncome": "None", "depreciation": "None", "depreciationAndAmortization": "27139000", "incomeBeforeTax": "930786000", "incomeTaxExpense": "210865000", "interestAndDebtExpense": "None", "netIncomeFromContinuingOperations": "719921000", "comprehensiveIncomeNetOfTax": "None", "ebit": "917894000", "ebitda": "945033000", "netIncome": "719334000"}, {"fiscalDateEnding": "2023-11-30", "reportedCurrency": "USD", "grossProfit": "10936622000", "totalRevenue": "10968183000", "costOfRevenue": "31561000", "costofGoodsAndServicesSold": "31561000", "operatingIncome": "1912639000", "sellingGeneralAndAdministrative": "136336000", "researchAndDevelopment": "None", "operatingExpenses": "136336000", "investmentIncomeNet": "None", "netInterestIncome": "None", "interestIncome": "None", "interestExpense": "74540000", "nonInterestIncome": "None", "otherNonOperatingIncome": "None", "depreciation": "None", "depreciationAndAmortization": "29018000", "incomeBeforeTax": "1784069000", "incomeTaxExpense": "416780000", "interestAndDebtExpense": "None", "netIncomeFromContinuingOperations": "1367289000", "comprehensiveIncomeNetOfTax": "None", "ebit": "1883621000", "ebitda": "1912639000", "netIncome": "1361287000"}, {"fiscalDateEnding": "2023-08-31", "reportedCurrency": "USD", "grossProfit": "1603415000", "totalRevenue": "8729603000", "costOfRevenue": "7126188000", "costofGoodsAndServicesSold": "7126188000", "operatingIncome": "1489271000", "sellingGeneralAndAdministrative": "114144000", "researchAndDevelopment": "None", "operatingExpenses": "114144000", "investmentIncomeNet": "None", "netInterestIncome": "None", "interestIncome": "None", "interestExpense": "86626000", "nonInterestIncome": "None", "otherNonOperatingIncome": "None", "depreciation": "None", "depreciationAndAmortization": "37107000", "incomeBeforeTax": "1475161000", "incomeTaxExpense": "358209000", "interestAndDebtExpense": "None", "netIncomeFromContinuingOperations": "1116952000", "comprehensiveIncomeNetOfTax": "None", "ebit": "1489271000", "ebitda": "1526378000", "netIncome": "1108996000"}, {"fiscalDateEnding": "2023-05-31", "reportedCurrency": "USD", "grossProfit": "1334665000", "totalRevenue": "8045151000", "costOfRevenue": "6710486000", "costofGoodsAndServicesSold": "6710486000", "operatingIncome": "1209913000", "sellingGeneralAndAdministrative": "124752000", "researchAndDevelopment": "None", "operatingExpenses": "124752000", "investmentIncomeNet": "None", "netInterestIncome": "None", "interestIncome": "None", "interestExpense": "31843000", "nonInterestIncome": "None", "otherNonOperatingIncome": "None", "depreciation": "None", "depreciationAndAmortization": "23734000", "incomeBeforeTax": "1158621000", "incomeTaxExpense": "280879000", "interestAndDebtExpense": "None", "netIncomeFromContinuingOperations": "877742000", "comprehensiveIncomeNetOfTax": "None", "ebit": "1209913000", "ebitda": "1233647000", "netIncome": "871694000"}, {"fiscalDateEnding": "2023-02-28", "reportedCurrency": "USD", "grossProfit": "956039000", "totalRevenue": "6490429000", "costOfRevenue": "5534390000", "costofGoodsAndServicesSold": "5534390000", "operatingIncome": "829933000", "sellingGeneralAndAdministrative": "126106000", "researchAndDevelopment": "None", "operatingExpenses": "126106000", "investmentIncomeNet": "None", "netInterestIncome": "None", "interestIncome": "None", "interestExpense": "65562000", "nonInterestIncome": "None", "otherNonOperatingIncome": "-1892000", "depreciation": "None", "depreciationAndAmortization": "20305000", "incomeBeforeTax": "784453000", "incomeTaxExpense": "185145000", "interestAndDebtExpense": "None", "netIncomeFromContinuingOperations": "599308000", "comprehensiveIncomeNetOfTax": "None", "ebit": "829933000", "ebitda": "850238000", "netIncome": "596534000"}, {"fiscalDateEnding": "2022-11-30", "reportedCurrency": "USD", "grossProfit": "1946132000", "totalRevenue": "10174367000", "costOfRevenue": "8228235000", "costofGoodsAndServicesSold": "8228235000", "operatingIncome": "1866059000", "sellingGeneralAndAdministrative": "80073000", "researchAndDevelopment": "None", "operatingExpenses": "80073000", "investmentIncomeNet": "None", "netInterestIncome": "None", "interestIncome": "None", "interestExpense": "233314000", "nonInterestIncome": "None", "otherNonOperatingIncome": "-373744000", "depreciation": "None", "depreciationAndAmortization": "29154000", "incomeBeforeTax": "1758723000", "incomeTaxExpense": "414789000", "interestAndDebtExpense": "None", "netIncomeFromContinuingOperations": "1371158000", "comprehensiveIncomeNetOfTax": "None", "ebit": "1866059000", "ebitda": "1895213000", "netIncome": "1322444000"}, {"fiscalDateEnding": "2022-08-31", "reportedCurrency": "USD", "grossProfit": "2075524000", "totalRevenue": "8934431000", "costOfRevenue": "6858907000", "costofGoodsAndServicesSold": "6858907000", "operatingIncome": "1959967000", "sellingGeneralAndAdministrative": "115557000", "researchAndDevelopment": "None", "operatingExpenses": "115557000", "investmentIncomeNet": "None", "netInterestIncome": "None", "interestIncome": "None", "interestExpense": "225728000", "nonInterestIncome": "None", "otherNonOperatingIncome": "-92722000", "depreciation": "None", "depreciationAndAmortization": "18402000", "incomeBeforeTax": "1824274000", "incomeTaxExpense": "351580000", "interestAndDebtExpense": "None", "netIncomeFromContinuingOperations": "1472694000", "comprehensiveIncomeNetOfTax": "None", "ebit": "1959967000", "ebitda": "1978369000", "netIncome": "1467344000"}, {"fiscalDateEnding": "2022-05-31", "reportedCurrency": "USD", "grossProfit": "1973924000", "totalRevenue": "8358696000", "costOfRevenue": "6384772000", "costofGoodsAndServicesSold": "6384772000", "operatingIncome": "1868717000", "sellingGeneralAndAdministrative": "105207000", "researchAndDevelopment": "None", "operatingExpenses": "105207000", "investmentIncomeNet": "None", "netInterestIncome": "None", "interestIncome": "None", "interestExpense": "190769000", "nonInterestIncome": "None", "otherNonOperatingIncome": "-75245000", "depreciation": "None", "depreciationAndAmortization": "19430000", "incomeBeforeTax": "1754834000", "incomeTaxExpense": "432276000", "interestAndDebtExpense": "None", "netIncomeFromContinuingOperations": "1322558000", "comprehensiveIncomeNetOfTax": "None", "ebit": "1868717000", "ebitda": "1888147000", "netIncome": "1320756000"}, {"fiscalDateEnding": "2022-02-28", "reportedCurrency": "USD", "grossProfit": "1206564000", "totalRevenue": "6203516000", "costOfRevenue": "4996952000", "costofGoodsAndServicesSold": "4996952000", "operatingIncome": "1092903000", "sellingGeneralAndAdministrative": "113661000", "researchAndDevelopment": "None", "operatingExpenses": "113661000", "investmentIncomeNet": "None", "netInterestIncome": "None", "interestIncome": "None", "interestExpense": "809521000", "nonInterestIncome": "None", "otherNonOperatingIncome": "-800263000", "depreciation": "None", "depreciationAndAmortization": "20089000", "incomeBeforeTax": "676735000", "incomeTaxExpense": "167420000", "interestAndDebtExpense": "None", "netIncomeFromContinuingOperations": "509315000", "comprehensiveIncomeNetOfTax": "None", "ebit": "1092903000", "ebitda": "1112992000", "netIncome": "503581000"}, {"fiscalDateEnding": "2021-11-30", "reportedCurrency": "USD", "grossProfit": "1876384000", "totalRevenue": "8433560000", "costOfRevenue": "6557176000", "costofGoodsAndServicesSold": "6557176000", "operatingIncome": "1774193000", "sellingGeneralAndAdministrative": "102191000", "researchAndDevelopment": "None", "operatingExpenses": "102191000", "investmentIncomeNet": "None", "netInterestIncome": "None", "interestIncome": "None", "interestExpense": "18688000", "nonInterestIncome": "None", "otherNonOperatingIncome": "-110391000", "depreciation": "None", "depreciationAndAmortization": "20109000", "incomeBeforeTax": "1580805000", "incomeTaxExpense": "387155000", "interestAndDebtExpense": "None", "netIncomeFromContinuingOperations": "1193650000", "comprehensiveIncomeNetOfTax": "None", "ebit": "1774193000", "ebitda": "1794302000", "netIncome": "1190491000"}, {"fiscalDateEnding": "2021-08-31", "reportedCurrency": "USD", "grossProfit": "1437596000", "totalRevenue": "6941403000", "costOfRevenue": "5503807000", "costofGoodsAndServicesSold": "5503807000", "operatingIncome": "1342654000", "sellingGeneralAndAdministrative": "94942000", "researchAndDevelopment": "None", "operatingExpenses": "94942000", "investmentIncomeNet": "None", "netInterestIncome": "None", "interestIncome": "None", "interestExpense": "425942000", "nonInterestIncome": "None", "otherNonOperatingIncome": "492023000", "depreciation": "None", "depreciationAndAmortization": "21102000", "incomeBeforeTax": "1814354000", "incomeTaxExpense": "405136000", "interestAndDebtExpense": "None", "netIncomeFromContinuingOperations": "1409218000", "comprehensiveIncomeNetOfTax": "None", "ebit": "1342654000", "ebitda": "1363756000", "netIncome": "1406888000"}, {"fiscalDateEnding": "2021-05-31", "reportedCurrency": "USD", "grossProfit": "1248640000", "totalRevenue": "6430245000", "costOfRevenue": "5181605000", "costofGoodsAndServicesSold": "5181605000", "operatingIncome": "1157923000", "sellingGeneralAndAdministrative": "90717000", "researchAndDevelopment": "None", "operatingExpenses": "90717000", "investmentIncomeNet": "None", "netInterestIncome": "None", "interestIncome": "None", "interestExpense": "37839000", "nonInterestIncome": "None", "otherNonOperatingIncome": "-123620000", "depreciation": "None", "depreciationAndAmortization": "22418000", "incomeBeforeTax": "1096885000", "incomeTaxExpense": "260113000", "interestAndDebtExpense": "None", "netIncomeFromContinuingOperations": "836772000", "comprehensiveIncomeNetOfTax": "None", "ebit": "1157923000", "ebitda": "1180341000", "netIncome": "831363000"}, {"fiscalDateEnding": "2021-02-28", "reportedCurrency": "USD", "grossProfit": "974019000", "totalRevenue": "5325468000", "costOfRevenue": "4351449000", "costofGoodsAndServicesSold": "4351449000", "operatingIncome": "863488000", "sellingGeneralAndAdministrative": "110531000", "researchAndDevelopment": "None", "operatingExpenses": "110531000", "investmentIncomeNet": "None", "netInterestIncome": "None", "interestIncome": "None", "interestExpense": "391801000", "nonInterestIncome": "None", "otherNonOperatingIncome": "474823000", "depreciation": "None", "depreciationAndAmortization": "22325000", "incomeBeforeTax": "1327014000", "incomeTaxExpense": "310105000", "interestAndDebtExpense": "None", "netIncomeFromContinuingOperations": "1016909000", "comprehensiveIncomeNetOfTax": "None", "ebit": "863488000", "ebitda": "885813000", "netIncome": "1001369000"}, {"fiscalDateEnding": "2020-11-30", "reportedCurrency": "USD", "grossProfit": "1242298000", "totalRevenue": "6825890000", "costOfRevenue": "5583592000", "costofGoodsAndServicesSold": "5583592000", "operatingIncome": "1163684000", "sellingGeneralAndAdministrative": "95459000", "researchAndDevelopment": "None", "operatingExpenses": "78614000", "investmentIncomeNet": "None", "netInterestIncome": "None", "interestIncome": "None", "interestExpense": "46614000", "nonInterestIncome": "None", "otherNonOperatingIncome": "24264000", "depreciation": "None", "depreciationAndAmortization": "25782000", "incomeBeforeTax": "1164646000", "incomeTaxExpense": "273737000", "interestAndDebtExpense": "None", "netIncomeFromContinuingOperations": "125913000", "comprehensiveIncomeNetOfTax": "None", "ebit": "1163684000", "ebitda": "1189466000", "netIncome": "882760000"}, {"fiscalDateEnding": "2020-08-31", "reportedCurrency": "USD", "grossProfit": "974259000", "totalRevenue": "5870254000", "costOfRevenue": "4895995000", "costofGoodsAndServicesSold": "4895995000", "operatingIncome": "888261000", "sellingGeneralAndAdministrative": "85998000", "researchAndDevelopment": "None", "operatingExpenses": "85998000", "investmentIncomeNet": "None", "netInterestIncome": "None", "interestIncome": "None", "interestExpense": "98301000", "nonInterestIncome": "None", "otherNonOperatingIncome": "-43638000", "depreciation": "None", "depreciationAndAmortization": "24307000", "incomeBeforeTax": "859013000", "incomeTaxExpense": "189690000", "interestAndDebtExpense": "None", "netIncomeFromContinuingOperations": "1048703000", "comprehensiveIncomeNetOfTax": "None", "ebit": "888261000", "ebitda": "912568000", "netIncome": "666418000"}, {"fiscalDateEnding": "2020-05-31", "reportedCurrency": "USD", "grossProfit": "741286000", "totalRevenue": "5287373000", "costOfRevenue": "4546087000", "costofGoodsAndServicesSold": "4546087000", "operatingIncome": "663103000", "sellingGeneralAndAdministrative": "78183000", "researchAndDevelopment": "None", "operatingExpenses": "78183000", "investmentIncomeNet": "None", "netInterestIncome": "None", "interestIncome": "None", "interestExpense": "126922000", "nonInterestIncome": "None", "otherNonOperatingIncome": "37766000", "depreciation": "None", "depreciationAndAmortization": "24050000", "incomeBeforeTax": "676577000", "incomeTaxExpense": "160479000", "interestAndDebtExpense": "None", "netIncomeFromContinuingOperations": "837056000", "comprehensiveIncomeNetOfTax": "None", "ebit": "663103000", "ebitda": "687153000", "netIncome": "517406000"}, {"fiscalDateEnding": "2020-02-29", "reportedCurrency": "USD", "grossProfit": "516265000", "totalRevenue": "4505337000", "costOfRevenue": "3989072000", "costofGoodsAndServicesSold": "3989072000", "operatingIncome": "424265000", "sellingGeneralAndAdministrative": "82634000", "researchAndDevelopment": "None", "operatingExpenses": "92000000", "investmentIncomeNet": "None", "netInterestIncome": "None", "interestIncome": "None", "interestExpense": "91211000", "nonInterestIncome": "None", "otherNonOperatingIncome": "-18482000", "depreciation": "None", "depreciationAndAmortization": "20414000", "incomeBeforeTax": "423552000", "incomeTaxExpense": "32329000", "interestAndDebtExpense": "None", "netIncomeFromContinuingOperations": "455881000", "comprehensiveIncomeNetOfTax": "None", "ebit": "424265000", "ebitda": "444679000", "netIncome": "398452000"}, {"fiscalDateEnding": "2019-11-30", "reportedCurrency": "USD", "grossProfit": "983493000", "totalRevenue": "6971531000", "costOfRevenue": "5988038000", "costofGoodsAndServicesSold": "5988038000", "operatingIncome": "890450000", "sellingGeneralAndAdministrative": "93043000", "researchAndDevelopment": "None", "operatingExpenses": "93043000", "investmentIncomeNet": "None", "netInterestIncome": "None", "interestIncome": "None", "interestExpense": "133302000", "nonInterestIncome": "None", "otherNonOperatingIncome": "24585000", "depreciation": "None", "depreciationAndAmortization": "28378000", "incomeBeforeTax": "888686000", "incomeTaxExpense": "217503000", "interestAndDebtExpense": "None", "netIncomeFromContinuingOperations": "1106189000", "comprehensiveIncomeNetOfTax": "None", "ebit": "890450000", "ebitda": "918828000", "netIncome": "674304000"}, {"fiscalDateEnding": "2019-08-31", "reportedCurrency": "USD", "grossProfit": "740972000", "totalRevenue": "5857058000", "costOfRevenue": "5116086000", "costofGoodsAndServicesSold": "5116086000", "operatingIncome": "660732000", "sellingGeneralAndAdministrative": "92615000", "researchAndDevelopment": "None", "operatingExpenses": "80240000", "investmentIncomeNet": "None", "netInterestIncome": "None", "interestIncome": "None", "interestExpense": "100873000", "nonInterestIncome": "None", "otherNonOperatingIncome": "29569000", "depreciation": "None", "depreciationAndAmortization": "22836000", "incomeBeforeTax": "667083000", "incomeTaxExpense": "154440000", "interestAndDebtExpense": "None", "netIncomeFromContinuingOperations": "821523000", "comprehensiveIncomeNetOfTax": "None", "ebit": "660732000", "ebitda": "683568000", "netIncome": "513366000"}, {"fiscalDateEnding": "2019-05-31", "reportedCurrency": "USD", "grossProfit": "675722000", "totalRevenue": "5562890000", "costOfRevenue": "4887168000", "costofGoodsAndServicesSold": "4887168000", "operatingIncome": "599609000", "sellingGeneralAndAdministrative": "76113000", "researchAndDevelopment": "None", "operatingExpenses": "76113000", "investmentIncomeNet": "None", "netInterestIncome": "None", "interestIncome": "None", "interestExpense": "147427000", "nonInterestIncome": "None", "otherNonOperatingIncome": "-77402000", "depreciation": "None", "depreciationAndAmortization": "22624000", "incomeBeforeTax": "559399000", "incomeTaxExpense": "140530000", "interestAndDebtExpense": "None", "netIncomeFromContinuingOperations": "699929000", "comprehensiveIncomeNetOfTax": "None", "ebit": "599609000", "ebitda": "622233000", "netIncome": "421472000"}, {"fiscalDateEnding": "2019-02-28", "reportedCurrency": "USD", "grossProfit": "402108000", "totalRevenue": "3868082000", "costOfRevenue": "3465974000", "costofGoodsAndServicesSold": "3465974000", "operatingIncome": "322765000", "sellingGeneralAndAdministrative": "79343000", "researchAndDevelopment": "None", "operatingExpenses": "79343000", "investmentIncomeNet": "None", "netInterestIncome": "None", "interestIncome": "None", "interestExpense": "3000000", "nonInterestIncome": "None", "otherNonOperatingIncome": "-14506000", "depreciation": "None", "depreciationAndAmortization": "18362000", "incomeBeforeTax": "319124000", "incomeTaxExpense": "79700000", "interestAndDebtExpense": "None", "netIncomeFromContinuingOperations": "398824000", "comprehensiveIncomeNetOfTax": "None", "ebit": "322765000", "ebitda": "341127000", "netIncome": "239910000"}, {"fiscalDateEnding": "2018-11-30", "reportedCurrency": "USD", "grossProfit": "882256000", "totalRevenue": "6459210000", "costOfRevenue": "5576954000", "costofGoodsAndServicesSold": "5576954000", "operatingIncome": "787393000", "sellingGeneralAndAdministrative": "94863000", "researchAndDevelopment": "0", "operatingExpenses": "94863000", "investmentIncomeNet": "None", "netInterestIncome": "None", "interestIncome": "None", "interestExpense": "2658000", "nonInterestIncome": "None", "otherNonOperatingIncome": "246312000", "depreciation": "None", "depreciationAndAmortization": "24467000", "incomeBeforeTax": "1036528000", "incomeTaxExpense": "238301000", "interestAndDebtExpense": "None", "netIncomeFromContinuingOperations": "1274829000", "comprehensiveIncomeNetOfTax": "None", "ebit": "787393000", "ebitda": "811860000", "netIncome": "796148000"}, {"fiscalDateEnding": "2018-08-31", "reportedCurrency": "USD", "grossProfit": "679083000", "totalRevenue": "5672569000", "costOfRevenue": "4993486000", "costofGoodsAndServicesSold": "4993486000", "operatingIncome": "582737000", "sellingGeneralAndAdministrative": "96346000", "researchAndDevelopment": "0", "operatingExpenses": "96346000", "investmentIncomeNet": "None", "netInterestIncome": "None", "interestIncome": "None", "interestExpense": "3100000", "nonInterestIncome": "None", "otherNonOperatingIncome": "-4827000", "depreciation": "None", "depreciationAndAmortization": "25284000", "incomeBeforeTax": "565918000", "incomeTaxExpense": "98298000", "interestAndDebtExpense": "None", "netIncomeFromContinuingOperations": "664216000", "comprehensiveIncomeNetOfTax": "None", "ebit": "582737000", "ebitda": "608021000", "netIncome": "453211000"}, {"fiscalDateEnding": "2018-05-31", "reportedCurrency": "USD", "grossProfit": "490119000", "totalRevenue": "5459061000", "costOfRevenue": "4968942000", "costofGoodsAndServicesSold": "4968942000", "operatingIncome": "405204000", "sellingGeneralAndAdministrative": "84915000", "researchAndDevelopment": "0", "operatingExpenses": "84915000", "investmentIncomeNet": "None", "netInterestIncome": "None", "interestIncome": "None", "interestExpense": "3000000", "nonInterestIncome": "None", "otherNonOperatingIncome": "9481000", "depreciation": "None", "depreciationAndAmortization": "21860000", "incomeBeforeTax": "390810000", "incomeTaxExpense": "75961000", "interestAndDebtExpense": "None", "netIncomeFromContinuingOperations": "466771000", "comprehensiveIncomeNetOfTax": "None", "ebit": "405204000", "ebitda": "427064000", "netIncome": "310257000"}, {"fiscalDateEnding": "2018-02-28", "reportedCurrency": "USD", "grossProfit": "282727000", "totalRevenue": "2980791000", "costOfRevenue": "2698064000", "costofGoodsAndServicesSold": "2698064000", "operatingIncome": "214917000", "sellingGeneralAndAdministrative": "67810000", "researchAndDevelopment": "0", "operatingExpenses": "67810000", "investmentIncomeNet": "None", "netInterestIncome": "None", "interestIncome": "None", "interestExpense": "84214000", "nonInterestIncome": "None", "otherNonOperatingIncome": "158706000", "depreciation": "None", "depreciationAndAmortization": "19570000", "incomeBeforeTax": "269428000", "incomeTaxExpense": "132611000", "interestAndDebtExpense": "None", "netIncomeFromContinuingOperations": "402039000", "comprehensiveIncomeNetOfTax": "None", "ebit": "214917000", "ebitda": "234487000", "netIncome": "136215000"}, {"fiscalDateEnding": "2017-11-30", "reportedCurrency": "USD", "grossProfit": "528006000", "totalRevenue": "3785569000", "costOfRevenue": "3257563000", "costofGoodsAndServicesSold": "3257563000", "operatingIncome": "442450000", "sellingGeneralAndAdministrative": "85556000", "researchAndDevelopment": "0", "operatingExpenses": "85556000", "investmentIncomeNet": "None", "netInterestIncome": "None", "interestIncome": "None", "interestExpense": "70376000", "nonInterestIncome": "None", "otherNonOperatingIncome": "19533000", "depreciation": "None", "depreciationAndAmortization": "19417000", "incomeBeforeTax": "461983000", "incomeTaxExpense": "164201000", "interestAndDebtExpense": "None", "netIncomeFromContinuingOperations": "626184000", "comprehensiveIncomeNetOfTax": "None", "ebit": "300230000", "ebitda": "319647000", "netIncome": "309590000"}, {"fiscalDateEnding": "2017-08-31", "reportedCurrency": "USD", "grossProfit": "447953000", "totalRevenue": "3261476000", "costOfRevenue": "2813523000", "costofGoodsAndServicesSold": "2813523000", "operatingIncome": "375093000", "sellingGeneralAndAdministrative": "72860000", "researchAndDevelopment": "0", "operatingExpenses": "72860000", "investmentIncomeNet": "None", "netInterestIncome": "None", "interestIncome": "None", "interestExpense": "71036000", "nonInterestIncome": "None", "otherNonOperatingIncome": "-6708000", "depreciation": "None", "depreciationAndAmortization": "17489000", "incomeBeforeTax": "368385000", "incomeTaxExpense": "124795000", "interestAndDebtExpense": "None", "netIncomeFromContinuingOperations": "493180000", "comprehensiveIncomeNetOfTax": "None", "ebit": "375093000", "ebitda": "392582000", "netIncome": "249165000"}, {"fiscalDateEnding": "2017-05-31", "reportedCurrency": "USD", "grossProfit": "399999000", "totalRevenue": "3261892000", "costOfRevenue": "2861893000", "costofGoodsAndServicesSold": "2861893000", "operatingIncome": "333225000", "sellingGeneralAndAdministrative": "66774000", "researchAndDevelopment": "0", "operatingExpenses": "66774000", "investmentIncomeNet": "None", "netInterestIncome": "None", "interestIncome": "None", "interestExpense": "79222000", "nonInterestIncome": "None", "otherNonOperatingIncome": "-23625000", "depreciation": "None", "depreciationAndAmortization": "17675000", "incomeBeforeTax": "309600000", "incomeTaxExpense": "108892000", "interestAndDebtExpense": "None", "netIncomeFromContinuingOperations": "418492000", "comprehensiveIncomeNetOfTax": "None", "ebit": "333225000", "ebitda": "350900000", "netIncome": "213645000"}, {"fiscalDateEnding": "2017-02-28", "reportedCurrency": "USD", "grossProfit": "248926000", "totalRevenue": "2337428000", "costOfRevenue": "2088502000", "costofGoodsAndServicesSold": "2088502000", "operatingIncome": "188227000", "sellingGeneralAndAdministrative": "60699000", "researchAndDevelopment": "0", "operatingExpenses": "60699000", "investmentIncomeNet": "None", "netInterestIncome": "None", "interestIncome": "None", "interestExpense": "69691000", "nonInterestIncome": "None", "otherNonOperatingIncome": "1416000", "depreciation": "None", "depreciationAndAmortization": "11743000", "incomeBeforeTax": "49643000", "incomeTaxExpense": "19969000", "interestAndDebtExpense": "None", "netIncomeFromContinuingOperations": "69612000", "comprehensiveIncomeNetOfTax": "None", "ebit": "188227000", "ebitda": "199970000", "netIncome": "38080000"}, {"fiscalDateEnding": "2016-11-30", "reportedCurrency": "USD", "grossProfit": "504805000", "totalRevenue": "3376626000", "costOfRevenue": "2871821000", "costofGoodsAndServicesSold": "2871821000", "operatingIncome": "436877000", "sellingGeneralAndAdministrative": "67928000", "researchAndDevelopment": "0", "operatingExpenses": "67928000", "investmentIncomeNet": "None", "netInterestIncome": "None", "interestIncome": "None", "interestExpense": "1303000", "nonInterestIncome": "None", "otherNonOperatingIncome": "44308000", "depreciation": "None", "depreciationAndAmortization": "14434000", "incomeBeforeTax": "461379000", "incomeTaxExpense": "150909000", "interestAndDebtExpense": "None", "netIncomeFromContinuingOperations": "612288000", "comprehensiveIncomeNetOfTax": "None", "ebit": "462682000", "ebitda": "477116000", "netIncome": "313453000"}, {"fiscalDateEnding": "2016-08-31", "reportedCurrency": "USD", "grossProfit": "385358000", "totalRevenue": "2833894000", "costOfRevenue": "2448536000", "costofGoodsAndServicesSold": "2448536000", "operatingIncome": "324194000", "sellingGeneralAndAdministrative": "61164000", "researchAndDevelopment": "0", "operatingExpenses": "61164000", "investmentIncomeNet": "None", "netInterestIncome": "None", "interestIncome": "None", "interestExpense": "973000", "nonInterestIncome": "None", "otherNonOperatingIncome": "-6998000", "depreciation": "None", "depreciationAndAmortization": "13033000", "incomeBeforeTax": "339558000", "incomeTaxExpense": "106427000", "interestAndDebtExpense": "None", "netIncomeFromContinuingOperations": "445985000", "comprehensiveIncomeNetOfTax": "None", "ebit": "324194000", "ebitda": "337227000", "netIncome": "235842000"}, {"fiscalDateEnding": "2016-05-31", "reportedCurrency": "USD", "grossProfit": "378255000", "totalRevenue": "2745815000", "costOfRevenue": "2367560000", "costofGoodsAndServicesSold": "2367560000", "operatingIncome": "322453000", "sellingGeneralAndAdministrative": "55802000", "researchAndDevelopment": "0", "operatingExpenses": "55802000", "investmentIncomeNet": "None", "netInterestIncome": "None", "interestIncome": "None", "interestExpense": "1193000", "nonInterestIncome": "None", "otherNonOperatingIncome": "11239000", "depreciation": "None", "depreciationAndAmortization": "12675000", "incomeBeforeTax": "327839000", "incomeTaxExpense": "103801000", "interestAndDebtExpense": "None", "netIncomeFromContinuingOperations": "431640000", "comprehensiveIncomeNetOfTax": "None", "ebit": "322453000", "ebitda": "335128000", "netIncome": "218469000"}, {"fiscalDateEnding": "2016-02-29", "reportedCurrency": "USD", "grossProfit": "226507000", "totalRevenue": "1993664000", "costOfRevenue": "1767157000", "costofGoodsAndServicesSold": "1767157000", "operatingIncome": "178839000", "sellingGeneralAndAdministrative": "47668000", "researchAndDevelopment": "0", "operatingExpenses": "47668000", "investmentIncomeNet": "None", "netInterestIncome": "None", "interestIncome": "None", "interestExpense": "1157000", "nonInterestIncome": "None", "otherNonOperatingIncome": "24183000", "depreciation": "None", "depreciationAndAmortization": "10077000", "incomeBeforeTax": "201693000", "incomeTaxExpense": "56241000", "interestAndDebtExpense": "None", "netIncomeFromContinuingOperations": "257934000", "comprehensiveIncomeNetOfTax": "None", "ebit": "178839000", "ebitda": "188916000", "netIncome": "144080000"}, {"fiscalDateEnding": "2015-11-30", "reportedCurrency": "USD", "grossProfit": "445105000", "totalRevenue": "2945567000", "costOfRevenue": "2500462000", "costofGoodsAndServicesSold": "2500462000", "operatingIncome": "379216000", "sellingGeneralAndAdministrative": "65889000", "researchAndDevelopment": "0", "operatingExpenses": "65889000", "investmentIncomeNet": "None", "netInterestIncome": "None", "interestIncome": "None", "interestExpense": "1753000", "nonInterestIncome": "None", "otherNonOperatingIncome": "34505000", "depreciation": "None", "depreciationAndAmortization": "13216000", "incomeBeforeTax": "432505000", "incomeTaxExpense": "139843000", "interestAndDebtExpense": "None", "netIncomeFromContinuingOperations": "572348000", "comprehensiveIncomeNetOfTax": "None", "ebit": "434258000", "ebitda": "447474000", "netIncome": "281603000"}, {"fiscalDateEnding": "2015-08-31", "reportedCurrency": "USD", "grossProfit": "348709000", "totalRevenue": "2491698000", "costOfRevenue": "2142989000", "costofGoodsAndServicesSold": "2142989000", "operatingIncome": "292215000", "sellingGeneralAndAdministrative": "56494000", "researchAndDevelopment": "0", "operatingExpenses": "56494000", "investmentIncomeNet": "None", "netInterestIncome": "None", "interestIncome": "None", "interestExpense": "2812000", "nonInterestIncome": "None", "otherNonOperatingIncome": "25894000", "depreciation": "None", "depreciationAndAmortization": "11544000", "incomeBeforeTax": "320658000", "incomeTaxExpense": "95621000", "interestAndDebtExpense": "None", "netIncomeFromContinuingOperations": "416279000", "comprehensiveIncomeNetOfTax": "None", "ebit": "323470000", "ebitda": "335014000", "netIncome": "223312000"}, {"fiscalDateEnding": "2015-05-31", "reportedCurrency": "USD", "grossProfit": "321524000", "totalRevenue": "2392604000", "costOfRevenue": "2071080000", "costofGoodsAndServicesSold": "2071080000", "operatingIncome": "271317000", "sellingGeneralAndAdministrative": "50207000", "researchAndDevelopment": "0", "operatingExpenses": "50207000", "investmentIncomeNet": "None", "netInterestIncome": "None", "interestIncome": "None", "interestExpense": "3818000", "nonInterestIncome": "None", "otherNonOperatingIncome": "13400000", "depreciation": "None", "depreciationAndAmortization": "10600000", "incomeBeforeTax": "279810000", "incomeTaxExpense": "95226000", "interestAndDebtExpense": "None", "netIncomeFromContinuingOperations": "375036000", "comprehensiveIncomeNetOfTax": "None", "ebit": "283628000", "ebitda": "294228000", "netIncome": "183016000"}, {"fiscalDateEnding": "2015-02-28", "reportedCurrency": "USD", "grossProfit": "186922000", "totalRevenue": "1644139000", "costOfRevenue": "1457217000", "costofGoodsAndServicesSold": "1457217000", "operatingIncome": "143268000", "sellingGeneralAndAdministrative": "43654000", "researchAndDevelopment": "0", "operatingExpenses": "43654000", "investmentIncomeNet": "None", "netInterestIncome": "None", "interestIncome": "None", "interestExpense": "4071000", "nonInterestIncome": "None", "otherNonOperatingIncome": "31385000", "depreciation": "None", "depreciationAndAmortization": "8306000", "incomeBeforeTax": "176643000", "incomeTaxExpense": "59726000", "interestAndDebtExpense": "None", "netIncomeFromContinuingOperations": "236369000", "comprehensiveIncomeNetOfTax": "None", "ebit": "180714000", "ebitda": "189020000", "netIncome": "114963000"}, {"fiscalDateEnding": "2014-11-30", "reportedCurrency": "USD", "grossProfit": "419869000", "totalRevenue": "2583938000", "costOfRevenue": "2164069000", "costofGoodsAndServicesSold": "2164069000", "operatingIncome": "362209000", "sellingGeneralAndAdministrative": "57660000", "researchAndDevelopment": "0", "operatingExpenses": "57660000", "investmentIncomeNet": "None", "netInterestIncome": "None", "interestIncome": "None", "interestExpense": "5192000", "nonInterestIncome": "None", "otherNonOperatingIncome": "4600000", "depreciation": "None", "depreciationAndAmortization": "11381000", "incomeBeforeTax": "377943000", "incomeTaxExpense": "125272000", "interestAndDebtExpense": "None", "netIncomeFromContinuingOperations": "503215000", "comprehensiveIncomeNetOfTax": "None", "ebit": "383135000", "ebitda": "394516000", "netIncome": "245323000"}, {"fiscalDateEnding": "2014-08-31", "reportedCurrency": "USD", "grossProfit": "286354000", "totalRevenue": "2014034000", "costOfRevenue": "1727680000", "costofGoodsAndServicesSold": "1727680000", "operatingIncome": "243282000", "sellingGeneralAndAdministrative": "43072000", "researchAndDevelopment": "0", "operatingExpenses": "43072000", "investmentIncomeNet": "None", "netInterestIncome": "None", "interestIncome": "None", "interestExpense": "8381000", "nonInterestIncome": "None", "otherNonOperatingIncome": "32839000", "depreciation": "None", "depreciationAndAmortization": "10516000", "incomeBeforeTax": "262335000", "incomeTaxExpense": "88895000", "interestAndDebtExpense": "None", "netIncomeFromContinuingOperations": "351230000", "comprehensiveIncomeNetOfTax": "None", "ebit": "270716000", "ebitda": "281232000", "netIncome": "177757000"}, {"fiscalDateEnding": "2014-05-31", "reportedCurrency": "USD", "grossProfit": "228226000", "totalRevenue": "1818745000", "costOfRevenue": "1590519000", "costofGoodsAndServicesSold": "1590519000", "operatingIncome": "189909000", "sellingGeneralAndAdministrative": "38317000", "researchAndDevelopment": "0", "operatingExpenses": "38317000", "investmentIncomeNet": "None", "netInterestIncome": "None", "interestIncome": "None", "interestExpense": "10287000", "nonInterestIncome": "None", "otherNonOperatingIncome": "24008000", "depreciation": "None", "depreciationAndAmortization": "8806000", "incomeBeforeTax": "203630000", "incomeTaxExpense": "81013000", "interestAndDebtExpense": "None", "netIncomeFromContinuingOperations": "284643000", "comprehensiveIncomeNetOfTax": "None", "ebit": "213917000", "ebitda": "222723000", "netIncome": "137719000"}, {"fiscalDateEnding": "2014-02-28", "reportedCurrency": "USD", "grossProfit": "164750000", "totalRevenue": "1363095000", "costOfRevenue": "1198345000", "costofGoodsAndServicesSold": "1198345000", "operatingIncome": "126638000", "sellingGeneralAndAdministrative": "38112000", "researchAndDevelopment": "0", "operatingExpenses": "38112000", "investmentIncomeNet": "None", "netInterestIncome": "None", "interestIncome": "None", "interestExpense": "12691000", "nonInterestIncome": "None", "otherNonOperatingIncome": "11929000", "depreciation": "None", "depreciationAndAmortization": "7839000", "incomeBeforeTax": "125876000", "incomeTaxExpense": "45911000", "interestAndDebtExpense": "None", "netIncomeFromContinuingOperations": "171787000", "comprehensiveIncomeNetOfTax": "None", "ebit": "138567000", "ebitda": "146406000", "netIncome": "78117000"}, {"fiscalDateEnding": "2013-11-30", "reportedCurrency": "USD", "grossProfit": "299727000", "totalRevenue": "1916953000", "costOfRevenue": "1617226000", "costofGoodsAndServicesSold": "1617226000", "operatingIncome": "256409000", "sellingGeneralAndAdministrative": "43318000", "researchAndDevelopment": "0", "operatingExpenses": "43318000", "investmentIncomeNet": "None", "netInterestIncome": "None", "interestIncome": "None", "interestExpense": "20543000", "nonInterestIncome": "None", "otherNonOperatingIncome": "41106000", "depreciation": "None", "depreciationAndAmortization": "8666000", "incomeBeforeTax": "276972000", "incomeTaxExpense": "93956000", "interestAndDebtExpense": "None", "netIncomeFromContinuingOperations": "370928000", "comprehensiveIncomeNetOfTax": "None", "ebit": "297515000", "ebitda": "306181000", "netIncome": "164084000"}, {"fiscalDateEnding": "2013-08-31", "reportedCurrency": "USD", "grossProfit": "227678000", "totalRevenue": "1602767000", "costOfRevenue": "1375089000", "costofGoodsAndServicesSold": "1375089000", "operatingIncome": "190059000", "sellingGeneralAndAdministrative": "37619000", "researchAndDevelopment": "0", "operatingExpenses": "37619000", "investmentIncomeNet": "None", "netInterestIncome": "None", "interestIncome": "None", "interestExpense": "22230000", "nonInterestIncome": "None", "otherNonOperatingIncome": "16087000", "depreciation": "None", "depreciationAndAmortization": "7944000", "incomeBeforeTax": "189359000", "incomeTaxExpense": "67205000", "interestAndDebtExpense": "None", "netIncomeFromContinuingOperations": "256564000", "comprehensiveIncomeNetOfTax": "None", "ebit": "211589000", "ebitda": "219533000", "netIncome": "120662000"}, {"fiscalDateEnding": "2013-05-31", "reportedCurrency": "USD", "grossProfit": "194564000", "totalRevenue": "1426881000", "costOfRevenue": "1232317000", "costofGoodsAndServicesSold": "1232317000", "operatingIncome": "160711000", "sellingGeneralAndAdministrative": "33853000", "researchAndDevelopment": "0", "operatingExpenses": "33853000", "investmentIncomeNet": "None", "netInterestIncome": "None", "interestIncome": "None", "interestExpense": "25109000", "nonInterestIncome": "None", "otherNonOperatingIncome": "21926000", "depreciation": "None", "depreciationAndAmortization": "7406000", "incomeBeforeTax": "162289000", "incomeTaxExpense": "19491000", "interestAndDebtExpense": "None", "netIncomeFromContinuingOperations": "181780000", "comprehensiveIncomeNetOfTax": "None", "ebit": "187398000", "ebitda": "194804000", "netIncome": "137436000"}, {"fiscalDateEnding": "2013-02-28", "reportedCurrency": "USD", "grossProfit": "96192000", "totalRevenue": "990243000", "costOfRevenue": "894051000", "costofGoodsAndServicesSold": "894051000", "operatingIncome": "64922000", "sellingGeneralAndAdministrative": "31270000", "researchAndDevelopment": "0", "operatingExpenses": "31270000", "investmentIncomeNet": "None", "netInterestIncome": "None", "interestIncome": "None", "interestExpense": "26031000", "nonInterestIncome": "None", "otherNonOperatingIncome": "10899000", "depreciation": "None", "depreciationAndAmortization": "6333000", "incomeBeforeTax": "53321000", "incomeTaxExpense": "-3637000", "interestAndDebtExpense": "None", "netIncomeFromContinuingOperations": "49684000", "comprehensiveIncomeNetOfTax": "None", "ebit": "79352000", "ebitda": "85685000", "netIncome": "57492000"}, {"fiscalDateEnding": "2012-11-30", "reportedCurrency": "USD", "grossProfit": "183749000", "totalRevenue": "1349937000", "costOfRevenue": "1166188000", "costofGoodsAndServicesSold": "1166188000", "operatingIncome": "144707000", "sellingGeneralAndAdministrative": "169115000", "researchAndDevelopment": "0", "operatingExpenses": "39042000", "investmentIncomeNet": "None", "netInterestIncome": "None", "interestIncome": "None", "interestExpense": "23042000", "nonInterestIncome": "None", "otherNonOperatingIncome": "None", "depreciation": "None", "depreciationAndAmortization": "7713000", "incomeBeforeTax": "104923000", "incomeTaxExpense": "-18597000", "interestAndDebtExpense": "None", "netIncomeFromContinuingOperations": "0", "comprehensiveIncomeNetOfTax": "None", "ebit": "127965000", "ebitda": "135678000", "netIncome": "124344000"}, {"fiscalDateEnding": "2012-08-31", "reportedCurrency": "USD", "grossProfit": "121489000", "totalRevenue": "1099758000", "costOfRevenue": "978269000", "costofGoodsAndServicesSold": "978269000", "operatingIncome": "89203000", "sellingGeneralAndAdministrative": "32286000", "researchAndDevelopment": "0", "operatingExpenses": "32286000", "investmentIncomeNet": "None", "netInterestIncome": "None", "interestIncome": "None", "interestExpense": "22659000", "nonInterestIncome": "None", "otherNonOperatingIncome": "None", "depreciation": "None", "depreciationAndAmortization": "7877000", "incomeBeforeTax": "58635000", "incomeTaxExpense": "-12776000", "interestAndDebtExpense": "None", "netIncomeFromContinuingOperations": "0", "comprehensiveIncomeNetOfTax": "None", "ebit": "81294000", "ebitda": "89171000", "netIncome": "87109000"}, {"fiscalDateEnding": "2012-05-31", "reportedCurrency": "USD", "grossProfit": "97500000", "totalRevenue": "930155000", "costOfRevenue": "832655000", "costofGoodsAndServicesSold": "832655000", "operatingIncome": "68332000", "sellingGeneralAndAdministrative": "29168000", "researchAndDevelopment": "0", "operatingExpenses": "29168000", "investmentIncomeNet": "None", "netInterestIncome": "None", "interestIncome": "None", "interestExpense": "23803000", "nonInterestIncome": "None", "otherNonOperatingIncome": "None", "depreciation": "None", "depreciationAndAmortization": "4861000", "incomeBeforeTax": "52103000", "incomeTaxExpense": "-402321000", "interestAndDebtExpense": "None", "netIncomeFromContinuingOperations": "0", "comprehensiveIncomeNetOfTax": "None", "ebit": "75906000", "ebitda": "80767000", "netIncome": "452703000"}, {"fiscalDateEnding": "2012-02-29", "reportedCurrency": "USD", "grossProfit": "46776000", "totalRevenue": "724856000", "costOfRevenue": "678080000", "costofGoodsAndServicesSold": "678080000", "operatingIncome": "19934000", "sellingGeneralAndAdministrative": "26842000", "researchAndDevelopment": "0", "operatingExpenses": "26842000", "investmentIncomeNet": "None", "netInterestIncome": "None", "interestIncome": "None", "interestExpense": "24849000", "nonInterestIncome": "None", "otherNonOperatingIncome": "None", "depreciation": "None", "depreciationAndAmortization": "7630000", "incomeBeforeTax": "6453000", "incomeTaxExpense": "-1524000", "interestAndDebtExpense": "None", "netIncomeFromContinuingOperations": "0", "comprehensiveIncomeNetOfTax": "None", "ebit": "31302000", "ebitda": "38932000", "netIncome": "14968000"}, {"fiscalDateEnding": "2011-11-30", "reportedCurrency": "USD", "grossProfit": "-208467000", "totalRevenue": "952654000", "costOfRevenue": "1161121000", "costofGoodsAndServicesSold": "1161121000", "operatingIncome": "-236997000", "sellingGeneralAndAdministrative": "28530000", "researchAndDevelopment": "0", "operatingExpenses": "28530000", "investmentIncomeNet": "None", "netInterestIncome": "None", "interestIncome": "None", "interestExpense": "21996000", "nonInterestIncome": "None", "otherNonOperatingIncome": "None", "depreciation": "None", "depreciationAndAmortization": "9179000", "incomeBeforeTax": "11774000", "incomeTaxExpense": "-13697000", "interestAndDebtExpense": "None", "netIncomeFromContinuingOperations": "0", "comprehensiveIncomeNetOfTax": "None", "ebit": "33770000", "ebitda": "42949000", "netIncome": "30278000"}, {"fiscalDateEnding": "2011-08-31", "reportedCurrency": "USD", "grossProfit": "65336000", "totalRevenue": "820193000", "costOfRevenue": "754857000", "costofGoodsAndServicesSold": "754857000", "operatingIncome": "42560000", "sellingGeneralAndAdministrative": "22776000", "researchAndDevelopment": "0", "operatingExpenses": "22776000", "investmentIncomeNet": "None", "netInterestIncome": "None", "interestIncome": "None", "interestExpense": "24107000", "nonInterestIncome": "None", "otherNonOperatingIncome": "5626000", "depreciation": "None", "depreciationAndAmortization": "4670000", "incomeBeforeTax": "24079000", "incomeTaxExpense": "579000", "interestAndDebtExpense": "None", "netIncomeFromContinuingOperations": "23500000", "comprehensiveIncomeNetOfTax": "None", "ebit": "48186000", "ebitda": "52856000", "netIncome": "20730000"}, {"fiscalDateEnding": "2011-05-31", "reportedCurrency": "USD", "grossProfit": "44582000", "totalRevenue": "764493000", "costOfRevenue": "719911000", "costofGoodsAndServicesSold": "719911000", "operatingIncome": "23984000", "sellingGeneralAndAdministrative": "20598000", "researchAndDevelopment": "0", "operatingExpenses": "20598000", "investmentIncomeNet": "None", "netInterestIncome": "None", "interestIncome": "None", "interestExpense": "22468000", "nonInterestIncome": "None", "otherNonOperatingIncome": "24284000", "depreciation": "None", "depreciationAndAmortization": "3884000", "incomeBeforeTax": "25800000", "incomeTaxExpense": "953000", "interestAndDebtExpense": "None", "netIncomeFromContinuingOperations": "24847000", "comprehensiveIncomeNetOfTax": "None", "ebit": "48268000", "ebitda": "52152000", "netIncome": "13785000"}, {"fiscalDateEnding": "2011-02-28", "reportedCurrency": "USD", "grossProfit": "25403000", "totalRevenue": "558045000", "costOfRevenue": "532642000", "costofGoodsAndServicesSold": "532642000", "operatingIncome": "2051000", "sellingGeneralAndAdministrative": "23352000", "researchAndDevelopment": "0", "operatingExpenses": "23352000", "investmentIncomeNet": "None", "netInterestIncome": "None", "interestIncome": "None", "interestExpense": "22079000", "nonInterestIncome": "None", "otherNonOperatingIncome": "56349000", "depreciation": "None", "depreciationAndAmortization": "3767000", "incomeBeforeTax": "36321000", "incomeTaxExpense": "-2405000", "interestAndDebtExpense": "None", "netIncomeFromContinuingOperations": "38726000", "comprehensiveIncomeNetOfTax": "None", "ebit": "58400000", "ebitda": "62167000", "netIncome": "27406000"}, {"fiscalDateEnding": "2010-11-30", "reportedCurrency": "USD", "grossProfit": "50946000", "totalRevenue": "860124000", "costOfRevenue": "809178000", "costofGoodsAndServicesSold": "809178000", "operatingIncome": "25888000", "sellingGeneralAndAdministrative": "25058000", "researchAndDevelopment": "0", "operatingExpenses": "25058000", "investmentIncomeNet": "None", "netInterestIncome": "None", "interestIncome": "None", "interestExpense": "16576000", "nonInterestIncome": "None", "otherNonOperatingIncome": "None", "depreciation": "None", "depreciationAndAmortization": "3794000", "incomeBeforeTax": "38781000", "incomeTaxExpense": "-3737000", "interestAndDebtExpense": "None", "netIncomeFromContinuingOperations": "0", "comprehensiveIncomeNetOfTax": "None", "ebit": "55357000", "ebitda": "59151000", "netIncome": "32030000"}, {"fiscalDateEnding": "2010-08-31", "reportedCurrency": "USD", "grossProfit": "170360000", "totalRevenue": "824975000", "costOfRevenue": "654615000", "costofGoodsAndServicesSold": "654615000", "operatingIncome": "146366000", "sellingGeneralAndAdministrative": "23994000", "researchAndDevelopment": "0", "operatingExpenses": "23994000", "investmentIncomeNet": "None", "netInterestIncome": "None", "interestIncome": "None", "interestExpense": "17668000", "nonInterestIncome": "None", "otherNonOperatingIncome": "None", "depreciation": "None", "depreciationAndAmortization": "3376000", "incomeBeforeTax": "39435000", "incomeTaxExpense": "605000", "interestAndDebtExpense": "None", "netIncomeFromContinuingOperations": "0", "comprehensiveIncomeNetOfTax": "None", "ebit": "57103000", "ebitda": "60479000", "netIncome": "30035000"}, {"fiscalDateEnding": "2010-05-31", "reportedCurrency": "USD", "grossProfit": "77395000", "totalRevenue": "814481000", "costOfRevenue": "737086000", "costofGoodsAndServicesSold": "737086000", "operatingIncome": "55161000", "sellingGeneralAndAdministrative": "22234000", "researchAndDevelopment": "0", "operatingExpenses": "22234000", "investmentIncomeNet": "None", "netInterestIncome": "None", "interestIncome": "None", "interestExpense": "17516000", "nonInterestIncome": "None", "otherNonOperatingIncome": "None", "depreciation": "None", "depreciationAndAmortization": "3446000", "incomeBeforeTax": "35554000", "incomeTaxExpense": "-11030000", "interestAndDebtExpense": "None", "netIncomeFromContinuingOperations": "0", "comprehensiveIncomeNetOfTax": "None", "ebit": "53070000", "ebitda": "56516000", "netIncome": "39719000"}, {"fiscalDateEnding": "2010-02-28", "reportedCurrency": "USD", "grossProfit": "16808000", "totalRevenue": "574442000", "costOfRevenue": "557634000", "costofGoodsAndServicesSold": "557634000", "operatingIncome": "-5832000", "sellingGeneralAndAdministrative": "22640000", "researchAndDevelopment": "0", "operatingExpenses": "22640000", "investmentIncomeNet": "None", "netInterestIncome": "None", "interestIncome": "None", "interestExpense": "18665000", "nonInterestIncome": "None", "otherNonOperatingIncome": "None", "depreciation": "None", "depreciationAndAmortization": "2904000", "incomeBeforeTax": "-19045000", "incomeTaxExpense": "-11572000", "interestAndDebtExpense": "None", "netIncomeFromContinuingOperations": "0", "comprehensiveIncomeNetOfTax": "None", "ebit": "-380000", "ebitda": "2524000", "netIncome": "-6523000"}, {"fiscalDateEnding": "2009-11-30", "reportedCurrency": "USD", "grossProfit": "-195988000", "totalRevenue": "913741000", "costOfRevenue": "1109729000", "costofGoodsAndServicesSold": "1109729000", "operatingIncome": "-229758000", "sellingGeneralAndAdministrative": "43429000", "researchAndDevelopment": "0", "operatingExpenses": "33770000", "investmentIncomeNet": "None", "netInterestIncome": "None", "interestIncome": "None", "interestExpense": "35848000", "nonInterestIncome": "None", "otherNonOperatingIncome": "None", "depreciation": "None", "depreciationAndAmortization": "5851000", "incomeBeforeTax": "-284908000", "incomeTaxExpense": "-320480000", "interestAndDebtExpense": "None", "netIncomeFromContinuingOperations": "0", "comprehensiveIncomeNetOfTax": "None", "ebit": "-430188000", "ebitda": "-424337000", "netIncome": "35572000"}, {"fiscalDateEnding": "2009-08-31", "reportedCurrency": "USD", "grossProfit": "-50087000", "totalRevenue": "720730000", "costOfRevenue": "770817000", "costofGoodsAndServicesSold": "770817000", "operatingIncome": "-77644000", "sellingGeneralAndAdministrative": "28053000", "researchAndDevelopment": "0", "operatingExpenses": "27557000", "investmentIncomeNet": "None", "netInterestIncome": "None", "interestIncome": "None", "interestExpense": "22428000", "nonInterestIncome": "None", "otherNonOperatingIncome": "None", "depreciation": "None", "depreciationAndAmortization": "3891000", "incomeBeforeTax": "-171644000", "incomeTaxExpense": "2740000", "interestAndDebtExpense": "None", "netIncomeFromContinuingOperations": "0", "comprehensiveIncomeNetOfTax": "None", "ebit": "-149216000", "ebitda": "-145325000", "netIncome": "-171605000"}, {"fiscalDateEnding": "2009-05-31", "reportedCurrency": "USD", "grossProfit": "-17972000", "totalRevenue": "891853000", "costOfRevenue": "909825000", "costofGoodsAndServicesSold": "909825000", "operatingIncome": "-47746000", "sellingGeneralAndAdministrative": "30239000", "researchAndDevelopment": "0", "operatingExpenses": "29774000", "investmentIncomeNet": "None", "netInterestIncome": "None", "interestIncome": "None", "interestExpense": "14493000", "nonInterestIncome": "None", "otherNonOperatingIncome": "None", "depreciation": "None", "depreciationAndAmortization": "4834000", "incomeBeforeTax": "-130158000", "incomeTaxExpense": "1547000", "interestAndDebtExpense": "None", "netIncomeFromContinuingOperations": "0", "comprehensiveIncomeNetOfTax": "None", "ebit": "-115665000", "ebitda": "-110831000", "netIncome": "-125185000"}, {"fiscalDateEnding": "2009-02-28", "reportedCurrency": "USD", "grossProfit": "-77589000", "totalRevenue": "593063000", "costOfRevenue": "670652000", "costofGoodsAndServicesSold": "670652000", "operatingIncome": "-105064000", "sellingGeneralAndAdministrative": "28031000", "researchAndDevelopment": "0", "operatingExpenses": "27475000", "investmentIncomeNet": "None", "netInterestIncome": "None", "interestIncome": "None", "interestExpense": "12029000", "nonInterestIncome": "None", "otherNonOperatingIncome": "None", "depreciation": "None", "depreciationAndAmortization": "5329000", "incomeBeforeTax": "-155815000", "incomeTaxExpense": "1848000", "interestAndDebtExpense": "None", "netIncomeFromContinuingOperations": "0", "comprehensiveIncomeNetOfTax": "None", "ebit": "-143786000", "ebitda": "-138457000", "netIncome": "-155929000"}, {"fiscalDateEnding": "2008-11-30", "reportedCurrency": "USD", "grossProfit": "-107460000", "totalRevenue": "1278048000", "costOfRevenue": "1385508000", "costofGoodsAndServicesSold": "1385508000", "operatingIncome": "-138759000", "sellingGeneralAndAdministrative": "31299000", "researchAndDevelopment": "0", "operatingExpenses": "31299000", "investmentIncomeNet": "None", "netInterestIncome": "None", "interestIncome": "None", "interestExpense": "4903000", "nonInterestIncome": "None", "otherNonOperatingIncome": "None", "depreciation": "None", "depreciationAndAmortization": "4579000", "incomeBeforeTax": "-94950000", "incomeTaxExpense": "716039000", "interestAndDebtExpense": "None", "netIncomeFromContinuingOperations": "0", "comprehensiveIncomeNetOfTax": "None", "ebit": "-138759000", "ebitda": "-134180000", "netIncome": "-810989000"}, {"fiscalDateEnding": "2008-08-31", "reportedCurrency": "USD", "grossProfit": "-50885000", "totalRevenue": "1106540000", "costOfRevenue": "1157425000", "costofGoodsAndServicesSold": "1157425000", "operatingIncome": "-84932000", "sellingGeneralAndAdministrative": "34047000", "researchAndDevelopment": "0", "operatingExpenses": "34047000", "investmentIncomeNet": "None", "netInterestIncome": "None", "interestIncome": "None", "interestExpense": "9016000", "nonInterestIncome": "None", "otherNonOperatingIncome": "None", "depreciation": "None", "depreciationAndAmortization": "7554000", "incomeBeforeTax": "-139102000", "incomeTaxExpense": "-50138000", "interestAndDebtExpense": "None", "netIncomeFromContinuingOperations": "0", "comprehensiveIncomeNetOfTax": "None", "ebit": "-84932000", "ebitda": "-77378000", "netIncome": "-88964000"}, {"fiscalDateEnding": "2008-05-31", "reportedCurrency": "USD", "grossProfit": "-77023000", "totalRevenue": "1127916000", "costOfRevenue": "1204939000", "costofGoodsAndServicesSold": "1204939000", "operatingIncome": "-106607000", "sellingGeneralAndAdministrative": "29584000", "researchAndDevelopment": "0", "operatingExpenses": "29584000", "investmentIncomeNet": "None", "netInterestIncome": "None", "interestIncome": "None", "interestExpense": "218000", "nonInterestIncome": "None", "otherNonOperatingIncome": "None", "depreciation": "None", "depreciationAndAmortization": "7856000", "incomeBeforeTax": "-173400000", "incomeTaxExpense": "-52266000", "interestAndDebtExpense": "None", "netIncomeFromContinuingOperations": "0", "comprehensiveIncomeNetOfTax": "None", "ebit": "-106607000", "ebitda": "-98751000", "netIncome": "-120916000"}, {"fiscalDateEnding": "2008-02-29", "reportedCurrency": "USD", "grossProfit": "-74465000", "totalRevenue": "1062913000", "costOfRevenue": "1137378000", "costofGoodsAndServicesSold": "1137378000", "operatingIncome": "-109287000", "sellingGeneralAndAdministrative": "34822000", "researchAndDevelopment": "0", "operatingExpenses": "34822000", "investmentIncomeNet": "None", "netInterestIncome": "None", "interestIncome": "None", "interestExpense": "234000", "nonInterestIncome": "None", "otherNonOperatingIncome": "None", "depreciation": "None", "depreciationAndAmortization": "10532000", "incomeBeforeTax": "-154294000", "incomeTaxExpense": "-66078000", "interestAndDebtExpense": "None", "netIncomeFromContinuingOperations": "0", "comprehensiveIncomeNetOfTax": "None", "ebit": "-109287000", "ebitda": "-98755000", "netIncome": "-88216000"}, {"fiscalDateEnding": "2007-11-30", "reportedCurrency": "USD", "grossProfit": "-1483100000", "totalRevenue": "2176905000", "costOfRevenue": "3660005000", "costofGoodsAndServicesSold": "3660005000", "operatingIncome": "-1518866000", "sellingGeneralAndAdministrative": "35766000", "researchAndDevelopment": "0", "operatingExpenses": "35766000", "investmentIncomeNet": "None", "netInterestIncome": "None", "interestIncome": "None", "interestExpense": "1263000", "nonInterestIncome": "None", "otherNonOperatingIncome": "None", "depreciation": "None", "depreciationAndAmortization": "17541000", "incomeBeforeTax": "-1969091000", "incomeTaxExpense": "-717444000", "interestAndDebtExpense": "None", "netIncomeFromContinuingOperations": "0", "comprehensiveIncomeNetOfTax": "None", "ebit": "-1518866000", "ebitda": "-1501325000", "netIncome": "-1251647000"}, {"fiscalDateEnding": "2007-08-31", "reportedCurrency": "USD", "grossProfit": "-653201000", "totalRevenue": "2341853000", "costOfRevenue": "2995054000", "costofGoodsAndServicesSold": "2995054000", "operatingIncome": "-697901000", "sellingGeneralAndAdministrative": "44700000", "researchAndDevelopment": "0", "operatingExpenses": "44700000", "investmentIncomeNet": "None", "netInterestIncome": "None", "interestIncome": "None", "interestExpense": "1822000", "nonInterestIncome": "None", "otherNonOperatingIncome": "None", "depreciation": "None", "depreciationAndAmortization": "13608000", "incomeBeforeTax": "-837643000", "incomeTaxExpense": "-323791000", "interestAndDebtExpense": "None", "netIncomeFromContinuingOperations": "0", "comprehensiveIncomeNetOfTax": "None", "ebit": "-697901000", "ebitda": "-684293000", "netIncome": "-513852000"}, {"fiscalDateEnding": "2007-05-31", "reportedCurrency": "USD", "grossProfit": "-297277000", "totalRevenue": "2875943000", "costOfRevenue": "3173220000", "costofGoodsAndServicesSold": "3173220000", "operatingIncome": "-343094000", "sellingGeneralAndAdministrative": "45817000", "researchAndDevelopment": "0", "operatingExpenses": "45817000", "investmentIncomeNet": "None", "netInterestIncome": "None", "interestIncome": "None", "interestExpense": "824000", "nonInterestIncome": "None", "otherNonOperatingIncome": "None", "depreciation": "None", "depreciationAndAmortization": "13009000", "incomeBeforeTax": "-383272000", "incomeTaxExpense": "-139067000", "interestAndDebtExpense": "None", "netIncomeFromContinuingOperations": "0", "comprehensiveIncomeNetOfTax": "None", "ebit": "-343094000", "ebitda": "-330085000", "netIncome": "-244205000"}, {"fiscalDateEnding": "2007-02-28", "reportedCurrency": "USD", "grossProfit": "-19127000", "totalRevenue": "2792080000", "costOfRevenue": "2811207000", "costofGoodsAndServicesSold": "2811207000", "operatingIncome": "-66046000", "sellingGeneralAndAdministrative": "46919000", "researchAndDevelopment": "0", "operatingExpenses": "46919000", "investmentIncomeNet": "None", "netInterestIncome": "None", "interestIncome": "None", "interestExpense": "544000", "nonInterestIncome": "None", "otherNonOperatingIncome": "None", "depreciation": "None", "depreciationAndAmortization": "12606000", "incomeBeforeTax": "108925000", "incomeTaxExpense": "40302000", "interestAndDebtExpense": "None", "netIncomeFromContinuingOperations": "0", "comprehensiveIncomeNetOfTax": "None", "ebit": "-66046000", "ebitda": "-53440000", "netIncome": "68623000"}, {"fiscalDateEnding": "2006-11-30", "reportedCurrency": "USD", "grossProfit": "-224463000", "totalRevenue": "4266065000", "costOfRevenue": "4490528000", "costofGoodsAndServicesSold": "4490528000", "operatingIncome": "-258486000", "sellingGeneralAndAdministrative": "34023000", "researchAndDevelopment": "0", "operatingExpenses": "34023000", "investmentIncomeNet": "None", "netInterestIncome": "None", "interestIncome": "None", "interestExpense": "1360000", "nonInterestIncome": "None", "otherNonOperatingIncome": "None", "depreciation": "None", "depreciationAndAmortization": "12721000", "incomeBeforeTax": "-310484000", "incomeTaxExpense": "-114879000", "interestAndDebtExpense": "None", "netIncomeFromContinuingOperations": "0", "comprehensiveIncomeNetOfTax": "None", "ebit": "-258486000", "ebitda": "-245765000", "netIncome": "-195605000"}, {"fiscalDateEnding": "2006-08-31", "reportedCurrency": "USD", "grossProfit": "364076000", "totalRevenue": "4182435000", "costOfRevenue": "3818359000", "costofGoodsAndServicesSold": "3818359000", "operatingIncome": "313215000", "sellingGeneralAndAdministrative": "50861000", "researchAndDevelopment": "0", "operatingExpenses": "50861000", "investmentIncomeNet": "None", "netInterestIncome": "None", "interestIncome": "None", "interestExpense": "1101000", "nonInterestIncome": "None", "otherNonOperatingIncome": "None", "depreciation": "None", "depreciationAndAmortization": "11799000", "incomeBeforeTax": "328055000", "incomeTaxExpense": "121380000", "interestAndDebtExpense": "None", "netIncomeFromContinuingOperations": "0", "comprehensiveIncomeNetOfTax": "None", "ebit": "313215000", "ebitda": "325014000", "netIncome": "206675000"}, {"fiscalDateEnding": "2006-05-31", "reportedCurrency": "USD", "grossProfit": "547378000", "totalRevenue": "4577503000", "costOfRevenue": "4030125000", "costofGoodsAndServicesSold": "4030125000", "operatingIncome": "490846000", "sellingGeneralAndAdministrative": "63526000", "researchAndDevelopment": "0", "operatingExpenses": "56532000", "investmentIncomeNet": "None", "netInterestIncome": "None", "interestIncome": "None", "interestExpense": "45030000", "nonInterestIncome": "None", "otherNonOperatingIncome": "None", "depreciation": "None", "depreciationAndAmortization": "11338000", "incomeBeforeTax": "515472000", "incomeTaxExpense": "190725000", "interestAndDebtExpense": "None", "netIncomeFromContinuingOperations": "0", "comprehensiveIncomeNetOfTax": "None", "ebit": "490846000", "ebitda": "502184000", "netIncome": "324747000"}, {"fiscalDateEnding": "2006-02-28", "reportedCurrency": "USD", "grossProfit": "408287000", "totalRevenue": "3240659000", "costOfRevenue": "2832372000", "costofGoodsAndServicesSold": "2832372000", "operatingIncome": "356396000", "sellingGeneralAndAdministrative": "51891000", "researchAndDevelopment": "0", "operatingExpenses": "51891000", "investmentIncomeNet": "None", "netInterestIncome": "None", "interestIncome": "None", "interestExpense": "4413000", "nonInterestIncome": "None", "otherNonOperatingIncome": "None", "depreciation": "None", "depreciationAndAmortization": "14153000", "incomeBeforeTax": "409606000", "incomeTaxExpense": "151554000", "interestAndDebtExpense": "None", "netIncomeFromContinuingOperations": "0", "comprehensiveIncomeNetOfTax": "None", "ebit": "356396000", "ebitda": "370549000", "netIncome": "258052000"}, {"fiscalDateEnding": "2005-11-30", "reportedCurrency": "USD", "grossProfit": "584345000", "totalRevenue": "3550747000", "costOfRevenue": "2966402000", "costofGoodsAndServicesSold": "2966402000", "operatingIncome": "536736000", "sellingGeneralAndAdministrative": "47609000", "researchAndDevelopment": "0", "operatingExpenses": "47609000", "investmentIncomeNet": "None", "netInterestIncome": "None", "interestIncome": "None", "interestExpense": "45030000", "nonInterestIncome": "None", "otherNonOperatingIncome": "None", "depreciation": "None", "depreciationAndAmortization": "19575000", "incomeBeforeTax": "610015000", "incomeTaxExpense": "230281000", "interestAndDebtExpense": "None", "netIncomeFromContinuingOperations": "0", "comprehensiveIncomeNetOfTax": "None", "ebit": "536736000", "ebitda": "556311000", "netIncome": "379734000"}, {"fiscalDateEnding": "2005-08-31", "reportedCurrency": "USD", "grossProfit": "563458000", "totalRevenue": "3498332000", "costOfRevenue": "2934874000", "costofGoodsAndServicesSold": "2934874000", "operatingIncome": "517714000", "sellingGeneralAndAdministrative": "45744000", "researchAndDevelopment": "0", "operatingExpenses": "45744000", "investmentIncomeNet": "None", "netInterestIncome": "None", "interestIncome": "None", "interestExpense": "45388000", "nonInterestIncome": "None", "otherNonOperatingIncome": "None", "depreciation": "None", "depreciationAndAmortization": "20090000", "incomeBeforeTax": "541772000", "incomeTaxExpense": "204519000", "interestAndDebtExpense": "None", "netIncomeFromContinuingOperations": "0", "comprehensiveIncomeNetOfTax": "None", "ebit": "517714000", "ebitda": "537804000", "netIncome": "337253000"}, {"fiscalDateEnding": "2005-05-31", "reportedCurrency": "USD", "grossProfit": "428456000", "totalRevenue": "2932974000", "costOfRevenue": "2504518000", "costofGoodsAndServicesSold": "2504518000", "operatingIncome": "387629000", "sellingGeneralAndAdministrative": "40827000", "researchAndDevelopment": "0", "operatingExpenses": "40827000", "investmentIncomeNet": "None", "netInterestIncome": "None", "interestIncome": "None", "interestExpense": "40560000", "nonInterestIncome": "None", "otherNonOperatingIncome": "None", "depreciation": "None", "depreciationAndAmortization": "16680000", "incomeBeforeTax": "374689000", "incomeTaxExpense": "141445000", "interestAndDebtExpense": "None", "netIncomeFromContinuingOperations": "0", "comprehensiveIncomeNetOfTax": "None", "ebit": "387629000", "ebitda": "404309000", "netIncome": "243537000"}, {"fiscalDateEnding": "2005-02-28", "reportedCurrency": "USD", "grossProfit": "317393000", "totalRevenue": "2407312000", "costOfRevenue": "2089919000", "costofGoodsAndServicesSold": "2089919000", "operatingIncome": "280233000", "sellingGeneralAndAdministrative": "37160000", "researchAndDevelopment": "0", "operatingExpenses": "37160000", "investmentIncomeNet": "None", "netInterestIncome": "None", "interestIncome": "None", "interestExpense": "36923000", "nonInterestIncome": "None", "otherNonOperatingIncome": "None", "depreciation": "None", "depreciationAndAmortization": "20051000", "incomeBeforeTax": "310371000", "incomeTaxExpense": "117165000", "interestAndDebtExpense": "None", "netIncomeFromContinuingOperations": "0", "comprehensiveIncomeNetOfTax": "None", "ebit": "310371000", "ebitda": "330422000", "netIncome": "193206000"}]}