{"symbol": "DASH", "annualReports": [{"fiscalDateEnding": "2024-12-31", "reportedCurrency": "USD", "grossProfit": "5180000000", "totalRevenue": "10722000000", "costOfRevenue": "5542000000", "costofGoodsAndServicesSold": "5542000000", "operatingIncome": "-38000000", "sellingGeneralAndAdministrative": "1452000000", "researchAndDevelopment": "1168000000", "operatingExpenses": "5218000000", "investmentIncomeNet": "None", "netInterestIncome": "199000000", "interestIncome": "199000000", "interestExpense": "None", "nonInterestIncome": "None", "otherNonOperatingIncome": "None", "depreciation": "None", "depreciationAndAmortization": "561000000", "incomeBeforeTax": "156000000", "incomeTaxExpense": "39000000", "interestAndDebtExpense": "None", "netIncomeFromContinuingOperations": "117000000", "comprehensiveIncomeNetOfTax": "None", "ebit": "-38000000", "ebitda": "523000000", "netIncome": "123000000"}, {"fiscalDateEnding": "2023-12-31", "reportedCurrency": "USD", "grossProfit": "4046000000", "totalRevenue": "8635000000", "costOfRevenue": "4589000000", "costofGoodsAndServicesSold": "4589000000", "operatingIncome": "-579000000", "sellingGeneralAndAdministrative": "1235000000", "researchAndDevelopment": "1003000000", "operatingExpenses": "4625000000", "investmentIncomeNet": "None", "netInterestIncome": "117000000", "interestIncome": "119000000", "interestExpense": "152000000", "nonInterestIncome": "None", "otherNonOperatingIncome": "None", "depreciation": "None", "depreciationAndAmortization": "509000000", "incomeBeforeTax": "-534000000", "incomeTaxExpense": "31000000", "interestAndDebtExpense": "None", "netIncomeFromContinuingOperations": "-1051000000", "comprehensiveIncomeNetOfTax": "None", "ebit": "-577000000", "ebitda": "-68000000", "netIncome": "-558000000"}, {"fiscalDateEnding": "2022-12-31", "reportedCurrency": "USD", "grossProfit": "2995000000", "totalRevenue": "6583000000", "costOfRevenue": "3588000000", "costofGoodsAndServicesSold": "3588000000", "operatingIncome": "-1032000000", "sellingGeneralAndAdministrative": "1147000000", "researchAndDevelopment": "829000000", "operatingExpenses": "4027000000", "investmentIncomeNet": "None", "netInterestIncome": "30000000", "interestIncome": "32000000", "interestExpense": "2000000", "nonInterestIncome": "None", "otherNonOperatingIncome": "None", "depreciation": "None", "depreciationAndAmortization": "369000000", "incomeBeforeTax": "-1399000000", "incomeTaxExpense": "-31000000", "interestAndDebtExpense": "None", "netIncomeFromContinuingOperations": "-1368000000", "comprehensiveIncomeNetOfTax": "None", "ebit": "-1032000000", "ebitda": "-663000000", "netIncome": "-1368000000"}, {"fiscalDateEnding": "2021-12-31", "reportedCurrency": "USD", "grossProfit": "2550000000", "totalRevenue": "4888000000", "costOfRevenue": "2338000000", "costofGoodsAndServicesSold": "2338000000", "operatingIncome": "-452000000", "sellingGeneralAndAdministrative": "797000000", "researchAndDevelopment": "430000000", "operatingExpenses": "3002000000", "investmentIncomeNet": "None", "netInterestIncome": "-11000000", "interestIncome": "3000000", "interestExpense": "14000000", "nonInterestIncome": "None", "otherNonOperatingIncome": "3000000", "depreciation": "None", "depreciationAndAmortization": "156000000", "incomeBeforeTax": "-463000000", "incomeTaxExpense": "5000000", "interestAndDebtExpense": "None", "netIncomeFromContinuingOperations": "-468000000", "comprehensiveIncomeNetOfTax": "None", "ebit": "-449000000", "ebitda": "-293000000", "netIncome": "-468000000"}, {"fiscalDateEnding": "2020-12-31", "reportedCurrency": "USD", "grossProfit": "1518000000", "totalRevenue": "2886000000", "costOfRevenue": "1368000000", "costofGoodsAndServicesSold": "1368000000", "operatingIncome": "-436000000", "sellingGeneralAndAdministrative": "556000000", "researchAndDevelopment": "321000000", "operatingExpenses": "1954000000", "investmentIncomeNet": "None", "netInterestIncome": "-25000000", "interestIncome": "7000000", "interestExpense": "32000000", "nonInterestIncome": "None", "otherNonOperatingIncome": "10000000", "depreciation": "None", "depreciationAndAmortization": "120000000", "incomeBeforeTax": "-458000000", "incomeTaxExpense": "3000000", "interestAndDebtExpense": "None", "netIncomeFromContinuingOperations": "-461000000", "comprehensiveIncomeNetOfTax": "None", "ebit": "-426000000", "ebitda": "-306000000", "netIncome": "-461000000"}, {"fiscalDateEnding": "2019-12-31", "reportedCurrency": "USD", "grossProfit": "362000000", "totalRevenue": "885000000", "costOfRevenue": "523000000", "costofGoodsAndServicesSold": "523000000", "operatingIncome": "-616000000", "sellingGeneralAndAdministrative": "245000000", "researchAndDevelopment": "107000000", "operatingExpenses": "978000000", "investmentIncomeNet": "None", "netInterestIncome": "18000000", "interestIncome": "18000000", "interestExpense": "18000000", "nonInterestIncome": "None", "otherNonOperatingIncome": "None", "depreciation": "None", "depreciationAndAmortization": "32000000", "incomeBeforeTax": "-666000000", "incomeTaxExpense": "1000000", "interestAndDebtExpense": "None", "netIncomeFromContinuingOperations": "-667000000", "comprehensiveIncomeNetOfTax": "None", "ebit": "-666000000", "ebitda": "-634000000", "netIncome": "-667000000"}, {"fiscalDateEnding": "2018-12-31", "reportedCurrency": "USD", "grossProfit": "63000000", "totalRevenue": "291000000", "costOfRevenue": "228000000", "costofGoodsAndServicesSold": "228000000", "operatingIncome": "-210000000", "sellingGeneralAndAdministrative": "78000000", "researchAndDevelopment": "51000000", "operatingExpenses": "273000000", "investmentIncomeNet": "None", "netInterestIncome": "6000000", "interestIncome": "7000000", "interestExpense": "1000000", "nonInterestIncome": "None", "otherNonOperatingIncome": "None", "depreciation": "None", "depreciationAndAmortization": "9000000", "incomeBeforeTax": "-204000000", "incomeTaxExpense": "7000000", "interestAndDebtExpense": "None", "netIncomeFromContinuingOperations": "-204000000", "comprehensiveIncomeNetOfTax": "None", "ebit": "-204000000", "ebitda": "-195000000", "netIncome": "-204000000"}], "quarterlyReports": [{"fiscalDateEnding": "2024-12-31", "reportedCurrency": "USD", "grossProfit": "1420000000", "totalRevenue": "2873000000", "costOfRevenue": "1453000000", "costofGoodsAndServicesSold": "1453000000", "operatingIncome": "117000000", "sellingGeneralAndAdministrative": "324000000", "researchAndDevelopment": "297000000", "operatingExpenses": "1303000000", "investmentIncomeNet": "None", "netInterestIncome": "51000000", "interestIncome": "51000000", "interestExpense": "None", "nonInterestIncome": "None", "otherNonOperatingIncome": "None", "depreciation": "None", "depreciationAndAmortization": "141000000", "incomeBeforeTax": "176000000", "incomeTaxExpense": "37000000", "interestAndDebtExpense": "None", "netIncomeFromContinuingOperations": "139000000", "comprehensiveIncomeNetOfTax": "None", "ebit": "117000000", "ebitda": "258000000", "netIncome": "141000000"}, {"fiscalDateEnding": "2024-09-30", "reportedCurrency": "USD", "grossProfit": "1332000000", "totalRevenue": "2706000000", "costOfRevenue": "1374000000", "costofGoodsAndServicesSold": "1374000000", "operatingIncome": "107000000", "sellingGeneralAndAdministrative": "315000000", "researchAndDevelopment": "289000000", "operatingExpenses": "1225000000", "investmentIncomeNet": "None", "netInterestIncome": "54000000", "interestIncome": "54000000", "interestExpense": "None", "nonInterestIncome": "None", "otherNonOperatingIncome": "None", "depreciation": "None", "depreciationAndAmortization": "138000000", "incomeBeforeTax": "155000000", "incomeTaxExpense": "-6000000", "interestAndDebtExpense": "None", "netIncomeFromContinuingOperations": "161000000", "comprehensiveIncomeNetOfTax": "None", "ebit": "107000000", "ebitda": "245000000", "netIncome": "162000000"}, {"fiscalDateEnding": "2024-06-30", "reportedCurrency": "USD", "grossProfit": "1105000000", "totalRevenue": "2630000000", "costOfRevenue": "1525000000", "costofGoodsAndServicesSold": "1525000000", "operatingIncome": "-199000000", "sellingGeneralAndAdministrative": "341000000", "researchAndDevelopment": "303000000", "operatingExpenses": "1304000000", "investmentIncomeNet": "None", "netInterestIncome": "34000000", "interestIncome": "34000000", "interestExpense": "None", "nonInterestIncome": "None", "otherNonOperatingIncome": "None", "depreciation": "None", "depreciationAndAmortization": "140000000", "incomeBeforeTax": "-157000000", "incomeTaxExpense": "1000000", "interestAndDebtExpense": "None", "netIncomeFromContinuingOperations": "-172000000", "comprehensiveIncomeNetOfTax": "None", "ebit": "-201000000", "ebitda": "-61000000", "netIncome": "-157000000"}, {"fiscalDateEnding": "2024-03-31", "reportedCurrency": "USD", "grossProfit": "1183000000", "totalRevenue": "2513000000", "costOfRevenue": "1330000000", "costofGoodsAndServicesSold": "1330000000", "operatingIncome": "-61000000", "sellingGeneralAndAdministrative": "319000000", "researchAndDevelopment": "279000000", "operatingExpenses": "1244000000", "investmentIncomeNet": "None", "netInterestIncome": "45000000", "interestIncome": "45000000", "interestExpense": "None", "nonInterestIncome": "None", "otherNonOperatingIncome": "None", "depreciation": "None", "depreciationAndAmortization": "142000000", "incomeBeforeTax": "-18000000", "incomeTaxExpense": "7000000", "interestAndDebtExpense": "None", "netIncomeFromContinuingOperations": "-25000000", "comprehensiveIncomeNetOfTax": "None", "ebit": "-61000000", "ebitda": "81000000", "netIncome": "-23000000"}, {"fiscalDateEnding": "2023-12-31", "reportedCurrency": "USD", "grossProfit": "1074000000", "totalRevenue": "2303000000", "costOfRevenue": "1229000000", "costofGoodsAndServicesSold": "1229000000", "operatingIncome": "-89000000", "sellingGeneralAndAdministrative": "320000000", "researchAndDevelopment": "253000000", "operatingExpenses": "1163000000", "investmentIncomeNet": "None", "netInterestIncome": "51000000", "interestIncome": "None", "interestExpense": "151000000", "nonInterestIncome": "None", "otherNonOperatingIncome": "None", "depreciation": "None", "depreciationAndAmortization": "130000000", "incomeBeforeTax": "-139000000", "incomeTaxExpense": "17000000", "interestAndDebtExpense": "None", "netIncomeFromContinuingOperations": "-156000000", "comprehensiveIncomeNetOfTax": "None", "ebit": "-89000000", "ebitda": "41000000", "netIncome": "-154000000"}, {"fiscalDateEnding": "2023-09-30", "reportedCurrency": "USD", "grossProfit": "1008000000", "totalRevenue": "2164000000", "costOfRevenue": "1156000000", "costofGoodsAndServicesSold": "1156000000", "operatingIncome": "-108000000", "sellingGeneralAndAdministrative": "289000000", "researchAndDevelopment": "250000000", "operatingExpenses": "1116000000", "investmentIncomeNet": "None", "netInterestIncome": "40000000", "interestIncome": "40000000", "interestExpense": "None", "nonInterestIncome": "None", "otherNonOperatingIncome": "None", "depreciation": "None", "depreciationAndAmortization": "128000000", "incomeBeforeTax": "-69000000", "incomeTaxExpense": "6000000", "interestAndDebtExpense": "None", "netIncomeFromContinuingOperations": "-75000000", "comprehensiveIncomeNetOfTax": "None", "ebit": "-108000000", "ebitda": "20000000", "netIncome": "-73000000"}, {"fiscalDateEnding": "2023-06-30", "reportedCurrency": "USD", "grossProfit": "998000000", "totalRevenue": "2133000000", "costOfRevenue": "1135000000", "costofGoodsAndServicesSold": "1135000000", "operatingIncome": "-211000000", "sellingGeneralAndAdministrative": "341000000", "researchAndDevelopment": "269000000", "operatingExpenses": "1209000000", "investmentIncomeNet": "None", "netInterestIncome": "34000000", "interestIncome": "34000000", "interestExpense": "None", "nonInterestIncome": "None", "otherNonOperatingIncome": "30000000", "depreciation": "None", "depreciationAndAmortization": "128000000", "incomeBeforeTax": "-181000000", "incomeTaxExpense": "-9000000", "interestAndDebtExpense": "None", "netIncomeFromContinuingOperations": "-172000000", "comprehensiveIncomeNetOfTax": "None", "ebit": "-211000000", "ebitda": "-83000000", "netIncome": "-170000000"}, {"fiscalDateEnding": "2023-03-31", "reportedCurrency": "USD", "grossProfit": "966000000", "totalRevenue": "2035000000", "costOfRevenue": "1069000000", "costofGoodsAndServicesSold": "1069000000", "operatingIncome": "-169000000", "sellingGeneralAndAdministrative": "285000000", "researchAndDevelopment": "231000000", "operatingExpenses": "1135000000", "investmentIncomeNet": "None", "netInterestIncome": "27000000", "interestIncome": "28000000", "interestExpense": "1000000", "nonInterestIncome": "None", "otherNonOperatingIncome": "27000000", "depreciation": "None", "depreciationAndAmortization": "123000000", "incomeBeforeTax": "-145000000", "incomeTaxExpense": "17000000", "interestAndDebtExpense": "None", "netIncomeFromContinuingOperations": "-162000000", "comprehensiveIncomeNetOfTax": "None", "ebit": "-169000000", "ebitda": "-46000000", "netIncome": "-162000000"}, {"fiscalDateEnding": "2022-12-31", "reportedCurrency": "USD", "grossProfit": "804000000", "totalRevenue": "1818000000", "costOfRevenue": "1014000000", "costofGoodsAndServicesSold": "1014000000", "operatingIncome": "-286000000", "sellingGeneralAndAdministrative": "300000000", "researchAndDevelopment": "250000000", "operatingExpenses": "1090000000", "investmentIncomeNet": "None", "netInterestIncome": "16000000", "interestIncome": "17000000", "interestExpense": "1000000", "nonInterestIncome": "None", "otherNonOperatingIncome": "None", "depreciation": "None", "depreciationAndAmortization": "111000000", "incomeBeforeTax": "-659000000", "incomeTaxExpense": "-17000000", "interestAndDebtExpense": "None", "netIncomeFromContinuingOperations": "-642000000", "comprehensiveIncomeNetOfTax": "None", "ebit": "-658000000", "ebitda": "-547000000", "netIncome": "-642000000"}, {"fiscalDateEnding": "2022-09-30", "reportedCurrency": "USD", "grossProfit": "770000000", "totalRevenue": "1701000000", "costOfRevenue": "931000000", "costofGoodsAndServicesSold": "931000000", "operatingIncome": "-308000000", "sellingGeneralAndAdministrative": "316000000", "researchAndDevelopment": "226000000", "operatingExpenses": "1078000000", "investmentIncomeNet": "None", "netInterestIncome": "9000000", "interestIncome": "9000000", "interestExpense": "9000000", "nonInterestIncome": "None", "otherNonOperatingIncome": "7000000", "depreciation": "None", "depreciationAndAmortization": "118000000", "incomeBeforeTax": "-301000000", "incomeTaxExpense": "-5000000", "interestAndDebtExpense": "None", "netIncomeFromContinuingOperations": "-296000000", "comprehensiveIncomeNetOfTax": "None", "ebit": "-303000000", "ebitda": "-185000000", "netIncome": "-296000000"}, {"fiscalDateEnding": "2022-06-30", "reportedCurrency": "USD", "grossProfit": "728000000", "totalRevenue": "1608000000", "costOfRevenue": "880000000", "costofGoodsAndServicesSold": "880000000", "operatingIncome": "-273000000", "sellingGeneralAndAdministrative": "294000000", "researchAndDevelopment": "205000000", "operatingExpenses": "1001000000", "investmentIncomeNet": "None", "netInterestIncome": "4000000", "interestIncome": "5000000", "interestExpense": "1000000", "nonInterestIncome": "None", "otherNonOperatingIncome": "2000000", "depreciation": "None", "depreciationAndAmortization": "81000000", "incomeBeforeTax": "-272000000", "incomeTaxExpense": "-9000000", "interestAndDebtExpense": "None", "netIncomeFromContinuingOperations": "-263000000", "comprehensiveIncomeNetOfTax": "None", "ebit": "-271000000", "ebitda": "-190000000", "netIncome": "-263000000"}, {"fiscalDateEnding": "2022-03-31", "reportedCurrency": "USD", "grossProfit": "693000000", "totalRevenue": "1456000000", "costOfRevenue": "763000000", "costofGoodsAndServicesSold": "763000000", "operatingIncome": "-173000000", "sellingGeneralAndAdministrative": "245000000", "researchAndDevelopment": "148000000", "operatingExpenses": "866000000", "investmentIncomeNet": "None", "netInterestIncome": "1000000", "interestIncome": "1000000", "interestExpense": "1000000", "nonInterestIncome": "None", "otherNonOperatingIncome": "6000000", "depreciation": "None", "depreciationAndAmortization": "59000000", "incomeBeforeTax": "-167000000", "incomeTaxExpense": "-6000000", "interestAndDebtExpense": "None", "netIncomeFromContinuingOperations": "-167000000", "comprehensiveIncomeNetOfTax": "None", "ebit": "-167000000", "ebitda": "-108000000", "netIncome": "-161000000"}, {"fiscalDateEnding": "2021-12-31", "reportedCurrency": "USD", "grossProfit": "665000000", "totalRevenue": "1300000000", "costOfRevenue": "635000000", "costofGoodsAndServicesSold": "635000000", "operatingIncome": "-152000000", "sellingGeneralAndAdministrative": "224000000", "researchAndDevelopment": "133000000", "operatingExpenses": "819000000", "investmentIncomeNet": "None", "netInterestIncome": "0", "interestIncome": "1000000", "interestExpense": "1000000", "nonInterestIncome": "None", "otherNonOperatingIncome": "2000000", "depreciation": "None", "depreciationAndAmortization": "49000000", "incomeBeforeTax": "-153000000", "incomeTaxExpense": "2000000", "interestAndDebtExpense": "None", "netIncomeFromContinuingOperations": "-155000000", "comprehensiveIncomeNetOfTax": "None", "ebit": "-152000000", "ebitda": "-103000000", "netIncome": "-155000000"}, {"fiscalDateEnding": "2021-09-30", "reportedCurrency": "USD", "grossProfit": "690000000", "totalRevenue": "1275000000", "costOfRevenue": "585000000", "costofGoodsAndServicesSold": "585000000", "operatingIncome": "-100000000", "sellingGeneralAndAdministrative": "188000000", "researchAndDevelopment": "115000000", "operatingExpenses": "790000000", "investmentIncomeNet": "None", "netInterestIncome": "0", "interestIncome": "0", "interestExpense": "0", "nonInterestIncome": "None", "otherNonOperatingIncome": "-1000000", "depreciation": "None", "depreciationAndAmortization": "41000000", "incomeBeforeTax": "-101000000", "incomeTaxExpense": "-1000000", "interestAndDebtExpense": "None", "netIncomeFromContinuingOperations": "-101000000", "comprehensiveIncomeNetOfTax": "None", "ebit": "-101000000", "ebitda": "-60000000", "netIncome": "-101000000"}, {"fiscalDateEnding": "2021-06-30", "reportedCurrency": "USD", "grossProfit": "681000000", "totalRevenue": "1236000000", "costOfRevenue": "555000000", "costofGoodsAndServicesSold": "555000000", "operatingIncome": "-99000000", "sellingGeneralAndAdministrative": "216000000", "researchAndDevelopment": "100000000", "operatingExpenses": "780000000", "investmentIncomeNet": "None", "netInterestIncome": "-1000000", "interestIncome": "0", "interestExpense": "1000000", "nonInterestIncome": "None", "otherNonOperatingIncome": "None", "depreciation": "None", "depreciationAndAmortization": "37000000", "incomeBeforeTax": "-100000000", "incomeTaxExpense": "2000000", "interestAndDebtExpense": "None", "netIncomeFromContinuingOperations": "-102000000", "comprehensiveIncomeNetOfTax": "None", "ebit": "-99000000", "ebitda": "-62000000", "netIncome": "-102000000"}, {"fiscalDateEnding": "2021-03-31", "reportedCurrency": "USD", "grossProfit": "514000000", "totalRevenue": "1077000000", "costOfRevenue": "563000000", "costofGoodsAndServicesSold": "563000000", "operatingIncome": "-99000000", "sellingGeneralAndAdministrative": "169000000", "researchAndDevelopment": "82000000", "operatingExpenses": "613000000", "investmentIncomeNet": "None", "netInterestIncome": "-10000000", "interestIncome": "2000000", "interestExpense": "12000000", "nonInterestIncome": "None", "otherNonOperatingIncome": "2000000", "depreciation": "None", "depreciationAndAmortization": "29000000", "incomeBeforeTax": "-109000000", "incomeTaxExpense": "1000000", "interestAndDebtExpense": "None", "netIncomeFromContinuingOperations": "-110000000", "comprehensiveIncomeNetOfTax": "None", "ebit": "-97000000", "ebitda": "-68000000", "netIncome": "-110000000"}, {"fiscalDateEnding": "2020-12-31", "reportedCurrency": "USD", "grossProfit": "501000000", "totalRevenue": "970000000", "costOfRevenue": "469000000", "costofGoodsAndServicesSold": "469000000", "operatingIncome": "-305000000", "sellingGeneralAndAdministrative": "219000000", "researchAndDevelopment": "209000000", "operatingExpenses": "806000000", "investmentIncomeNet": "None", "netInterestIncome": "-9000000", "interestIncome": "1000000", "interestExpense": "10000000", "nonInterestIncome": "None", "otherNonOperatingIncome": "None", "depreciation": "None", "depreciationAndAmortization": "31000000", "incomeBeforeTax": "-311000000", "incomeTaxExpense": "1000000", "interestAndDebtExpense": "None", "netIncomeFromContinuingOperations": "-312000000", "comprehensiveIncomeNetOfTax": "None", "ebit": "-301000000", "ebitda": "-270000000", "netIncome": "-312000000"}, {"fiscalDateEnding": "2020-09-30", "reportedCurrency": "USD", "grossProfit": "497000000", "totalRevenue": "879000000", "costOfRevenue": "382000000", "costofGoodsAndServicesSold": "382000000", "operatingIncome": "-35000000", "sellingGeneralAndAdministrative": "167000000", "researchAndDevelopment": "41000000", "operatingExpenses": "532000000", "investmentIncomeNet": "None", "netInterestIncome": "-8000000", "interestIncome": "1000000", "interestExpense": "9000000", "nonInterestIncome": "None", "otherNonOperatingIncome": "None", "depreciation": "None", "depreciationAndAmortization": "34000000", "incomeBeforeTax": "-42000000", "incomeTaxExpense": "1000000", "interestAndDebtExpense": "None", "netIncomeFromContinuingOperations": "-43000000", "comprehensiveIncomeNetOfTax": "None", "ebit": "-33000000", "ebitda": "1000000", "netIncome": "-43000000"}, {"fiscalDateEnding": "2020-06-30", "reportedCurrency": "USD", "grossProfit": "352000000", "totalRevenue": "675000000", "costOfRevenue": "323000000", "costofGoodsAndServicesSold": "323000000", "operatingIncome": "27000000", "sellingGeneralAndAdministrative": "88000000", "researchAndDevelopment": "38000000", "operatingExpenses": "325000000", "investmentIncomeNet": "None", "netInterestIncome": "-7000000", "interestIncome": "2000000", "interestExpense": "9000000", "nonInterestIncome": "None", "otherNonOperatingIncome": "None", "depreciation": "None", "depreciationAndAmortization": "31000000", "incomeBeforeTax": "23000000", "incomeTaxExpense": "12000000", "interestAndDebtExpense": "None", "netIncomeFromContinuingOperations": "23000000", "comprehensiveIncomeNetOfTax": "None", "ebit": "32000000", "ebitda": "63000000", "netIncome": "23000000"}, {"fiscalDateEnding": "2020-03-31", "reportedCurrency": "USD", "grossProfit": "168000000", "totalRevenue": "362000000", "costOfRevenue": "194000000", "costofGoodsAndServicesSold": "194000000", "operatingIncome": "-123000000", "sellingGeneralAndAdministrative": "82000000", "researchAndDevelopment": "33000000", "operatingExpenses": "291000000", "investmentIncomeNet": "None", "netInterestIncome": "-1000000", "interestIncome": "3000000", "interestExpense": "4000000", "nonInterestIncome": "None", "otherNonOperatingIncome": "None", "depreciation": "None", "depreciationAndAmortization": "24000000", "incomeBeforeTax": "-128000000", "incomeTaxExpense": "1000000", "interestAndDebtExpense": "None", "netIncomeFromContinuingOperations": "-129000000", "comprehensiveIncomeNetOfTax": "None", "ebit": "-124000000", "ebitda": "-100000000", "netIncome": "-129000000"}, {"fiscalDateEnding": "2019-12-31", "reportedCurrency": "USD", "grossProfit": "128000000", "totalRevenue": "298000000", "costOfRevenue": "170000000", "costofGoodsAndServicesSold": "170000000", "operatingIncome": "-137000000", "sellingGeneralAndAdministrative": "66000000", "researchAndDevelopment": "34000000", "operatingExpenses": "265000000", "investmentIncomeNet": "None", "netInterestIncome": "4000000", "interestIncome": "4000000", "interestExpense": "4000000", "nonInterestIncome": "None", "otherNonOperatingIncome": "None", "depreciation": "None", "depreciationAndAmortization": "16000000", "incomeBeforeTax": "-134000000", "incomeTaxExpense": "-1000000", "interestAndDebtExpense": "None", "netIncomeFromContinuingOperations": "-134000000", "comprehensiveIncomeNetOfTax": "None", "ebit": "-134000000", "ebitda": "-118000000", "netIncome": "-134000000"}, {"fiscalDateEnding": "2019-09-30", "reportedCurrency": "USD", "grossProfit": "None", "totalRevenue": "None", "costOfRevenue": "None", "costofGoodsAndServicesSold": "None", "operatingIncome": "None", "sellingGeneralAndAdministrative": "None", "researchAndDevelopment": "None", "operatingExpenses": "None", "investmentIncomeNet": "None", "netInterestIncome": "None", "interestIncome": "None", "interestExpense": "None", "nonInterestIncome": "None", "otherNonOperatingIncome": "None", "depreciation": "None", "depreciationAndAmortization": "None", "incomeBeforeTax": "None", "incomeTaxExpense": "1000000", "interestAndDebtExpense": "None", "netIncomeFromContinuingOperations": "None", "comprehensiveIncomeNetOfTax": "None", "ebit": "-153000000", "ebitda": "None", "netIncome": "None"}]}