{"symbol": "PKG", "annualReports": [{"fiscalDateEnding": "2024-12-31", "reportedCurrency": "USD", "grossProfit": "1783100000", "totalRevenue": "8383300000", "costOfRevenue": "6600200000", "costofGoodsAndServicesSold": "6600200000", "operatingIncome": "1101300000", "sellingGeneralAndAdministrative": "610300000", "researchAndDevelopment": "None", "operatingExpenses": "681800000", "investmentIncomeNet": "None", "netInterestIncome": "-41400000", "interestIncome": "None", "interestExpense": "41400000", "nonInterestIncome": "None", "otherNonOperatingIncome": "None", "depreciation": "None", "depreciationAndAmortization": "-4500000", "incomeBeforeTax": "1064400000", "incomeTaxExpense": "259300000", "interestAndDebtExpense": "None", "netIncomeFromContinuingOperations": "805100000", "comprehensiveIncomeNetOfTax": "None", "ebit": "1105800000", "ebitda": "1101300000", "netIncome": "805100000"}, {"fiscalDateEnding": "2023-12-31", "reportedCurrency": "USD", "grossProfit": "1698900000", "totalRevenue": "7802400000", "costOfRevenue": "6103500000", "costofGoodsAndServicesSold": "6103500000", "operatingIncome": "1075100000", "sellingGeneralAndAdministrative": "583800000", "researchAndDevelopment": "None", "operatingExpenses": "623800000", "investmentIncomeNet": "None", "netInterestIncome": "-57300000", "interestIncome": "None", "interestExpense": "53300000", "nonInterestIncome": "None", "otherNonOperatingIncome": "None", "depreciation": "None", "depreciationAndAmortization": "517700000", "incomeBeforeTax": "1014100000", "incomeTaxExpense": "248900000", "interestAndDebtExpense": "None", "netIncomeFromContinuingOperations": "787600000", "comprehensiveIncomeNetOfTax": "None", "ebit": "1067400000", "ebitda": "1585100000", "netIncome": "765200000"}, {"fiscalDateEnding": "2022-12-31", "reportedCurrency": "USD", "grossProfit": "2090600000", "totalRevenue": "8478000000", "costOfRevenue": "6387400000", "costofGoodsAndServicesSold": "6387400000", "operatingIncome": "978400000", "sellingGeneralAndAdministrative": "608600000", "researchAndDevelopment": "None", "operatingExpenses": "608600000", "investmentIncomeNet": "None", "netInterestIncome": "-70400000", "interestIncome": "70400000", "interestExpense": "70400000", "nonInterestIncome": "None", "otherNonOperatingIncome": "None", "depreciation": "None", "depreciationAndAmortization": "456800000", "incomeBeforeTax": "1364800000", "incomeTaxExpense": "335000000", "interestAndDebtExpense": "None", "netIncomeFromContinuingOperations": "1029800000", "comprehensiveIncomeNetOfTax": "None", "ebit": "1435200000", "ebitda": "1892000000", "netIncome": "1029800000"}, {"fiscalDateEnding": "2021-12-31", "reportedCurrency": "USD", "grossProfit": "1873000000", "totalRevenue": "7730300000", "costOfRevenue": "5857300000", "costofGoodsAndServicesSold": "5857300000", "operatingIncome": "843600000", "sellingGeneralAndAdministrative": "576800000", "researchAndDevelopment": "14500000", "operatingExpenses": "576800000", "investmentIncomeNet": "None", "netInterestIncome": "-152400000", "interestIncome": "152400000", "interestExpense": "152400000", "nonInterestIncome": "None", "otherNonOperatingIncome": "None", "depreciation": "None", "depreciationAndAmortization": "417300000", "incomeBeforeTax": "1108700000", "incomeTaxExpense": "267600000", "interestAndDebtExpense": "None", "netIncomeFromContinuingOperations": "841100000", "comprehensiveIncomeNetOfTax": "None", "ebit": "1261100000", "ebitda": "1678400000", "netIncome": "841100000"}, {"fiscalDateEnding": "2020-12-31", "reportedCurrency": "USD", "grossProfit": "1369400000", "totalRevenue": "6658200000", "costOfRevenue": "5288800000", "costofGoodsAndServicesSold": "5288800000", "operatingIncome": "371500000", "sellingGeneralAndAdministrative": "539600000", "researchAndDevelopment": "15500000", "operatingExpenses": "539600000", "investmentIncomeNet": "None", "netInterestIncome": "-93500000", "interestIncome": "93500000", "interestExpense": "93500000", "nonInterestIncome": "None", "otherNonOperatingIncome": "None", "depreciation": "None", "depreciationAndAmortization": "409600000", "incomeBeforeTax": "632700000", "incomeTaxExpense": "171700000", "interestAndDebtExpense": "None", "netIncomeFromContinuingOperations": "461000000", "comprehensiveIncomeNetOfTax": "None", "ebit": "726200000", "ebitda": "1135800000", "netIncome": "461000000"}, {"fiscalDateEnding": "2019-12-31", "reportedCurrency": "USD", "grossProfit": "1644000000", "totalRevenue": "6964300000", "costOfRevenue": "5320300000", "costofGoodsAndServicesSold": "5320300000", "operatingIncome": "658300000", "sellingGeneralAndAdministrative": "557600000", "researchAndDevelopment": "16000000", "operatingExpenses": "557600000", "investmentIncomeNet": "None", "netInterestIncome": "-128800000", "interestIncome": "123700000", "interestExpense": "128800000", "nonInterestIncome": "None", "otherNonOperatingIncome": "None", "depreciation": "None", "depreciationAndAmortization": "389000000", "incomeBeforeTax": "917000000", "incomeTaxExpense": "220600000", "interestAndDebtExpense": "None", "netIncomeFromContinuingOperations": "696400000", "comprehensiveIncomeNetOfTax": "None", "ebit": "1045800000", "ebitda": "1434800000", "netIncome": "696400000"}, {"fiscalDateEnding": "2018-12-31", "reportedCurrency": "USD", "grossProfit": "1645300000", "totalRevenue": "7014600000", "costOfRevenue": "5369300000", "costofGoodsAndServicesSold": "5369300000", "operatingIncome": "1067700000", "sellingGeneralAndAdministrative": "536400000", "researchAndDevelopment": "14400000", "operatingExpenses": "536400000", "investmentIncomeNet": "None", "netInterestIncome": "-97200000", "interestIncome": "91900000", "interestExpense": "97200000", "nonInterestIncome": "None", "otherNonOperatingIncome": "None", "depreciation": "None", "depreciationAndAmortization": "410900000", "incomeBeforeTax": "970500000", "incomeTaxExpense": "232500000", "interestAndDebtExpense": "None", "netIncomeFromContinuingOperations": "738000000", "comprehensiveIncomeNetOfTax": "None", "ebit": "1067700000", "ebitda": "1478600000", "netIncome": "738000000"}, {"fiscalDateEnding": "2017-12-31", "reportedCurrency": "USD", "grossProfit": "1472200000", "totalRevenue": "6444900000", "costOfRevenue": "4972700000", "costofGoodsAndServicesSold": "4972700000", "operatingIncome": "931200000", "sellingGeneralAndAdministrative": "522600000", "researchAndDevelopment": "12800000", "operatingExpenses": "522600000", "investmentIncomeNet": "None", "netInterestIncome": "-102600000", "interestIncome": "102600000", "interestExpense": "102600000", "nonInterestIncome": "None", "otherNonOperatingIncome": "None", "depreciation": "None", "depreciationAndAmortization": "391400000", "incomeBeforeTax": "828600000", "incomeTaxExpense": "160000000", "interestAndDebtExpense": "None", "netIncomeFromContinuingOperations": "668600000", "comprehensiveIncomeNetOfTax": "None", "ebit": "931200000", "ebitda": "1322600000", "netIncome": "668600000"}, {"fiscalDateEnding": "2017-02-28", "reportedCurrency": "USD", "grossProfit": "1276000000", "totalRevenue": "5779000000", "costOfRevenue": "4503000000", "costofGoodsAndServicesSold": "4503000000", "operatingIncome": "780300000", "sellingGeneralAndAdministrative": "471000000", "researchAndDevelopment": "13300000", "operatingExpenses": "None", "investmentIncomeNet": "None", "netInterestIncome": "None", "interestIncome": "None", "interestExpense": "0", "nonInterestIncome": "None", "otherNonOperatingIncome": "None", "depreciation": "None", "depreciationAndAmortization": "None", "incomeBeforeTax": "688500000", "incomeTaxExpense": "238900000", "interestAndDebtExpense": "None", "netIncomeFromContinuingOperations": "None", "comprehensiveIncomeNetOfTax": "None", "ebit": "None", "ebitda": "None", "netIncome": "449000000"}, {"fiscalDateEnding": "2016-12-31", "reportedCurrency": "USD", "grossProfit": "1275700000", "totalRevenue": "5779000000", "costOfRevenue": "4503300000", "costofGoodsAndServicesSold": "4503300000", "operatingIncome": "780300000", "sellingGeneralAndAdministrative": "471000000", "researchAndDevelopment": "13300000", "operatingExpenses": "471100000", "investmentIncomeNet": "None", "netInterestIncome": "-91800000", "interestIncome": "91800000", "interestExpense": "91800000", "nonInterestIncome": "None", "otherNonOperatingIncome": "None", "depreciation": "None", "depreciationAndAmortization": "358000000", "incomeBeforeTax": "688500000", "incomeTaxExpense": "238900000", "interestAndDebtExpense": "None", "netIncomeFromContinuingOperations": "449600000", "comprehensiveIncomeNetOfTax": "None", "ebit": "780300000", "ebitda": "1138300000", "netIncome": "449600000"}, {"fiscalDateEnding": "2015-12-31", "reportedCurrency": "USD", "grossProfit": "1208000000", "totalRevenue": "5741700000", "costOfRevenue": "4533700000", "costofGoodsAndServicesSold": "4533700000", "operatingIncome": "750000000", "sellingGeneralAndAdministrative": "451300000", "researchAndDevelopment": "13100000", "operatingExpenses": "451300000", "investmentIncomeNet": "None", "netInterestIncome": "None", "interestIncome": "85500000", "interestExpense": "85500000", "nonInterestIncome": "None", "otherNonOperatingIncome": "None", "depreciation": "None", "depreciationAndAmortization": "364300000", "incomeBeforeTax": "664500000", "incomeTaxExpense": "227700000", "interestAndDebtExpense": "None", "netIncomeFromContinuingOperations": "436800000", "comprehensiveIncomeNetOfTax": "None", "ebit": "750000000", "ebitda": "1114300000", "netIncome": "436800000"}, {"fiscalDateEnding": "2014-12-31", "reportedCurrency": "USD", "grossProfit": "1229500000", "totalRevenue": "5852600000", "costOfRevenue": "4623100000", "costofGoodsAndServicesSold": "4623100000", "operatingIncome": "702700000", "sellingGeneralAndAdministrative": "469500000", "researchAndDevelopment": "12300000", "operatingExpenses": "469500000", "investmentIncomeNet": "None", "netInterestIncome": "None", "interestIncome": "None", "interestExpense": "88400000", "nonInterestIncome": "None", "otherNonOperatingIncome": "None", "depreciation": "None", "depreciationAndAmortization": "390800000", "incomeBeforeTax": "614300000", "incomeTaxExpense": "221700000", "interestAndDebtExpense": "None", "netIncomeFromContinuingOperations": "392600000", "comprehensiveIncomeNetOfTax": "None", "ebit": "702700000", "ebitda": "1093500000", "netIncome": "392600000"}, {"fiscalDateEnding": "2013-12-31", "reportedCurrency": "USD", "grossProfit": "867455000", "totalRevenue": "3665308000", "costOfRevenue": "2797853000", "costofGoodsAndServicesSold": "2797853000", "operatingIncome": "481875000", "sellingGeneralAndAdministrative": "326602000", "researchAndDevelopment": "11500000", "operatingExpenses": "326602000", "investmentIncomeNet": "None", "netInterestIncome": "None", "interestIncome": "None", "interestExpense": "58275000", "nonInterestIncome": "None", "otherNonOperatingIncome": "None", "depreciation": "None", "depreciationAndAmortization": "217918000", "incomeBeforeTax": "423600000", "incomeTaxExpense": "-17729000", "interestAndDebtExpense": "None", "netIncomeFromContinuingOperations": "436283000", "comprehensiveIncomeNetOfTax": "None", "ebit": "467952000", "ebitda": "685870000", "netIncome": "441329000"}, {"fiscalDateEnding": "2012-12-31", "reportedCurrency": "USD", "grossProfit": "639600000", "totalRevenue": "2843900000", "costOfRevenue": "2204300000", "costofGoodsAndServicesSold": "2204300000", "operatingIncome": "443459000", "sellingGeneralAndAdministrative": "279900000", "researchAndDevelopment": "11300000", "operatingExpenses": "184400000", "investmentIncomeNet": "None", "netInterestIncome": "None", "interestIncome": "None", "interestExpense": "62900000", "nonInterestIncome": "None", "otherNonOperatingIncome": "None", "depreciation": "None", "depreciationAndAmortization": "171280000", "incomeBeforeTax": "380500000", "incomeTaxExpense": "216700000", "interestAndDebtExpense": "None", "netIncomeFromContinuingOperations": "163820000", "comprehensiveIncomeNetOfTax": "None", "ebit": "443894000", "ebitda": "615174000", "netIncome": "163800000"}, {"fiscalDateEnding": "2011-12-31", "reportedCurrency": "USD", "grossProfit": "541900000", "totalRevenue": "2620100000", "costOfRevenue": "2078200000", "costofGoodsAndServicesSold": "2078200000", "operatingIncome": "272700000", "sellingGeneralAndAdministrative": "258474000", "researchAndDevelopment": "12500000", "operatingExpenses": "269200000", "investmentIncomeNet": "None", "netInterestIncome": "None", "interestIncome": "None", "interestExpense": "29245000", "nonInterestIncome": "None", "otherNonOperatingIncome": "None", "depreciation": "None", "depreciationAndAmortization": "163973000", "incomeBeforeTax": "243500000", "incomeTaxExpense": "85500000", "interestAndDebtExpense": "None", "netIncomeFromContinuingOperations": "158027000", "comprehensiveIncomeNetOfTax": "None", "ebit": "272700000", "ebitda": "436673000", "netIncome": "158000000"}, {"fiscalDateEnding": "2010-12-31", "reportedCurrency": "USD", "grossProfit": "532200000", "totalRevenue": "2435600000", "costOfRevenue": "1903400000", "costofGoodsAndServicesSold": "1903400000", "operatingIncome": "185400000", "sellingGeneralAndAdministrative": "240589000", "researchAndDevelopment": "10900000", "operatingExpenses": "346800000", "investmentIncomeNet": "None", "netInterestIncome": "None", "interestIncome": "None", "interestExpense": "32278000", "nonInterestIncome": "None", "otherNonOperatingIncome": "None", "depreciation": "None", "depreciationAndAmortization": "156298000", "incomeBeforeTax": "153100000", "incomeTaxExpense": "-52300000", "interestAndDebtExpense": "None", "netIncomeFromContinuingOperations": "205435000", "comprehensiveIncomeNetOfTax": "None", "ebit": "185400000", "ebitda": "341698000", "netIncome": "205400000"}, {"fiscalDateEnding": "2009-12-31", "reportedCurrency": "USD", "grossProfit": "426577000", "totalRevenue": "2147589000", "costOfRevenue": "1721012000", "costofGoodsAndServicesSold": "1721012000", "operatingIncome": "352454000", "sellingGeneralAndAdministrative": "228025000", "researchAndDevelopment": "9400000", "operatingExpenses": "242560000", "investmentIncomeNet": "None", "netInterestIncome": "None", "interestIncome": "None", "interestExpense": "35583000", "nonInterestIncome": "None", "otherNonOperatingIncome": "None", "depreciation": "None", "depreciationAndAmortization": "151217000", "incomeBeforeTax": "316971000", "incomeTaxExpense": "51076000", "interestAndDebtExpense": "None", "netIncomeFromContinuingOperations": "None", "comprehensiveIncomeNetOfTax": "None", "ebit": "352554000", "ebitda": "503771000", "netIncome": "265895000"}, {"fiscalDateEnding": "2008-12-31", "reportedCurrency": "USD", "grossProfit": "491358000", "totalRevenue": "2360493000", "costOfRevenue": "1869135000", "costofGoodsAndServicesSold": "1869135000", "operatingIncome": "241812000", "sellingGeneralAndAdministrative": "234287000", "researchAndDevelopment": "6900000", "operatingExpenses": "249546000", "investmentIncomeNet": "None", "netInterestIncome": "None", "interestIncome": "None", "interestExpense": "36869000", "nonInterestIncome": "None", "otherNonOperatingIncome": "None", "depreciation": "None", "depreciationAndAmortization": "147769000", "incomeBeforeTax": "210143000", "incomeTaxExpense": "74534000", "interestAndDebtExpense": "None", "netIncomeFromContinuingOperations": "None", "comprehensiveIncomeNetOfTax": "None", "ebit": "241812000", "ebitda": "389581000", "netIncome": "135609000"}, {"fiscalDateEnding": "2007-12-31", "reportedCurrency": "USD", "grossProfit": "524971000", "totalRevenue": "2316006000", "costOfRevenue": "1791035000", "costofGoodsAndServicesSold": "1791035000", "operatingIncome": "293452000", "sellingGeneralAndAdministrative": "224456000", "researchAndDevelopment": "7600000", "operatingExpenses": "231519000", "investmentIncomeNet": "None", "netInterestIncome": "None", "interestIncome": "None", "interestExpense": "35084000", "nonInterestIncome": "None", "otherNonOperatingIncome": "None", "depreciation": "None", "depreciationAndAmortization": "145670000", "incomeBeforeTax": "267868000", "incomeTaxExpense": "97802000", "interestAndDebtExpense": "None", "netIncomeFromContinuingOperations": "None", "comprehensiveIncomeNetOfTax": "None", "ebit": "147782000", "ebitda": "293452000", "netIncome": "170066000"}, {"fiscalDateEnding": "2006-12-31", "reportedCurrency": "USD", "grossProfit": "443877000", "totalRevenue": "2187046000", "costOfRevenue": "1743169000", "costofGoodsAndServicesSold": "1743169000", "operatingIncome": "225927000", "sellingGeneralAndAdministrative": "209421000", "researchAndDevelopment": "6900000", "operatingExpenses": "217950000", "investmentIncomeNet": "None", "netInterestIncome": "None", "interestIncome": "None", "interestExpense": "31203000", "nonInterestIncome": "None", "otherNonOperatingIncome": "None", "depreciation": "None", "depreciationAndAmortization": "152411000", "incomeBeforeTax": "194724000", "incomeTaxExpense": "69692000", "interestAndDebtExpense": "None", "netIncomeFromContinuingOperations": "None", "comprehensiveIncomeNetOfTax": "None", "ebit": "73516000", "ebitda": "225927000", "netIncome": "125032000"}], "quarterlyReports": [{"fiscalDateEnding": "2024-12-31", "reportedCurrency": "USD", "grossProfit": "469700000", "totalRevenue": "2146100000", "costOfRevenue": "1676400000", "costofGoodsAndServicesSold": "1676400000", "operatingIncome": "302200000", "sellingGeneralAndAdministrative": "147000000", "researchAndDevelopment": "None", "operatingExpenses": "167500000", "investmentIncomeNet": "None", "netInterestIncome": "-11700000", "interestIncome": "None", "interestExpense": "11700000", "nonInterestIncome": "None", "otherNonOperatingIncome": "None", "depreciation": "None", "depreciationAndAmortization": "136000000", "incomeBeforeTax": "291600000", "incomeTaxExpense": "70500000", "interestAndDebtExpense": "None", "netIncomeFromContinuingOperations": "221100000", "comprehensiveIncomeNetOfTax": "None", "ebit": "303300000", "ebitda": "439300000", "netIncome": "221100000"}, {"fiscalDateEnding": "2024-09-30", "reportedCurrency": "USD", "grossProfit": "505200000", "totalRevenue": "2182400000", "costOfRevenue": "1677200000", "costofGoodsAndServicesSold": "1677200000", "operatingIncome": "343200000", "sellingGeneralAndAdministrative": "162000000", "researchAndDevelopment": "None", "operatingExpenses": "162000000", "investmentIncomeNet": "None", "netInterestIncome": "-9700000", "interestIncome": "None", "interestExpense": "9700000", "nonInterestIncome": "None", "otherNonOperatingIncome": "None", "depreciation": "None", "depreciationAndAmortization": "132699999", "incomeBeforeTax": "318600000", "incomeTaxExpense": "80500000", "interestAndDebtExpense": "None", "netIncomeFromContinuingOperations": "238100000", "comprehensiveIncomeNetOfTax": "None", "ebit": "328300001", "ebitda": "461000000", "netIncome": "236400000"}, {"fiscalDateEnding": "2024-06-30", "reportedCurrency": "USD", "grossProfit": "437700000", "totalRevenue": "2075300000", "costOfRevenue": "1637600000", "costofGoodsAndServicesSold": "1637600000", "operatingIncome": "288200000", "sellingGeneralAndAdministrative": "148400000", "researchAndDevelopment": "None", "operatingExpenses": "149500000", "investmentIncomeNet": "None", "netInterestIncome": "-10400000", "interestIncome": "None", "interestExpense": "10400000", "nonInterestIncome": "None", "otherNonOperatingIncome": "None", "depreciation": "None", "depreciationAndAmortization": "128500000", "incomeBeforeTax": "266700000", "incomeTaxExpense": "67800000", "interestAndDebtExpense": "None", "netIncomeFromContinuingOperations": "198900000", "comprehensiveIncomeNetOfTax": "None", "ebit": "284600000", "ebitda": "413100000", "netIncome": "198900000"}, {"fiscalDateEnding": "2024-03-31", "reportedCurrency": "USD", "grossProfit": "370400000", "totalRevenue": "1979500000", "costOfRevenue": "1609100000", "costofGoodsAndServicesSold": "1609100000", "operatingIncome": "218500000", "sellingGeneralAndAdministrative": "150800000", "researchAndDevelopment": "None", "operatingExpenses": "151900000", "investmentIncomeNet": "None", "netInterestIncome": "-9600000", "interestIncome": "None", "interestExpense": "9600000", "nonInterestIncome": "None", "otherNonOperatingIncome": "None", "depreciation": "None", "depreciationAndAmortization": "128400000", "incomeBeforeTax": "187500000", "incomeTaxExpense": "40600000", "interestAndDebtExpense": "None", "netIncomeFromContinuingOperations": "146900000", "comprehensiveIncomeNetOfTax": "None", "ebit": "197100000", "ebitda": "325500000", "netIncome": "146900000"}, {"fiscalDateEnding": "2023-12-31", "reportedCurrency": "USD", "grossProfit": "410100000", "totalRevenue": "1937900000", "costOfRevenue": "1527800000", "costofGoodsAndServicesSold": "1527800000", "operatingIncome": "267300000", "sellingGeneralAndAdministrative": "142800000", "researchAndDevelopment": "None", "operatingExpenses": "142800000", "investmentIncomeNet": "None", "netInterestIncome": "-11100000", "interestIncome": "None", "interestExpense": "11100000", "nonInterestIncome": "None", "otherNonOperatingIncome": "None", "depreciation": "None", "depreciationAndAmortization": "130800000", "incomeBeforeTax": "248500000", "incomeTaxExpense": "59300000", "interestAndDebtExpense": "None", "netIncomeFromContinuingOperations": "189200000", "comprehensiveIncomeNetOfTax": "None", "ebit": "259600000", "ebitda": "390400000", "netIncome": "189200000"}, {"fiscalDateEnding": "2023-09-30", "reportedCurrency": "USD", "grossProfit": "412700000", "totalRevenue": "1936000000", "costOfRevenue": "1523300000", "costofGoodsAndServicesSold": "1523300000", "operatingIncome": "258600000", "sellingGeneralAndAdministrative": "144200000", "researchAndDevelopment": "None", "operatingExpenses": "144200000", "investmentIncomeNet": "None", "netInterestIncome": "-12300000", "interestIncome": "12300000", "interestExpense": "12300000", "nonInterestIncome": "None", "otherNonOperatingIncome": "None", "depreciation": "None", "depreciationAndAmortization": "129400000", "incomeBeforeTax": "244500000", "incomeTaxExpense": "61300000", "interestAndDebtExpense": "None", "netIncomeFromContinuingOperations": "183200000", "comprehensiveIncomeNetOfTax": "None", "ebit": "256800000", "ebitda": "386200000", "netIncome": "183200000"}, {"fiscalDateEnding": "2023-06-30", "reportedCurrency": "USD", "grossProfit": "444700000", "totalRevenue": "1952100000", "costOfRevenue": "1507400000", "costofGoodsAndServicesSold": "1507400000", "operatingIncome": "284400000", "sellingGeneralAndAdministrative": "147600000", "researchAndDevelopment": "None", "operatingExpenses": "145600000", "investmentIncomeNet": "None", "netInterestIncome": "-14600000", "interestIncome": "14600000", "interestExpense": "14600000", "nonInterestIncome": "None", "otherNonOperatingIncome": "None", "depreciation": "None", "depreciationAndAmortization": "127900000", "incomeBeforeTax": "267800000", "incomeTaxExpense": "65100000", "interestAndDebtExpense": "None", "netIncomeFromContinuingOperations": "202700000", "comprehensiveIncomeNetOfTax": "None", "ebit": "282400000", "ebitda": "410300000", "netIncome": "202700000"}, {"fiscalDateEnding": "2023-03-31", "reportedCurrency": "USD", "grossProfit": "431400000", "totalRevenue": "1976300000", "costOfRevenue": "1544900000", "costofGoodsAndServicesSold": "1544900000", "operatingIncome": "270700000", "sellingGeneralAndAdministrative": "150200000", "researchAndDevelopment": "None", "operatingExpenses": "160700000", "investmentIncomeNet": "None", "netInterestIncome": "-15400000", "interestIncome": "15400000", "interestExpense": "15400000", "nonInterestIncome": "None", "otherNonOperatingIncome": "None", "depreciation": "None", "depreciationAndAmortization": "129500000", "incomeBeforeTax": "253300000", "incomeTaxExpense": "63200000", "interestAndDebtExpense": "None", "netIncomeFromContinuingOperations": "190100000", "comprehensiveIncomeNetOfTax": "None", "ebit": "268700000", "ebitda": "398200000", "netIncome": "190100000"}, {"fiscalDateEnding": "2022-12-31", "reportedCurrency": "USD", "grossProfit": "450300000", "totalRevenue": "1978400000", "costOfRevenue": "1528100000", "costofGoodsAndServicesSold": "1528100000", "operatingIncome": "172900000", "sellingGeneralAndAdministrative": "145600000", "researchAndDevelopment": "None", "operatingExpenses": "145600000", "investmentIncomeNet": "None", "netInterestIncome": "-15100000", "interestIncome": "15100000", "interestExpense": "15100000", "nonInterestIncome": "None", "otherNonOperatingIncome": "None", "depreciation": "None", "depreciationAndAmortization": "117200000", "incomeBeforeTax": "276600000", "incomeTaxExpense": "64900000", "interestAndDebtExpense": "None", "netIncomeFromContinuingOperations": "211700000", "comprehensiveIncomeNetOfTax": "None", "ebit": "291700000", "ebitda": "408900000", "netIncome": "211600000"}, {"fiscalDateEnding": "2022-09-30", "reportedCurrency": "USD", "grossProfit": "518400000", "totalRevenue": "2125900000", "costOfRevenue": "1607500000", "costofGoodsAndServicesSold": "1607500000", "operatingIncome": "249900000", "sellingGeneralAndAdministrative": "145200000", "researchAndDevelopment": "None", "operatingExpenses": "145200000", "investmentIncomeNet": "None", "netInterestIncome": "-16500000", "interestIncome": "16500000", "interestExpense": "16500000", "nonInterestIncome": "None", "otherNonOperatingIncome": "None", "depreciation": "None", "depreciationAndAmortization": "114000000", "incomeBeforeTax": "347400000", "incomeTaxExpense": "84900000", "interestAndDebtExpense": "None", "netIncomeFromContinuingOperations": "262500000", "comprehensiveIncomeNetOfTax": "None", "ebit": "363900000", "ebitda": "477900000", "netIncome": "260600000"}, {"fiscalDateEnding": "2022-06-30", "reportedCurrency": "USD", "grossProfit": "588800000", "totalRevenue": "2237300000", "costOfRevenue": "1648500000", "costofGoodsAndServicesSold": "1648500000", "operatingIncome": "305100000", "sellingGeneralAndAdministrative": "156700000", "researchAndDevelopment": "None", "operatingExpenses": "156700000", "investmentIncomeNet": "None", "netInterestIncome": "-18800000", "interestIncome": "18800000", "interestExpense": "18800000", "nonInterestIncome": "None", "otherNonOperatingIncome": "None", "depreciation": "None", "depreciationAndAmortization": "114300000", "incomeBeforeTax": "400600000", "incomeTaxExpense": "99100000", "interestAndDebtExpense": "None", "netIncomeFromContinuingOperations": "301500000", "comprehensiveIncomeNetOfTax": "None", "ebit": "419400000", "ebitda": "533700000", "netIncome": "298900000"}, {"fiscalDateEnding": "2022-03-31", "reportedCurrency": "USD", "grossProfit": "533200000", "totalRevenue": "2136400000", "costOfRevenue": "1603200000", "costofGoodsAndServicesSold": "1603200000", "operatingIncome": "250400000", "sellingGeneralAndAdministrative": "161100000", "researchAndDevelopment": "None", "operatingExpenses": "161100000", "investmentIncomeNet": "None", "netInterestIncome": "-19800000", "interestIncome": "19800000", "interestExpense": "19800000", "nonInterestIncome": "None", "otherNonOperatingIncome": "None", "depreciation": "None", "depreciationAndAmortization": "109700000", "incomeBeforeTax": "340300000", "incomeTaxExpense": "86100000", "interestAndDebtExpense": "None", "netIncomeFromContinuingOperations": "254200000", "comprehensiveIncomeNetOfTax": "None", "ebit": "360100000", "ebitda": "469800000", "netIncome": "252200000"}, {"fiscalDateEnding": "2021-12-31", "reportedCurrency": "USD", "grossProfit": "509900000", "totalRevenue": "2043100000", "costOfRevenue": "1533200000", "costofGoodsAndServicesSold": "1533200000", "operatingIncome": "355700000", "sellingGeneralAndAdministrative": "141100000", "researchAndDevelopment": "None", "operatingExpenses": "141100000", "investmentIncomeNet": "None", "netInterestIncome": "-80200000", "interestIncome": "80200000", "interestExpense": "80200000", "nonInterestIncome": "None", "otherNonOperatingIncome": "None", "depreciation": "None", "depreciationAndAmortization": "106400000", "incomeBeforeTax": "280500000", "incomeTaxExpense": "64000000", "interestAndDebtExpense": "None", "netIncomeFromContinuingOperations": "216500000", "comprehensiveIncomeNetOfTax": "None", "ebit": "360700000", "ebitda": "467100000", "netIncome": "215000000"}, {"fiscalDateEnding": "2021-09-30", "reportedCurrency": "USD", "grossProfit": "510700000", "totalRevenue": "2000100000", "costOfRevenue": "1489400000", "costofGoodsAndServicesSold": "1489400000", "operatingIncome": "352800000", "sellingGeneralAndAdministrative": "144500000", "researchAndDevelopment": "None", "operatingExpenses": "144500000", "investmentIncomeNet": "None", "netInterestIncome": "-23900000", "interestIncome": "23900000", "interestExpense": "23900000", "nonInterestIncome": "None", "otherNonOperatingIncome": "None", "depreciation": "None", "depreciationAndAmortization": "105600000", "incomeBeforeTax": "333900000", "incomeTaxExpense": "83200000", "interestAndDebtExpense": "None", "netIncomeFromContinuingOperations": "250700000", "comprehensiveIncomeNetOfTax": "None", "ebit": "357800000", "ebitda": "463400000", "netIncome": "249000000"}, {"fiscalDateEnding": "2021-06-30", "reportedCurrency": "USD", "grossProfit": "448800000", "totalRevenue": "1879900000", "costOfRevenue": "1431100000", "costofGoodsAndServicesSold": "1431100000", "operatingIncome": "294600000", "sellingGeneralAndAdministrative": "146300000", "researchAndDevelopment": "None", "operatingExpenses": "146300000", "investmentIncomeNet": "None", "netInterestIncome": "-24900000", "interestIncome": "24900000", "interestExpense": "24900000", "nonInterestIncome": "None", "otherNonOperatingIncome": "None", "depreciation": "None", "depreciationAndAmortization": "104700000", "incomeBeforeTax": "274700000", "incomeTaxExpense": "67400000", "interestAndDebtExpense": "None", "netIncomeFromContinuingOperations": "207300000", "comprehensiveIncomeNetOfTax": "None", "ebit": "299600000", "ebitda": "404300000", "netIncome": "205500000"}, {"fiscalDateEnding": "2021-03-31", "reportedCurrency": "USD", "grossProfit": "403700000", "totalRevenue": "1807200000", "costOfRevenue": "1403500000", "costofGoodsAndServicesSold": "1403500000", "operatingIncome": "238300000", "sellingGeneralAndAdministrative": "145000000", "researchAndDevelopment": "None", "operatingExpenses": "145000000", "investmentIncomeNet": "None", "netInterestIncome": "-23500000", "interestIncome": "23500000", "interestExpense": "23500000", "nonInterestIncome": "None", "otherNonOperatingIncome": "None", "depreciation": "None", "depreciationAndAmortization": "100800000", "incomeBeforeTax": "219600000", "incomeTaxExpense": "53100000", "interestAndDebtExpense": "None", "netIncomeFromContinuingOperations": "166500000", "comprehensiveIncomeNetOfTax": "None", "ebit": "243100000", "ebitda": "343900000", "netIncome": "165200000"}, {"fiscalDateEnding": "2020-12-31", "reportedCurrency": "USD", "grossProfit": "333300000", "totalRevenue": "1714200000", "costOfRevenue": "1380900000", "costofGoodsAndServicesSold": "1380900000", "operatingIncome": "189300000", "sellingGeneralAndAdministrative": "130300000", "researchAndDevelopment": "15500000", "operatingExpenses": "130200000", "investmentIncomeNet": "None", "netInterestIncome": "-24400000", "interestIncome": "24400000", "interestExpense": "24400000", "nonInterestIncome": "None", "otherNonOperatingIncome": "None", "depreciation": "None", "depreciationAndAmortization": "100900000", "incomeBeforeTax": "165400000", "incomeTaxExpense": "41900000", "interestAndDebtExpense": "None", "netIncomeFromContinuingOperations": "123500000", "comprehensiveIncomeNetOfTax": "None", "ebit": "189800000", "ebitda": "290700000", "netIncome": "122700000"}, {"fiscalDateEnding": "2020-09-30", "reportedCurrency": "USD", "grossProfit": "345400000", "totalRevenue": "1693700000", "costOfRevenue": "1348300000", "costofGoodsAndServicesSold": "1348300000", "operatingIncome": "209500000", "sellingGeneralAndAdministrative": "127100000", "researchAndDevelopment": "None", "operatingExpenses": "127100000", "investmentIncomeNet": "None", "netInterestIncome": "-24400000", "interestIncome": "24400000", "interestExpense": "24400000", "nonInterestIncome": "None", "otherNonOperatingIncome": "None", "depreciation": "None", "depreciationAndAmortization": "100500000", "incomeBeforeTax": "185700000", "incomeTaxExpense": "46600000", "interestAndDebtExpense": "None", "netIncomeFromContinuingOperations": "139100000", "comprehensiveIncomeNetOfTax": "None", "ebit": "210100000", "ebitda": "310600000", "netIncome": "138100000"}, {"fiscalDateEnding": "2020-06-30", "reportedCurrency": "USD", "grossProfit": "325800000", "totalRevenue": "1541600000", "costOfRevenue": "1215800000", "costofGoodsAndServicesSold": "1215800000", "operatingIncome": "116100000", "sellingGeneralAndAdministrative": "136300000", "researchAndDevelopment": "None", "operatingExpenses": "136300000", "investmentIncomeNet": "None", "netInterestIncome": "-25100000", "interestIncome": "25100000", "interestExpense": "25100000", "nonInterestIncome": "None", "otherNonOperatingIncome": "None", "depreciation": "None", "depreciationAndAmortization": "108200000", "incomeBeforeTax": "91600000", "incomeTaxExpense": "34900000", "interestAndDebtExpense": "None", "netIncomeFromContinuingOperations": "56700000", "comprehensiveIncomeNetOfTax": "None", "ebit": "116700000", "ebitda": "224900000", "netIncome": "56200000"}, {"fiscalDateEnding": "2020-03-31", "reportedCurrency": "USD", "grossProfit": "365000000", "totalRevenue": "1708700000", "costOfRevenue": "1343700000", "costofGoodsAndServicesSold": "1343700000", "operatingIncome": "209100000", "sellingGeneralAndAdministrative": "145900000", "researchAndDevelopment": "None", "operatingExpenses": "145900000", "investmentIncomeNet": "None", "netInterestIncome": "-19600000", "interestIncome": "19600000", "interestExpense": "19600000", "nonInterestIncome": "None", "otherNonOperatingIncome": "None", "depreciation": "None", "depreciationAndAmortization": "100300000", "incomeBeforeTax": "190100000", "incomeTaxExpense": "48400000", "interestAndDebtExpense": "None", "netIncomeFromContinuingOperations": "141700000", "comprehensiveIncomeNetOfTax": "None", "ebit": "216900000", "ebitda": "317200000", "netIncome": "140500000"}, {"fiscalDateEnding": "2019-12-31", "reportedCurrency": "USD", "grossProfit": "383300000", "totalRevenue": "1720000000", "costOfRevenue": "1336700000", "costofGoodsAndServicesSold": "1336700000", "operatingIncome": "235100000", "sellingGeneralAndAdministrative": "137000000", "researchAndDevelopment": "16000000", "operatingExpenses": "137000000", "investmentIncomeNet": "None", "netInterestIncome": "-60800000", "interestIncome": "59600000", "interestExpense": "60700000", "nonInterestIncome": "None", "otherNonOperatingIncome": "None", "depreciation": "None", "depreciationAndAmortization": "98900000", "incomeBeforeTax": "172400000", "incomeTaxExpense": "36200000", "interestAndDebtExpense": "None", "netIncomeFromContinuingOperations": "136200000", "comprehensiveIncomeNetOfTax": "None", "ebit": "233100000", "ebitda": "332000000", "netIncome": "135200000"}, {"fiscalDateEnding": "2019-09-30", "reportedCurrency": "USD", "grossProfit": "411400000", "totalRevenue": "1750700000", "costOfRevenue": "1339300000", "costofGoodsAndServicesSold": "1339300000", "operatingIncome": "262800000", "sellingGeneralAndAdministrative": "136900000", "researchAndDevelopment": "None", "operatingExpenses": "136900000", "investmentIncomeNet": "None", "netInterestIncome": "-21600000", "interestIncome": "20300000", "interestExpense": "21600000", "nonInterestIncome": "None", "otherNonOperatingIncome": "None", "depreciation": "None", "depreciationAndAmortization": "97900000", "incomeBeforeTax": "239300000", "incomeTaxExpense": "59500000", "interestAndDebtExpense": "None", "netIncomeFromContinuingOperations": "179800000", "comprehensiveIncomeNetOfTax": "None", "ebit": "270400000", "ebitda": "368300000", "netIncome": "178500000"}, {"fiscalDateEnding": "2019-06-30", "reportedCurrency": "USD", "grossProfit": "427900000", "totalRevenue": "1759900000", "costOfRevenue": "1332000000", "costofGoodsAndServicesSold": "1332000000", "operatingIncome": "280400000", "sellingGeneralAndAdministrative": "143700000", "researchAndDevelopment": "None", "operatingExpenses": "143700000", "investmentIncomeNet": "None", "netInterestIncome": "-22400000", "interestIncome": "21100000", "interestExpense": "22400000", "nonInterestIncome": "None", "otherNonOperatingIncome": "None", "depreciation": "None", "depreciationAndAmortization": "95900000", "incomeBeforeTax": "256000000", "incomeTaxExpense": "62400000", "interestAndDebtExpense": "None", "netIncomeFromContinuingOperations": "193600000", "comprehensiveIncomeNetOfTax": "None", "ebit": "282900000", "ebitda": "378800000", "netIncome": "192100000"}, {"fiscalDateEnding": "2019-03-31", "reportedCurrency": "USD", "grossProfit": "421400000", "totalRevenue": "1733700000", "costOfRevenue": "1312300000", "costofGoodsAndServicesSold": "1312300000", "operatingIncome": "275400000", "sellingGeneralAndAdministrative": "140000000", "researchAndDevelopment": "None", "operatingExpenses": "140000000", "investmentIncomeNet": "None", "netInterestIncome": "-24100000", "interestIncome": "None", "interestExpense": "24100000", "nonInterestIncome": "None", "otherNonOperatingIncome": "None", "depreciation": "None", "depreciationAndAmortization": "94800000", "incomeBeforeTax": "249300000", "incomeTaxExpense": "62500000", "interestAndDebtExpense": "None", "netIncomeFromContinuingOperations": "186800000", "comprehensiveIncomeNetOfTax": "None", "ebit": "273400000", "ebitda": "368200000", "netIncome": "185400000"}, {"fiscalDateEnding": "2018-12-31", "reportedCurrency": "USD", "grossProfit": "425400000", "totalRevenue": "1746600000", "costOfRevenue": "1321200000", "costofGoodsAndServicesSold": "1321200000", "operatingIncome": "286700000", "sellingGeneralAndAdministrative": "129700000", "researchAndDevelopment": "14400000", "operatingExpenses": "129700000", "investmentIncomeNet": "None", "netInterestIncome": "None", "interestIncome": "None", "interestExpense": "22200000", "nonInterestIncome": "None", "otherNonOperatingIncome": "None", "depreciation": "None", "depreciationAndAmortization": "97300000", "incomeBeforeTax": "264500000", "incomeTaxExpense": "59900000", "interestAndDebtExpense": "None", "netIncomeFromContinuingOperations": "204600000", "comprehensiveIncomeNetOfTax": "None", "ebit": "286700000", "ebitda": "384000000", "netIncome": "203000000"}, {"fiscalDateEnding": "2018-09-30", "reportedCurrency": "USD", "grossProfit": "443200000", "totalRevenue": "1809900000", "costOfRevenue": "1366700000", "costofGoodsAndServicesSold": "1366700000", "operatingIncome": "298500000", "sellingGeneralAndAdministrative": "134200000", "researchAndDevelopment": "0", "operatingExpenses": "134200000", "investmentIncomeNet": "None", "netInterestIncome": "None", "interestIncome": "None", "interestExpense": "24400000", "nonInterestIncome": "None", "otherNonOperatingIncome": "None", "depreciation": "None", "depreciationAndAmortization": "101400000", "incomeBeforeTax": "274100000", "incomeTaxExpense": "67400000", "interestAndDebtExpense": "None", "netIncomeFromContinuingOperations": "206700000", "comprehensiveIncomeNetOfTax": "None", "ebit": "297200000", "ebitda": "398600000", "netIncome": "205100000"}, {"fiscalDateEnding": "2018-06-30", "reportedCurrency": "USD", "grossProfit": "420600000", "totalRevenue": "1767500000", "costOfRevenue": "1346900000", "costofGoodsAndServicesSold": "1346900000", "operatingIncome": "269600000", "sellingGeneralAndAdministrative": "137700000", "researchAndDevelopment": "0", "operatingExpenses": "137700000", "investmentIncomeNet": "None", "netInterestIncome": "None", "interestIncome": "None", "interestExpense": "24300000", "nonInterestIncome": "None", "otherNonOperatingIncome": "None", "depreciation": "None", "depreciationAndAmortization": "104100000", "incomeBeforeTax": "245300000", "incomeTaxExpense": "58700000", "interestAndDebtExpense": "None", "netIncomeFromContinuingOperations": "186600000", "comprehensiveIncomeNetOfTax": "None", "ebit": "268300000", "ebitda": "372400000", "netIncome": "185200000"}, {"fiscalDateEnding": "2018-03-31", "reportedCurrency": "USD", "grossProfit": "356100000", "totalRevenue": "1690600000", "costOfRevenue": "1334500000", "costofGoodsAndServicesSold": "1334500000", "operatingIncome": "212900000", "sellingGeneralAndAdministrative": "134900000", "researchAndDevelopment": "0", "operatingExpenses": "134900000", "investmentIncomeNet": "None", "netInterestIncome": "None", "interestIncome": "None", "interestExpense": "26300000", "nonInterestIncome": "None", "otherNonOperatingIncome": "None", "depreciation": "None", "depreciationAndAmortization": "108100000", "incomeBeforeTax": "186600000", "incomeTaxExpense": "46500000", "interestAndDebtExpense": "None", "netIncomeFromContinuingOperations": "140100000", "comprehensiveIncomeNetOfTax": "None", "ebit": "211500000", "ebitda": "319600000", "netIncome": "139000000"}, {"fiscalDateEnding": "2017-12-31", "reportedCurrency": "USD", "grossProfit": "371700000", "totalRevenue": "1684300000", "costOfRevenue": "1312600000", "costofGoodsAndServicesSold": "1312600000", "operatingIncome": "252000000", "sellingGeneralAndAdministrative": "133700000", "researchAndDevelopment": "12800000", "operatingExpenses": "133700000", "investmentIncomeNet": "None", "netInterestIncome": "None", "interestIncome": "None", "interestExpense": "28000000", "nonInterestIncome": "None", "otherNonOperatingIncome": "None", "depreciation": "None", "depreciationAndAmortization": "107700000", "incomeBeforeTax": "224000000", "incomeTaxExpense": "-44900000", "interestAndDebtExpense": "None", "netIncomeFromContinuingOperations": "268900000", "comprehensiveIncomeNetOfTax": "None", "ebit": "252000000", "ebitda": "359700000", "netIncome": "266700000"}, {"fiscalDateEnding": "2017-09-30", "reportedCurrency": "USD", "grossProfit": "397300000", "totalRevenue": "1640100000", "costOfRevenue": "1242800000", "costofGoodsAndServicesSold": "1242800000", "operatingIncome": "242300000", "sellingGeneralAndAdministrative": "130200000", "researchAndDevelopment": "0", "operatingExpenses": "130200000", "investmentIncomeNet": "None", "netInterestIncome": "None", "interestIncome": "None", "interestExpense": "25400000", "nonInterestIncome": "None", "otherNonOperatingIncome": "None", "depreciation": "None", "depreciationAndAmortization": "97500000", "incomeBeforeTax": "216900000", "incomeTaxExpense": "77800000", "interestAndDebtExpense": "None", "netIncomeFromContinuingOperations": "139100000", "comprehensiveIncomeNetOfTax": "None", "ebit": "242600000", "ebitda": "340100000", "netIncome": "138000000"}, {"fiscalDateEnding": "2017-06-30", "reportedCurrency": "USD", "grossProfit": "364600000", "totalRevenue": "1584000000", "costOfRevenue": "1219400000", "costofGoodsAndServicesSold": "1219400000", "operatingIncome": "233800000", "sellingGeneralAndAdministrative": "130200000", "researchAndDevelopment": "0", "operatingExpenses": "130200000", "investmentIncomeNet": "None", "netInterestIncome": "None", "interestIncome": "None", "interestExpense": "25200000", "nonInterestIncome": "None", "otherNonOperatingIncome": "None", "depreciation": "None", "depreciationAndAmortization": "93700000", "incomeBeforeTax": "208600000", "incomeTaxExpense": "65400000", "interestAndDebtExpense": "None", "netIncomeFromContinuingOperations": "143200000", "comprehensiveIncomeNetOfTax": "None", "ebit": "234100000", "ebitda": "327800000", "netIncome": "142000000"}, {"fiscalDateEnding": "2017-03-31", "reportedCurrency": "USD", "grossProfit": "338500000", "totalRevenue": "1536500000", "costOfRevenue": "1198000000", "costofGoodsAndServicesSold": "1198000000", "operatingIncome": "203100000", "sellingGeneralAndAdministrative": "125000000", "researchAndDevelopment": "0", "operatingExpenses": "128400000", "investmentIncomeNet": "None", "netInterestIncome": "None", "interestIncome": "None", "interestExpense": "24000000", "nonInterestIncome": "None", "otherNonOperatingIncome": "None", "depreciation": "None", "depreciationAndAmortization": "92500000", "incomeBeforeTax": "179100000", "incomeTaxExpense": "61700000", "interestAndDebtExpense": "None", "netIncomeFromContinuingOperations": "117400000", "comprehensiveIncomeNetOfTax": "None", "ebit": "203400000", "ebitda": "295900000", "netIncome": "116400000"}, {"fiscalDateEnding": "2016-12-31", "reportedCurrency": "USD", "grossProfit": "327100000", "totalRevenue": "1476600000", "costOfRevenue": "1149500000", "costofGoodsAndServicesSold": "1149500000", "operatingIncome": "192900000", "sellingGeneralAndAdministrative": "125000000", "researchAndDevelopment": "13300000", "operatingExpenses": "125100000", "investmentIncomeNet": "None", "netInterestIncome": "None", "interestIncome": "None", "interestExpense": "24400000", "nonInterestIncome": "None", "otherNonOperatingIncome": "None", "depreciation": "None", "depreciationAndAmortization": "93700000", "incomeBeforeTax": "168500000", "incomeTaxExpense": "57900000", "interestAndDebtExpense": "None", "netIncomeFromContinuingOperations": "110700000", "comprehensiveIncomeNetOfTax": "None", "ebit": "192900000", "ebitda": "286600000", "netIncome": "109700000"}, {"fiscalDateEnding": "2016-09-30", "reportedCurrency": "USD", "grossProfit": "329500000", "totalRevenue": "1484000000", "costOfRevenue": "1154500000", "costofGoodsAndServicesSold": "1154500000", "operatingIncome": "206400000", "sellingGeneralAndAdministrative": "116900000", "researchAndDevelopment": "0", "operatingExpenses": "116900000", "investmentIncomeNet": "None", "netInterestIncome": "None", "interestIncome": "None", "interestExpense": "23400000", "nonInterestIncome": "None", "otherNonOperatingIncome": "None", "depreciation": "None", "depreciationAndAmortization": "88000000", "incomeBeforeTax": "183000000", "incomeTaxExpense": "63700000", "interestAndDebtExpense": "None", "netIncomeFromContinuingOperations": "119300000", "comprehensiveIncomeNetOfTax": "None", "ebit": "206400000", "ebitda": "294400000", "netIncome": "118200000"}, {"fiscalDateEnding": "2016-06-30", "reportedCurrency": "USD", "grossProfit": "320100000", "totalRevenue": "1417400000", "costOfRevenue": "1097300000", "costofGoodsAndServicesSold": "1097300000", "operatingIncome": "200200000", "sellingGeneralAndAdministrative": "114800000", "researchAndDevelopment": "0", "operatingExpenses": "114800000", "investmentIncomeNet": "None", "netInterestIncome": "None", "interestIncome": "None", "interestExpense": "22500000", "nonInterestIncome": "None", "otherNonOperatingIncome": "None", "depreciation": "None", "depreciationAndAmortization": "87600000", "incomeBeforeTax": "177700000", "incomeTaxExpense": "61800000", "interestAndDebtExpense": "None", "netIncomeFromContinuingOperations": "115900000", "comprehensiveIncomeNetOfTax": "None", "ebit": "112600000", "ebitda": "200200000", "netIncome": "114700000"}, {"fiscalDateEnding": "2016-03-31", "reportedCurrency": "USD", "grossProfit": "298600000", "totalRevenue": "1401000000", "costOfRevenue": "1102400000", "costofGoodsAndServicesSold": "1102400000", "operatingIncome": "180800000", "sellingGeneralAndAdministrative": "113900000", "researchAndDevelopment": "0", "operatingExpenses": "113900000", "investmentIncomeNet": "None", "netInterestIncome": "None", "interestIncome": "None", "interestExpense": "21600000", "nonInterestIncome": "None", "otherNonOperatingIncome": "None", "depreciation": "None", "depreciationAndAmortization": "88700000", "incomeBeforeTax": "159200000", "incomeTaxExpense": "55500000", "interestAndDebtExpense": "None", "netIncomeFromContinuingOperations": "103700000", "comprehensiveIncomeNetOfTax": "None", "ebit": "92100000", "ebitda": "180800000", "netIncome": "102600000"}, {"fiscalDateEnding": "2015-12-31", "reportedCurrency": "USD", "grossProfit": "285000000", "totalRevenue": "1390900000", "costOfRevenue": "1105900000", "costofGoodsAndServicesSold": "1105900000", "operatingIncome": "175900000", "sellingGeneralAndAdministrative": "105400000", "researchAndDevelopment": "13100000", "operatingExpenses": "105300000", "investmentIncomeNet": "None", "netInterestIncome": "None", "interestIncome": "None", "interestExpense": "22300000", "nonInterestIncome": "None", "otherNonOperatingIncome": "None", "depreciation": "None", "depreciationAndAmortization": "90600000", "incomeBeforeTax": "153600000", "incomeTaxExpense": "49300000", "interestAndDebtExpense": "None", "netIncomeFromContinuingOperations": "104200000", "comprehensiveIncomeNetOfTax": "None", "ebit": "175900000", "ebitda": "266500000", "netIncome": "103000000"}, {"fiscalDateEnding": "2015-09-30", "reportedCurrency": "USD", "grossProfit": "328300000", "totalRevenue": "1470800000", "costOfRevenue": "1142500000", "costofGoodsAndServicesSold": "1142500000", "operatingIncome": "219400000", "sellingGeneralAndAdministrative": "112700000", "researchAndDevelopment": "0", "operatingExpenses": "112700000", "investmentIncomeNet": "None", "netInterestIncome": "None", "interestIncome": "None", "interestExpense": "21700000", "nonInterestIncome": "None", "otherNonOperatingIncome": "None", "depreciation": "None", "depreciationAndAmortization": "89700000", "incomeBeforeTax": "197700000", "incomeTaxExpense": "69900000", "interestAndDebtExpense": "None", "netIncomeFromContinuingOperations": "127800000", "comprehensiveIncomeNetOfTax": "None", "ebit": "129700000", "ebitda": "219400000", "netIncome": "126300000"}, {"fiscalDateEnding": "2015-06-30", "reportedCurrency": "USD", "grossProfit": "323700000", "totalRevenue": "1454300000", "costOfRevenue": "1130600000", "costofGoodsAndServicesSold": "1130600000", "operatingIncome": "197600000", "sellingGeneralAndAdministrative": "121900000", "researchAndDevelopment": "0", "operatingExpenses": "121900000", "investmentIncomeNet": "None", "netInterestIncome": "None", "interestIncome": "None", "interestExpense": "22200000", "nonInterestIncome": "None", "otherNonOperatingIncome": "None", "depreciation": "None", "depreciationAndAmortization": "88700000", "incomeBeforeTax": "175400000", "incomeTaxExpense": "61400000", "interestAndDebtExpense": "None", "netIncomeFromContinuingOperations": "114000000", "comprehensiveIncomeNetOfTax": "None", "ebit": "108900000", "ebitda": "197600000", "netIncome": "112600000"}, {"fiscalDateEnding": "2015-03-31", "reportedCurrency": "USD", "grossProfit": "277000000", "totalRevenue": "1425700000", "costOfRevenue": "1148700000", "costofGoodsAndServicesSold": "1148700000", "operatingIncome": "157100000", "sellingGeneralAndAdministrative": "117300000", "researchAndDevelopment": "0", "operatingExpenses": "117300000", "investmentIncomeNet": "None", "netInterestIncome": "None", "interestIncome": "None", "interestExpense": "19200000", "nonInterestIncome": "None", "otherNonOperatingIncome": "None", "depreciation": "None", "depreciationAndAmortization": "95300000", "incomeBeforeTax": "137900000", "incomeTaxExpense": "47100000", "interestAndDebtExpense": "None", "netIncomeFromContinuingOperations": "90800000", "comprehensiveIncomeNetOfTax": "None", "ebit": "61800000", "ebitda": "157100000", "netIncome": "89600000"}, {"fiscalDateEnding": "2014-12-31", "reportedCurrency": "USD", "grossProfit": "297000000", "totalRevenue": "1434000000", "costOfRevenue": "1137000000", "costofGoodsAndServicesSold": "1137000000", "operatingIncome": "173200000", "sellingGeneralAndAdministrative": "110493000", "researchAndDevelopment": "12300000", "operatingExpenses": "110400000", "investmentIncomeNet": "None", "netInterestIncome": "None", "interestIncome": "None", "interestExpense": "23200000", "nonInterestIncome": "None", "otherNonOperatingIncome": "None", "depreciation": "None", "depreciationAndAmortization": "94314000", "incomeBeforeTax": "150000000", "incomeTaxExpense": "51500000", "interestAndDebtExpense": "None", "netIncomeFromContinuingOperations": "98512000", "comprehensiveIncomeNetOfTax": "None", "ebit": "173166000", "ebitda": "267480000", "netIncome": "97193000"}, {"fiscalDateEnding": "2014-09-30", "reportedCurrency": "USD", "grossProfit": "320300000", "totalRevenue": "1518900000", "costOfRevenue": "1198600000", "costofGoodsAndServicesSold": "1198600000", "operatingIncome": "188400000", "sellingGeneralAndAdministrative": "119645000", "researchAndDevelopment": "0", "operatingExpenses": "119600000", "investmentIncomeNet": "None", "netInterestIncome": "None", "interestIncome": "None", "interestExpense": "23100000", "nonInterestIncome": "None", "otherNonOperatingIncome": "None", "depreciation": "None", "depreciationAndAmortization": "107366000", "incomeBeforeTax": "165300000", "incomeTaxExpense": "60900000", "interestAndDebtExpense": "None", "netIncomeFromContinuingOperations": "104445000", "comprehensiveIncomeNetOfTax": "None", "ebit": "81034000", "ebitda": "188400000", "netIncome": "103000000"}, {"fiscalDateEnding": "2014-06-30", "reportedCurrency": "USD", "grossProfit": "310800000", "totalRevenue": "1468400000", "costOfRevenue": "1157600000", "costofGoodsAndServicesSold": "1157600000", "operatingIncome": "180200000", "sellingGeneralAndAdministrative": "122848000", "researchAndDevelopment": "0", "operatingExpenses": "122900000", "investmentIncomeNet": "None", "netInterestIncome": "None", "interestIncome": "None", "interestExpense": "21400000", "nonInterestIncome": "None", "otherNonOperatingIncome": "None", "depreciation": "None", "depreciationAndAmortization": "103080000", "incomeBeforeTax": "158800000", "incomeTaxExpense": "59200000", "interestAndDebtExpense": "None", "netIncomeFromContinuingOperations": "99557000", "comprehensiveIncomeNetOfTax": "None", "ebit": "77120000", "ebitda": "180200000", "netIncome": "98000000"}, {"fiscalDateEnding": "2014-03-31", "reportedCurrency": "USD", "grossProfit": "301400000", "totalRevenue": "1431300000", "costOfRevenue": "1129900000", "costofGoodsAndServicesSold": "1129900000", "operatingIncome": "160900000", "sellingGeneralAndAdministrative": "116514000", "researchAndDevelopment": "0", "operatingExpenses": "116500000", "investmentIncomeNet": "None", "netInterestIncome": "None", "interestIncome": "None", "interestExpense": "20800000", "nonInterestIncome": "None", "otherNonOperatingIncome": "None", "depreciation": "None", "depreciationAndAmortization": "86040000", "incomeBeforeTax": "140100000", "incomeTaxExpense": "50000000", "interestAndDebtExpense": "None", "netIncomeFromContinuingOperations": "90086000", "comprehensiveIncomeNetOfTax": "None", "ebit": "74860000", "ebitda": "160900000", "netIncome": "88700000"}, {"fiscalDateEnding": "2013-12-31", "reportedCurrency": "USD", "grossProfit": "257600000", "totalRevenue": "1264400000", "costOfRevenue": "1006800000", "costofGoodsAndServicesSold": "1006800000", "operatingIncome": "121100000", "sellingGeneralAndAdministrative": "226861000", "researchAndDevelopment": "11500000", "operatingExpenses": "100000000", "investmentIncomeNet": "None", "netInterestIncome": "None", "interestIncome": "None", "interestExpense": "27900000", "nonInterestIncome": "None", "otherNonOperatingIncome": "None", "depreciation": "None", "depreciationAndAmortization": "88080000", "incomeBeforeTax": "93200000", "incomeTaxExpense": "-133800000", "interestAndDebtExpense": "None", "netIncomeFromContinuingOperations": "227025000", "comprehensiveIncomeNetOfTax": "None", "ebit": "121131000", "ebitda": "209211000", "netIncome": "227025000"}, {"fiscalDateEnding": "2013-09-30", "reportedCurrency": "USD", "grossProfit": "225800000", "totalRevenue": "845400000", "costOfRevenue": "619600000", "costofGoodsAndServicesSold": "619600000", "operatingIncome": "141960000", "sellingGeneralAndAdministrative": "77600000", "researchAndDevelopment": "0", "operatingExpenses": "77600000", "investmentIncomeNet": "None", "netInterestIncome": "None", "interestIncome": "None", "interestExpense": "11900000", "nonInterestIncome": "None", "otherNonOperatingIncome": "None", "depreciation": "None", "depreciationAndAmortization": "44096000", "incomeBeforeTax": "130100000", "incomeTaxExpense": "45900000", "interestAndDebtExpense": "None", "netIncomeFromContinuingOperations": "84180000", "comprehensiveIncomeNetOfTax": "None", "ebit": "147119000", "ebitda": "191215000", "netIncome": "84682000"}, {"fiscalDateEnding": "2013-06-30", "reportedCurrency": "USD", "grossProfit": "192100000", "totalRevenue": "800200000", "costOfRevenue": "608100000", "costofGoodsAndServicesSold": "608100000", "operatingIncome": "107300000", "sellingGeneralAndAdministrative": "74000000", "researchAndDevelopment": "0", "operatingExpenses": "74000000", "investmentIncomeNet": "None", "netInterestIncome": "None", "interestIncome": "None", "interestExpense": "9200000", "nonInterestIncome": "None", "otherNonOperatingIncome": "None", "depreciation": "None", "depreciationAndAmortization": "43064000", "incomeBeforeTax": "98100000", "incomeTaxExpense": "33600000", "interestAndDebtExpense": "None", "netIncomeFromContinuingOperations": "64465000", "comprehensiveIncomeNetOfTax": "None", "ebit": "64236000", "ebitda": "107300000", "netIncome": "66252000"}, {"fiscalDateEnding": "2013-03-31", "reportedCurrency": "USD", "grossProfit": "182400000", "totalRevenue": "755200000", "costOfRevenue": "572800000", "costofGoodsAndServicesSold": "572800000", "operatingIncome": "103246000", "sellingGeneralAndAdministrative": "75200000", "researchAndDevelopment": "0", "operatingExpenses": "75200000", "investmentIncomeNet": "None", "netInterestIncome": "None", "interestIncome": "None", "interestExpense": "9200000", "nonInterestIncome": "None", "otherNonOperatingIncome": "None", "depreciation": "None", "depreciationAndAmortization": "42678000", "incomeBeforeTax": "94000000", "incomeTaxExpense": "33400000", "interestAndDebtExpense": "None", "netIncomeFromContinuingOperations": "60613000", "comprehensiveIncomeNetOfTax": "None", "ebit": "107618000", "ebitda": "150296000", "netIncome": "62294000"}, {"fiscalDateEnding": "2012-12-31", "reportedCurrency": "USD", "grossProfit": "174000000", "totalRevenue": "736600000", "costOfRevenue": "562600000", "costofGoodsAndServicesSold": "562600000", "operatingIncome": "98419000", "sellingGeneralAndAdministrative": "72000000", "researchAndDevelopment": "11300000", "operatingExpenses": "72000000", "investmentIncomeNet": "None", "netInterestIncome": "None", "interestIncome": "None", "interestExpense": "9400000", "nonInterestIncome": "None", "otherNonOperatingIncome": "None", "depreciation": "None", "depreciationAndAmortization": "43286000", "incomeBeforeTax": "89000000", "incomeTaxExpense": "28000000", "interestAndDebtExpense": "None", "netIncomeFromContinuingOperations": "61031000", "comprehensiveIncomeNetOfTax": "None", "ebit": "98419000", "ebitda": "141705000", "netIncome": "61031000"}, {"fiscalDateEnding": "2012-09-30", "reportedCurrency": "USD", "grossProfit": "162600000", "totalRevenue": "723500000", "costOfRevenue": "560900000", "costofGoodsAndServicesSold": "560900000", "operatingIncome": "92100000", "sellingGeneralAndAdministrative": "68519000", "researchAndDevelopment": "0", "operatingExpenses": "70500000", "investmentIncomeNet": "None", "netInterestIncome": "None", "interestIncome": "None", "interestExpense": "30590000", "nonInterestIncome": "None", "otherNonOperatingIncome": "None", "depreciation": "None", "depreciationAndAmortization": "42912000", "incomeBeforeTax": "61500000", "incomeTaxExpense": "21700000", "interestAndDebtExpense": "None", "netIncomeFromContinuingOperations": "39791000", "comprehensiveIncomeNetOfTax": "None", "ebit": "49160000", "ebitda": "92072000", "netIncome": "39791000"}, {"fiscalDateEnding": "2012-06-30", "reportedCurrency": "USD", "grossProfit": "158100000", "totalRevenue": "712500000", "costOfRevenue": "554400000", "costofGoodsAndServicesSold": "554400000", "operatingIncome": "83900000", "sellingGeneralAndAdministrative": "70604000", "researchAndDevelopment": "0", "operatingExpenses": "74200000", "investmentIncomeNet": "None", "netInterestIncome": "None", "interestIncome": "None", "interestExpense": "13256000", "nonInterestIncome": "None", "otherNonOperatingIncome": "None", "depreciation": "None", "depreciationAndAmortization": "42444000", "incomeBeforeTax": "70600000", "incomeTaxExpense": "25400000", "interestAndDebtExpense": "None", "netIncomeFromContinuingOperations": "45154000", "comprehensiveIncomeNetOfTax": "None", "ebit": "41414000", "ebitda": "83858000", "netIncome": "45154000"}, {"fiscalDateEnding": "2012-03-31", "reportedCurrency": "USD", "grossProfit": "145000000", "totalRevenue": "671300000", "costOfRevenue": "526300000", "costofGoodsAndServicesSold": "526300000", "operatingIncome": "169100000", "sellingGeneralAndAdministrative": "68830000", "researchAndDevelopment": "0", "operatingExpenses": "-24100000", "investmentIncomeNet": "None", "netInterestIncome": "None", "interestIncome": "None", "interestExpense": "9683000", "nonInterestIncome": "None", "otherNonOperatingIncome": "None", "depreciation": "None", "depreciationAndAmortization": "42638000", "incomeBeforeTax": "159400000", "incomeTaxExpense": "141600000", "interestAndDebtExpense": "None", "netIncomeFromContinuingOperations": "17844000", "comprehensiveIncomeNetOfTax": "None", "ebit": "126472000", "ebitda": "169110000", "netIncome": "17844000"}, {"fiscalDateEnding": "2011-12-31", "reportedCurrency": "USD", "grossProfit": "134157000", "totalRevenue": "654306000", "costOfRevenue": "520149000", "costofGoodsAndServicesSold": "520149000", "operatingIncome": "67807000", "sellingGeneralAndAdministrative": "65087000", "researchAndDevelopment": "12500000", "operatingExpenses": "66350000", "investmentIncomeNet": "None", "netInterestIncome": "None", "interestIncome": "None", "interestExpense": "9294000", "nonInterestIncome": "None", "otherNonOperatingIncome": "None", "depreciation": "None", "depreciationAndAmortization": "42940000", "incomeBeforeTax": "58513000", "incomeTaxExpense": "19048000", "interestAndDebtExpense": "None", "netIncomeFromContinuingOperations": "39465000", "comprehensiveIncomeNetOfTax": "None", "ebit": "67807000", "ebitda": "110747000", "netIncome": "39465000"}, {"fiscalDateEnding": "2011-09-30", "reportedCurrency": "USD", "grossProfit": "137700000", "totalRevenue": "670800000", "costOfRevenue": "533100000", "costofGoodsAndServicesSold": "533100000", "operatingIncome": "71200000", "sellingGeneralAndAdministrative": "65338000", "researchAndDevelopment": "0", "operatingExpenses": "66500000", "investmentIncomeNet": "None", "netInterestIncome": "None", "interestIncome": "None", "interestExpense": "6727000", "nonInterestIncome": "None", "otherNonOperatingIncome": "None", "depreciation": "None", "depreciationAndAmortization": "41099000", "incomeBeforeTax": "64500000", "incomeTaxExpense": "22700000", "interestAndDebtExpense": "None", "netIncomeFromContinuingOperations": "41777000", "comprehensiveIncomeNetOfTax": "None", "ebit": "30081000", "ebitda": "71180000", "netIncome": "41777000"}, {"fiscalDateEnding": "2011-06-30", "reportedCurrency": "USD", "grossProfit": "136900000", "totalRevenue": "665500000", "costOfRevenue": "528600000", "costofGoodsAndServicesSold": "528600000", "operatingIncome": "67800000", "sellingGeneralAndAdministrative": "64544000", "researchAndDevelopment": "0", "operatingExpenses": "69100000", "investmentIncomeNet": "None", "netInterestIncome": "None", "interestIncome": "None", "interestExpense": "6321000", "nonInterestIncome": "None", "otherNonOperatingIncome": "None", "depreciation": "None", "depreciationAndAmortization": "40638000", "incomeBeforeTax": "61500000", "incomeTaxExpense": "22100000", "interestAndDebtExpense": "None", "netIncomeFromContinuingOperations": "39368000", "comprehensiveIncomeNetOfTax": "None", "ebit": "27221000", "ebitda": "67859000", "netIncome": "39368000"}, {"fiscalDateEnding": "2011-03-31", "reportedCurrency": "USD", "grossProfit": "133100000", "totalRevenue": "629500000", "costOfRevenue": "496400000", "costofGoodsAndServicesSold": "496400000", "operatingIncome": "65900000", "sellingGeneralAndAdministrative": "63505000", "researchAndDevelopment": "0", "operatingExpenses": "67200000", "investmentIncomeNet": "None", "netInterestIncome": "None", "interestIncome": "None", "interestExpense": "6903000", "nonInterestIncome": "None", "otherNonOperatingIncome": "None", "depreciation": "None", "depreciationAndAmortization": "39296000", "incomeBeforeTax": "59000000", "incomeTaxExpense": "21600000", "interestAndDebtExpense": "None", "netIncomeFromContinuingOperations": "37417000", "comprehensiveIncomeNetOfTax": "None", "ebit": "26607000", "ebitda": "65903000", "netIncome": "37417000"}, {"fiscalDateEnding": "2010-12-31", "reportedCurrency": "USD", "grossProfit": "147284000", "totalRevenue": "626651000", "costOfRevenue": "479367000", "costofGoodsAndServicesSold": "479367000", "operatingIncome": "96362000", "sellingGeneralAndAdministrative": "60897000", "researchAndDevelopment": "10900000", "operatingExpenses": "67291000", "investmentIncomeNet": "None", "netInterestIncome": "None", "interestIncome": "None", "interestExpense": "7559000", "nonInterestIncome": "None", "otherNonOperatingIncome": "None", "depreciation": "None", "depreciationAndAmortization": "39528000", "incomeBeforeTax": "88803000", "incomeTaxExpense": "33912000", "interestAndDebtExpense": "None", "netIncomeFromContinuingOperations": "0", "comprehensiveIncomeNetOfTax": "None", "ebit": "79993000", "ebitda": "119521000", "netIncome": "54891000"}, {"fiscalDateEnding": "2010-09-30", "reportedCurrency": "USD", "grossProfit": "166500000", "totalRevenue": "642800000", "costOfRevenue": "476300000", "costofGoodsAndServicesSold": "476300000", "operatingIncome": "103700000", "sellingGeneralAndAdministrative": "62746000", "researchAndDevelopment": "0", "operatingExpenses": "62800000", "investmentIncomeNet": "None", "netInterestIncome": "None", "interestIncome": "None", "interestExpense": "7903000", "nonInterestIncome": "None", "otherNonOperatingIncome": "None", "depreciation": "None", "depreciationAndAmortization": "39042000", "incomeBeforeTax": "-20200000", "incomeTaxExpense": "-113500000", "interestAndDebtExpense": "None", "netIncomeFromContinuingOperations": "93320000", "comprehensiveIncomeNetOfTax": "None", "ebit": "-12342000", "ebitda": "26700000", "netIncome": "93320000"}, {"fiscalDateEnding": "2010-06-30", "reportedCurrency": "USD", "grossProfit": "131700000", "totalRevenue": "615500000", "costOfRevenue": "483800000", "costofGoodsAndServicesSold": "483800000", "operatingIncome": "67700000", "sellingGeneralAndAdministrative": "60039000", "researchAndDevelopment": "0", "operatingExpenses": "64000000", "investmentIncomeNet": "None", "netInterestIncome": "None", "interestIncome": "None", "interestExpense": "8093000", "nonInterestIncome": "None", "otherNonOperatingIncome": "None", "depreciation": "None", "depreciationAndAmortization": "39358000", "incomeBeforeTax": "59600000", "incomeTaxExpense": "21600000", "interestAndDebtExpense": "None", "netIncomeFromContinuingOperations": "38030000", "comprehensiveIncomeNetOfTax": "None", "ebit": "28388000", "ebitda": "67746000", "netIncome": "38030000"}, {"fiscalDateEnding": "2010-03-31", "reportedCurrency": "USD", "grossProfit": "86799000", "totalRevenue": "550732000", "costOfRevenue": "463933000", "costofGoodsAndServicesSold": "463933000", "operatingIncome": "33616000", "sellingGeneralAndAdministrative": "56907000", "researchAndDevelopment": "0", "operatingExpenses": "62418000", "investmentIncomeNet": "None", "netInterestIncome": "None", "interestIncome": "None", "interestExpense": "8723000", "nonInterestIncome": "None", "otherNonOperatingIncome": "None", "depreciation": "None", "depreciationAndAmortization": "38370000", "incomeBeforeTax": "24893000", "incomeTaxExpense": "5699000", "interestAndDebtExpense": "None", "netIncomeFromContinuingOperations": "0", "comprehensiveIncomeNetOfTax": "None", "ebit": "24652000", "ebitda": "63022000", "netIncome": "19194000"}, {"fiscalDateEnding": "2009-12-31", "reportedCurrency": "USD", "grossProfit": "87538000", "totalRevenue": "532257000", "costOfRevenue": "444719000", "costofGoodsAndServicesSold": "444719000", "operatingIncome": "70799000", "sellingGeneralAndAdministrative": "55624000", "researchAndDevelopment": "9400000", "operatingExpenses": "58344000", "investmentIncomeNet": "None", "netInterestIncome": "None", "interestIncome": "None", "interestExpense": "8954000", "nonInterestIncome": "None", "otherNonOperatingIncome": "None", "depreciation": "None", "depreciationAndAmortization": "39317000", "incomeBeforeTax": "61845000", "incomeTaxExpense": "3162000", "interestAndDebtExpense": "None", "netIncomeFromContinuingOperations": "0", "comprehensiveIncomeNetOfTax": "None", "ebit": "29194000", "ebitda": "68511000", "netIncome": "58683000"}, {"fiscalDateEnding": "2009-09-30", "reportedCurrency": "USD", "grossProfit": "110532000", "totalRevenue": "553573000", "costOfRevenue": "443041000", "costofGoodsAndServicesSold": "443041000", "operatingIncome": "96331000", "sellingGeneralAndAdministrative": "57446000", "researchAndDevelopment": "0", "operatingExpenses": "61338000", "investmentIncomeNet": "None", "netInterestIncome": "None", "interestIncome": "None", "interestExpense": "8961000", "nonInterestIncome": "None", "otherNonOperatingIncome": "None", "depreciation": "None", "depreciationAndAmortization": "38155000", "incomeBeforeTax": "87370000", "incomeTaxExpense": "14715000", "interestAndDebtExpense": "None", "netIncomeFromContinuingOperations": "0", "comprehensiveIncomeNetOfTax": "None", "ebit": "48660000", "ebitda": "86815000", "netIncome": "72655000"}, {"fiscalDateEnding": "2009-06-30", "reportedCurrency": "USD", "grossProfit": "118500000", "totalRevenue": "549400000", "costOfRevenue": "430900000", "costofGoodsAndServicesSold": "430900000", "operatingIncome": "135717000", "sellingGeneralAndAdministrative": "58212000", "researchAndDevelopment": "0", "operatingExpenses": "58200000", "investmentIncomeNet": "None", "netInterestIncome": "None", "interestIncome": "None", "interestExpense": "8800000", "nonInterestIncome": "None", "otherNonOperatingIncome": "None", "depreciation": "None", "depreciationAndAmortization": "36813000", "incomeBeforeTax": "126900000", "incomeTaxExpense": "18000000", "interestAndDebtExpense": "None", "netIncomeFromContinuingOperations": "0", "comprehensiveIncomeNetOfTax": "None", "ebit": "56821000", "ebitda": "93634000", "netIncome": "108881000"}, {"fiscalDateEnding": "2009-03-31", "reportedCurrency": "USD", "grossProfit": "110008000", "totalRevenue": "512378000", "costOfRevenue": "402370000", "costofGoodsAndServicesSold": "402370000", "operatingIncome": "49607000", "sellingGeneralAndAdministrative": "56743000", "researchAndDevelopment": "0", "operatingExpenses": "60401000", "investmentIncomeNet": "None", "netInterestIncome": "None", "interestIncome": "None", "interestExpense": "8738000", "nonInterestIncome": "None", "otherNonOperatingIncome": "None", "depreciation": "None", "depreciationAndAmortization": "36932000", "incomeBeforeTax": "40869000", "incomeTaxExpense": "15193000", "interestAndDebtExpense": "None", "netIncomeFromContinuingOperations": "0", "comprehensiveIncomeNetOfTax": "None", "ebit": "12675000", "ebitda": "49607000", "netIncome": "25676000"}, {"fiscalDateEnding": "2008-12-31", "reportedCurrency": "USD", "grossProfit": "114161000", "totalRevenue": "546051000", "costOfRevenue": "431890000", "costofGoodsAndServicesSold": "431890000", "operatingIncome": "51788000", "sellingGeneralAndAdministrative": "58988000", "researchAndDevelopment": "6900000", "operatingExpenses": "62373000", "investmentIncomeNet": "None", "netInterestIncome": "None", "interestIncome": "None", "interestExpense": "31669000", "nonInterestIncome": "None", "otherNonOperatingIncome": "None", "depreciation": "None", "depreciationAndAmortization": "40398000", "incomeBeforeTax": "42690000", "incomeTaxExpense": "12448000", "interestAndDebtExpense": "None", "netIncomeFromContinuingOperations": "0", "comprehensiveIncomeNetOfTax": "None", "ebit": "51788000", "ebitda": "92186000", "netIncome": "30242000"}, {"fiscalDateEnding": "2008-09-30", "reportedCurrency": "USD", "grossProfit": "131895000", "totalRevenue": "620785000", "costOfRevenue": "488890000", "costofGoodsAndServicesSold": "488890000", "operatingIncome": "68705000", "sellingGeneralAndAdministrative": "60520000", "researchAndDevelopment": "0", "operatingExpenses": "63190000", "investmentIncomeNet": "None", "netInterestIncome": "None", "interestIncome": "None", "interestExpense": "8071000", "nonInterestIncome": "None", "otherNonOperatingIncome": "None", "depreciation": "None", "depreciationAndAmortization": "35935000", "incomeBeforeTax": "60634000", "incomeTaxExpense": "22532000", "interestAndDebtExpense": "None", "netIncomeFromContinuingOperations": "0", "comprehensiveIncomeNetOfTax": "None", "ebit": "32770000", "ebitda": "68705000", "netIncome": "38102000"}, {"fiscalDateEnding": "2008-06-30", "reportedCurrency": "USD", "grossProfit": "127223000", "totalRevenue": "616183000", "costOfRevenue": "488960000", "costofGoodsAndServicesSold": "488960000", "operatingIncome": "64173000", "sellingGeneralAndAdministrative": "57499000", "researchAndDevelopment": "0", "operatingExpenses": "63050000", "investmentIncomeNet": "None", "netInterestIncome": "None", "interestIncome": "None", "interestExpense": "8197000", "nonInterestIncome": "None", "otherNonOperatingIncome": "None", "depreciation": "None", "depreciationAndAmortization": "35984000", "incomeBeforeTax": "55976000", "incomeTaxExpense": "20784000", "interestAndDebtExpense": "None", "netIncomeFromContinuingOperations": "0", "comprehensiveIncomeNetOfTax": "None", "ebit": "28189000", "ebitda": "64173000", "netIncome": "35192000"}, {"fiscalDateEnding": "2008-03-31", "reportedCurrency": "USD", "grossProfit": "118079000", "totalRevenue": "577474000", "costOfRevenue": "459395000", "costofGoodsAndServicesSold": "459395000", "operatingIncome": "57146000", "sellingGeneralAndAdministrative": "57280000", "researchAndDevelopment": "0", "operatingExpenses": "60933000", "investmentIncomeNet": "None", "netInterestIncome": "None", "interestIncome": "None", "interestExpense": "6303000", "nonInterestIncome": "None", "otherNonOperatingIncome": "None", "depreciation": "None", "depreciationAndAmortization": "35452000", "incomeBeforeTax": "50843000", "incomeTaxExpense": "18770000", "interestAndDebtExpense": "None", "netIncomeFromContinuingOperations": "0", "comprehensiveIncomeNetOfTax": "None", "ebit": "21694000", "ebitda": "57146000", "netIncome": "32073000"}, {"fiscalDateEnding": "2007-12-31", "reportedCurrency": "USD", "grossProfit": "132316000", "totalRevenue": "580178000", "costOfRevenue": "447862000", "costofGoodsAndServicesSold": "447862000", "operatingIncome": "75042000", "sellingGeneralAndAdministrative": "56049000", "researchAndDevelopment": "7600000", "operatingExpenses": "57274000", "investmentIncomeNet": "None", "netInterestIncome": "None", "interestIncome": "None", "interestExpense": "25584000", "nonInterestIncome": "None", "otherNonOperatingIncome": "None", "depreciation": "None", "depreciationAndAmortization": "36068000", "incomeBeforeTax": "69265000", "incomeTaxExpense": "25273000", "interestAndDebtExpense": "None", "netIncomeFromContinuingOperations": "0", "comprehensiveIncomeNetOfTax": "None", "ebit": "75042000", "ebitda": "111110000", "netIncome": "43992000"}, {"fiscalDateEnding": "2007-09-30", "reportedCurrency": "USD", "grossProfit": "139558000", "totalRevenue": "591041000", "costOfRevenue": "451483000", "costofGoodsAndServicesSold": "451483000", "operatingIncome": "81490000", "sellingGeneralAndAdministrative": "55991000", "researchAndDevelopment": "0", "operatingExpenses": "58068000", "investmentIncomeNet": "None", "netInterestIncome": "None", "interestIncome": "None", "interestExpense": "5747000", "nonInterestIncome": "None", "otherNonOperatingIncome": "None", "depreciation": "None", "depreciationAndAmortization": "36330000", "incomeBeforeTax": "75743000", "incomeTaxExpense": "27087000", "interestAndDebtExpense": "None", "netIncomeFromContinuingOperations": "0", "comprehensiveIncomeNetOfTax": "None", "ebit": "45160000", "ebitda": "81490000", "netIncome": "48656000"}, {"fiscalDateEnding": "2007-06-30", "reportedCurrency": "USD", "grossProfit": "140110000", "totalRevenue": "585628000", "costOfRevenue": "445518000", "costofGoodsAndServicesSold": "445518000", "operatingIncome": "80244000", "sellingGeneralAndAdministrative": "57569000", "researchAndDevelopment": "0", "operatingExpenses": "59866000", "investmentIncomeNet": "None", "netInterestIncome": "None", "interestIncome": "None", "interestExpense": "6928000", "nonInterestIncome": "None", "otherNonOperatingIncome": "None", "depreciation": "None", "depreciationAndAmortization": "36282000", "incomeBeforeTax": "73296000", "incomeTaxExpense": "27069000", "interestAndDebtExpense": "None", "netIncomeFromContinuingOperations": "0", "comprehensiveIncomeNetOfTax": "None", "ebit": "80244000", "ebitda": "116526000", "netIncome": "46227000"}, {"fiscalDateEnding": "2007-03-31", "reportedCurrency": "USD", "grossProfit": "112987000", "totalRevenue": "559159000", "costOfRevenue": "446172000", "costofGoodsAndServicesSold": "446172000", "operatingIncome": "56696000", "sellingGeneralAndAdministrative": "54847000", "researchAndDevelopment": "0", "operatingExpenses": "56291000", "investmentIncomeNet": "None", "netInterestIncome": "None", "interestIncome": "None", "interestExpense": "7132000", "nonInterestIncome": "None", "otherNonOperatingIncome": "None", "depreciation": "None", "depreciationAndAmortization": "36990000", "incomeBeforeTax": "49564000", "incomeTaxExpense": "18373000", "interestAndDebtExpense": "None", "netIncomeFromContinuingOperations": "0", "comprehensiveIncomeNetOfTax": "None", "ebit": "19706000", "ebitda": "56696000", "netIncome": "31191000"}, {"fiscalDateEnding": "2006-12-31", "reportedCurrency": "USD", "grossProfit": "123473000", "totalRevenue": "553054000", "costOfRevenue": "429581000", "costofGoodsAndServicesSold": "429581000", "operatingIncome": "68847000", "sellingGeneralAndAdministrative": "53683000", "researchAndDevelopment": "6900000", "operatingExpenses": "54626000", "investmentIncomeNet": "None", "netInterestIncome": "None", "interestIncome": "None", "interestExpense": "31203000", "nonInterestIncome": "None", "otherNonOperatingIncome": "None", "depreciation": "None", "depreciationAndAmortization": "38225000", "incomeBeforeTax": "61749000", "incomeTaxExpense": "21697000", "interestAndDebtExpense": "None", "netIncomeFromContinuingOperations": "0", "comprehensiveIncomeNetOfTax": "None", "ebit": "68847000", "ebitda": "107072000", "netIncome": "40052000"}, {"fiscalDateEnding": "2006-09-30", "reportedCurrency": "USD", "grossProfit": "134688000", "totalRevenue": "575041000", "costOfRevenue": "440353000", "costofGoodsAndServicesSold": "440353000", "operatingIncome": "76791000", "sellingGeneralAndAdministrative": "54975000", "researchAndDevelopment": "0", "operatingExpenses": "57897000", "investmentIncomeNet": "None", "netInterestIncome": "None", "interestIncome": "None", "interestExpense": "7845000", "nonInterestIncome": "None", "otherNonOperatingIncome": "None", "depreciation": "None", "depreciationAndAmortization": "38092000", "incomeBeforeTax": "68946000", "incomeTaxExpense": "25198000", "interestAndDebtExpense": "None", "netIncomeFromContinuingOperations": "0", "comprehensiveIncomeNetOfTax": "None", "ebit": "76586000", "ebitda": "114678000", "netIncome": "43616000"}, {"fiscalDateEnding": "2006-06-30", "reportedCurrency": "USD", "grossProfit": "112138000", "totalRevenue": "551095000", "costOfRevenue": "438957000", "costofGoodsAndServicesSold": "438957000", "operatingIncome": "57806000", "sellingGeneralAndAdministrative": "51883000", "researchAndDevelopment": "0", "operatingExpenses": "54332000", "investmentIncomeNet": "None", "netInterestIncome": "None", "interestIncome": "None", "interestExpense": "8210000", "nonInterestIncome": "None", "otherNonOperatingIncome": "None", "depreciation": "None", "depreciationAndAmortization": "38339000", "incomeBeforeTax": "49596000", "incomeTaxExpense": "17351000", "interestAndDebtExpense": "None", "netIncomeFromContinuingOperations": "0", "comprehensiveIncomeNetOfTax": "None", "ebit": "57551000", "ebitda": "95890000", "netIncome": "32081000"}, {"fiscalDateEnding": "2006-03-31", "reportedCurrency": "USD", "grossProfit": "73578000", "totalRevenue": "507856000", "costOfRevenue": "434278000", "costofGoodsAndServicesSold": "434278000", "operatingIncome": "24698000", "sellingGeneralAndAdministrative": "48880000", "researchAndDevelopment": "0", "operatingExpenses": "48880000", "investmentIncomeNet": "None", "netInterestIncome": "None", "interestIncome": "None", "interestExpense": "8050000", "nonInterestIncome": "None", "otherNonOperatingIncome": "None", "depreciation": "None", "depreciationAndAmortization": "37755000", "incomeBeforeTax": "14433000", "incomeTaxExpense": "5446000", "interestAndDebtExpense": "None", "netIncomeFromContinuingOperations": "0", "comprehensiveIncomeNetOfTax": "None", "ebit": "25516000", "ebitda": "63271000", "netIncome": "10935000"}, {"fiscalDateEnding": "2005-12-31", "reportedCurrency": "USD", "grossProfit": "57118000", "totalRevenue": "472651000", "costOfRevenue": "415533000", "costofGoodsAndServicesSold": "415533000", "operatingIncome": "13913000", "sellingGeneralAndAdministrative": "46531000", "researchAndDevelopment": "6800000", "operatingExpenses": "43205000", "investmentIncomeNet": "None", "netInterestIncome": "None", "interestIncome": "None", "interestExpense": "28092000", "nonInterestIncome": "None", "otherNonOperatingIncome": "None", "depreciation": "None", "depreciationAndAmortization": "39080000", "incomeBeforeTax": "1038000", "incomeTaxExpense": "-617000", "interestAndDebtExpense": "None", "netIncomeFromContinuingOperations": "0", "comprehensiveIncomeNetOfTax": "None", "ebit": "13913000", "ebitda": "52993000", "netIncome": "1655000"}, {"fiscalDateEnding": "2005-09-30", "reportedCurrency": "USD", "grossProfit": "80501000", "totalRevenue": "512187000", "costOfRevenue": "431686000", "costofGoodsAndServicesSold": "431686000", "operatingIncome": "30130000", "sellingGeneralAndAdministrative": "50371000", "researchAndDevelopment": "0", "operatingExpenses": "50371000", "investmentIncomeNet": "None", "netInterestIncome": "None", "interestIncome": "None", "interestExpense": "7082000", "nonInterestIncome": "None", "otherNonOperatingIncome": "None", "depreciation": "None", "depreciationAndAmortization": "40195000", "incomeBeforeTax": "19220000", "incomeTaxExpense": "8654000", "interestAndDebtExpense": "None", "netIncomeFromContinuingOperations": "0", "comprehensiveIncomeNetOfTax": "None", "ebit": "-13893000", "ebitda": "26302000", "netIncome": "10566000"}, {"fiscalDateEnding": "2005-06-30", "reportedCurrency": "USD", "grossProfit": "95915000", "totalRevenue": "519325000", "costOfRevenue": "423410000", "costofGoodsAndServicesSold": "423410000", "operatingIncome": "45640000", "sellingGeneralAndAdministrative": "50275000", "researchAndDevelopment": "0", "operatingExpenses": "50275000", "investmentIncomeNet": "None", "netInterestIncome": "None", "interestIncome": "None", "interestExpense": "7076000", "nonInterestIncome": "None", "otherNonOperatingIncome": "None", "depreciation": "None", "depreciationAndAmortization": "40429000", "incomeBeforeTax": "47204000", "incomeTaxExpense": "19444000", "interestAndDebtExpense": "None", "netIncomeFromContinuingOperations": "0", "comprehensiveIncomeNetOfTax": "None", "ebit": "13851000", "ebitda": "54280000", "netIncome": "27760000"}, {"fiscalDateEnding": "2005-03-31", "reportedCurrency": "USD", "grossProfit": "73266000", "totalRevenue": "489437000", "costOfRevenue": "416171000", "costofGoodsAndServicesSold": "416171000", "operatingIncome": "26443000", "sellingGeneralAndAdministrative": "46823000", "researchAndDevelopment": "0", "operatingExpenses": "46823000", "investmentIncomeNet": "None", "netInterestIncome": "None", "interestIncome": "None", "interestExpense": "6994000", "nonInterestIncome": "None", "otherNonOperatingIncome": "None", "depreciation": "None", "depreciationAndAmortization": "38648000", "incomeBeforeTax": "20538000", "incomeTaxExpense": "7919000", "interestAndDebtExpense": "None", "netIncomeFromContinuingOperations": "0", "comprehensiveIncomeNetOfTax": "None", "ebit": "25667000", "ebitda": "64315000", "netIncome": "12619000"}, {"fiscalDateEnding": "2004-12-31", "reportedCurrency": "USD", "grossProfit": "84943000", "totalRevenue": "492650000", "costOfRevenue": "407707000", "costofGoodsAndServicesSold": "407707000", "operatingIncome": "60704000", "sellingGeneralAndAdministrative": "47840000", "researchAndDevelopment": "6100000", "operatingExpenses": "24239000", "investmentIncomeNet": "None", "netInterestIncome": "None", "interestIncome": "None", "interestExpense": "29576000", "nonInterestIncome": "None", "otherNonOperatingIncome": "None", "depreciation": "None", "depreciationAndAmortization": "40811000", "incomeBeforeTax": "56880000", "incomeTaxExpense": "20613000", "interestAndDebtExpense": "None", "netIncomeFromContinuingOperations": "0", "comprehensiveIncomeNetOfTax": "None", "ebit": "60704000", "ebitda": "101515000", "netIncome": "36267000"}]}