{"symbol": "ORLY", "annualReports": [{"fiscalDateEnding": "2024-12-31", "reportedCurrency": "USD", "grossProfit": "8554489000", "totalRevenue": "16708479000", "costOfRevenue": "8153990000", "costofGoodsAndServicesSold": "8153990000", "operatingIncome": "3251157000", "sellingGeneralAndAdministrative": "2850658000", "researchAndDevelopment": "None", "operatingExpenses": "5303332000", "investmentIncomeNet": "None", "netInterestIncome": "-215253000", "interestIncome": "7295000", "interestExpense": "222548000", "nonInterestIncome": "None", "otherNonOperatingIncome": "None", "depreciation": "None", "depreciationAndAmortization": "None", "incomeBeforeTax": "3045064000", "incomeTaxExpense": "658384000", "interestAndDebtExpense": "None", "netIncomeFromContinuingOperations": "2386680000", "comprehensiveIncomeNetOfTax": "None", "ebit": "None", "ebitda": "3251157000", "netIncome": "2386680000"}, {"fiscalDateEnding": "2023-12-31", "reportedCurrency": "USD", "grossProfit": "8104803000", "totalRevenue": "15812250000", "costOfRevenue": "7707447000", "costofGoodsAndServicesSold": "7707447000", "operatingIncome": "3186376000", "sellingGeneralAndAdministrative": "2789020000", "researchAndDevelopment": "None", "operatingExpenses": "4918427000", "investmentIncomeNet": "None", "netInterestIncome": "-182795000", "interestIncome": "5056000", "interestExpense": "201668000", "nonInterestIncome": "None", "otherNonOperatingIncome": "None", "depreciation": "None", "depreciationAndAmortization": "409061000", "incomeBeforeTax": "3004750000", "incomeTaxExpense": "658169000", "interestAndDebtExpense": "None", "netIncomeFromContinuingOperations": "2322649000", "comprehensiveIncomeNetOfTax": "None", "ebit": "3186376000", "ebitda": "3186376000", "netIncome": "2346581000"}, {"fiscalDateEnding": "2022-12-31", "reportedCurrency": "USD", "grossProfit": "7381706000", "totalRevenue": "14409860000", "costOfRevenue": "7028154000", "costofGoodsAndServicesSold": "7028154000", "operatingIncome": "2954491000", "sellingGeneralAndAdministrative": "2600939000", "researchAndDevelopment": "None", "operatingExpenses": "4427215000", "investmentIncomeNet": "None", "netInterestIncome": "-152957000", "interestIncome": "4763000", "interestExpense": "157720000", "nonInterestIncome": "None", "otherNonOperatingIncome": "None", "depreciation": "None", "depreciationAndAmortization": "359817000", "incomeBeforeTax": "2798655000", "incomeTaxExpense": "626005000", "interestAndDebtExpense": "None", "netIncomeFromContinuingOperations": "2172650000", "comprehensiveIncomeNetOfTax": "None", "ebit": "2954491000", "ebitda": "3314308000", "netIncome": "2172650000"}, {"fiscalDateEnding": "2021-12-31", "reportedCurrency": "USD", "grossProfit": "7019949000", "totalRevenue": "13327563000", "costOfRevenue": "6307614000", "costofGoodsAndServicesSold": "6307614000", "operatingIncome": "2917168000", "sellingGeneralAndAdministrative": "2204833000", "researchAndDevelopment": "None", "operatingExpenses": "4102781000", "investmentIncomeNet": "None", "netInterestIncome": "-142797000", "interestIncome": "1971000", "interestExpense": "144768000", "nonInterestIncome": "None", "otherNonOperatingIncome": "9514000", "depreciation": "None", "depreciationAndAmortization": "337731000", "incomeBeforeTax": "2781914000", "incomeTaxExpense": "617229000", "interestAndDebtExpense": "None", "netIncomeFromContinuingOperations": "2164685000", "comprehensiveIncomeNetOfTax": "None", "ebit": "2917168000", "ebitda": "3254899000", "netIncome": "2164685000"}, {"fiscalDateEnding": "2020-12-31", "reportedCurrency": "USD", "grossProfit": "6085692000", "totalRevenue": "11604493000", "costOfRevenue": "5518801000", "costofGoodsAndServicesSold": "5518801000", "operatingIncome": "2419336000", "sellingGeneralAndAdministrative": "1852445000", "researchAndDevelopment": "None", "operatingExpenses": "3666356000", "investmentIncomeNet": "None", "netInterestIncome": "-158635000", "interestIncome": "2491000", "interestExpense": "161126000", "nonInterestIncome": "None", "otherNonOperatingIncome": "8195000", "depreciation": "None", "depreciationAndAmortization": "322830000", "incomeBeforeTax": "2266405000", "incomeTaxExpense": "514103000", "interestAndDebtExpense": "None", "netIncomeFromContinuingOperations": "1752302000", "comprehensiveIncomeNetOfTax": "None", "ebit": "2419336000", "ebitda": "2742166000", "netIncome": "1752302000"}, {"fiscalDateEnding": "2019-12-31", "reportedCurrency": "USD", "grossProfit": "5394691000", "totalRevenue": "10149985000", "costOfRevenue": "4755294000", "costofGoodsAndServicesSold": "4755294000", "operatingIncome": "1920726000", "sellingGeneralAndAdministrative": "1281329000", "researchAndDevelopment": "None", "operatingExpenses": "3473965000", "investmentIncomeNet": "None", "netInterestIncome": "-137430000", "interestIncome": "2545000", "interestExpense": "139975000", "nonInterestIncome": "None", "otherNonOperatingIncome": "9578000", "depreciation": "None", "depreciationAndAmortization": "280453000", "incomeBeforeTax": "1790329000", "incomeTaxExpense": "399287000", "interestAndDebtExpense": "None", "netIncomeFromContinuingOperations": "1391042000", "comprehensiveIncomeNetOfTax": "None", "ebit": "1920726000", "ebitda": "2201179000", "netIncome": "1391042000"}, {"fiscalDateEnding": "2018-12-31", "reportedCurrency": "USD", "grossProfit": "5039966000", "totalRevenue": "9536428000", "costOfRevenue": "4496462000", "costofGoodsAndServicesSold": "4496462000", "operatingIncome": "1815184000", "sellingGeneralAndAdministrative": "3224782000", "researchAndDevelopment": "0", "operatingExpenses": "3224782000", "investmentIncomeNet": "None", "netInterestIncome": "-119608000", "interestIncome": "2521000", "interestExpense": "122129000", "nonInterestIncome": "None", "otherNonOperatingIncome": "1032000", "depreciation": "None", "depreciationAndAmortization": "258937000", "incomeBeforeTax": "1694087000", "incomeTaxExpense": "369600000", "interestAndDebtExpense": "None", "netIncomeFromContinuingOperations": "1324487000", "comprehensiveIncomeNetOfTax": "None", "ebit": "1816216000", "ebitda": "2075153000", "netIncome": "1324487000"}, {"fiscalDateEnding": "2017-12-31", "reportedCurrency": "USD", "grossProfit": "4720683000", "totalRevenue": "8977726000", "costOfRevenue": "4257043000", "costofGoodsAndServicesSold": "4257043000", "operatingIncome": "1725400000", "sellingGeneralAndAdministrative": "2995283000", "researchAndDevelopment": "0", "operatingExpenses": "2995283000", "investmentIncomeNet": "None", "netInterestIncome": "-89002000", "interestIncome": "2347000", "interestExpense": "91349000", "nonInterestIncome": "None", "otherNonOperatingIncome": "3753000", "depreciation": "None", "depreciationAndAmortization": "233845000", "incomeBeforeTax": "1637804000", "incomeTaxExpense": "504000000", "interestAndDebtExpense": "None", "netIncomeFromContinuingOperations": "1133804000", "comprehensiveIncomeNetOfTax": "None", "ebit": "1729153000", "ebitda": "1962998000", "netIncome": "1133804000"}, {"fiscalDateEnding": "2016-12-31", "reportedCurrency": "USD", "grossProfit": "4509011000", "totalRevenue": "8593096000", "costOfRevenue": "4084085000", "costofGoodsAndServicesSold": "4084085000", "operatingIncome": "1699206000", "sellingGeneralAndAdministrative": "2809805000", "researchAndDevelopment": "0", "operatingExpenses": "2809805000", "investmentIncomeNet": "None", "netInterestIncome": "-66707000", "interestIncome": "4224000", "interestExpense": "70931000", "nonInterestIncome": "None", "otherNonOperatingIncome": "8916000", "depreciation": "None", "depreciationAndAmortization": "217866000", "incomeBeforeTax": "1637191000", "incomeTaxExpense": "599500000", "interestAndDebtExpense": "None", "netIncomeFromContinuingOperations": "1037691000", "comprehensiveIncomeNetOfTax": "None", "ebit": "1708122000", "ebitda": "1925988000", "netIncome": "1037691000"}, {"fiscalDateEnding": "2015-12-31", "reportedCurrency": "USD", "grossProfit": "4162643000", "totalRevenue": "7966674000", "costOfRevenue": "3804031000", "costofGoodsAndServicesSold": "3804031000", "operatingIncome": "1514021000", "sellingGeneralAndAdministrative": "2648622000", "researchAndDevelopment": "0", "operatingExpenses": "2648622000", "investmentIncomeNet": "None", "netInterestIncome": "None", "interestIncome": "54789000", "interestExpense": "57129000", "nonInterestIncome": "None", "otherNonOperatingIncome": "3474000", "depreciation": "None", "depreciationAndAmortization": "210256000", "incomeBeforeTax": "1460366000", "incomeTaxExpense": "529150000", "interestAndDebtExpense": "None", "netIncomeFromContinuingOperations": "931216000", "comprehensiveIncomeNetOfTax": "None", "ebit": "1517495000", "ebitda": "1727751000", "netIncome": "931216000"}, {"fiscalDateEnding": "2014-12-31", "reportedCurrency": "USD", "grossProfit": "3708901000", "totalRevenue": "7216081000", "costOfRevenue": "3507180000", "costofGoodsAndServicesSold": "3507180000", "operatingIncome": "1270374000", "sellingGeneralAndAdministrative": "2438527000", "researchAndDevelopment": "0", "operatingExpenses": "2438527000", "investmentIncomeNet": "None", "netInterestIncome": "None", "interestIncome": "None", "interestExpense": "53290000", "nonInterestIncome": "None", "otherNonOperatingIncome": "5098000", "depreciation": "None", "depreciationAndAmortization": "194205000", "incomeBeforeTax": "1222182000", "incomeTaxExpense": "444000000", "interestAndDebtExpense": "None", "netIncomeFromContinuingOperations": "778182000", "comprehensiveIncomeNetOfTax": "None", "ebit": "1275472000", "ebitda": "1469677000", "netIncome": "778182000"}, {"fiscalDateEnding": "2013-12-31", "reportedCurrency": "USD", "grossProfit": "3369001000", "totalRevenue": "6649237000", "costOfRevenue": "3280236000", "costofGoodsAndServicesSold": "3280236000", "operatingIncome": "1103485000", "sellingGeneralAndAdministrative": "2265516000", "researchAndDevelopment": "0", "operatingExpenses": "2265516000", "investmentIncomeNet": "None", "netInterestIncome": "None", "interestIncome": "None", "interestExpense": "49074000", "nonInterestIncome": "None", "otherNonOperatingIncome": "4531000", "depreciation": "None", "depreciationAndAmortization": "183180000", "incomeBeforeTax": "1058942000", "incomeTaxExpense": "388650000", "interestAndDebtExpense": "None", "netIncomeFromContinuingOperations": "670292000", "comprehensiveIncomeNetOfTax": "None", "ebit": "1108016000", "ebitda": "1291196000", "netIncome": "670292000"}, {"fiscalDateEnding": "2012-12-31", "reportedCurrency": "USD", "grossProfit": "3097418000", "totalRevenue": "6182184000", "costOfRevenue": "3084766000", "costofGoodsAndServicesSold": "3084766000", "operatingIncome": "977393000", "sellingGeneralAndAdministrative": "2120025000", "researchAndDevelopment": "0", "operatingExpenses": "2120025000", "investmentIncomeNet": "None", "netInterestIncome": "None", "interestIncome": "None", "interestExpense": "40200000", "nonInterestIncome": "None", "otherNonOperatingIncome": "4328000", "depreciation": "None", "depreciationAndAmortization": "177106000", "incomeBeforeTax": "941521000", "incomeTaxExpense": "355775000", "interestAndDebtExpense": "None", "netIncomeFromContinuingOperations": "585746000", "comprehensiveIncomeNetOfTax": "None", "ebit": "981721000", "ebitda": "1158827000", "netIncome": "585746000"}, {"fiscalDateEnding": "2011-12-31", "reportedCurrency": "USD", "grossProfit": "2837349000", "totalRevenue": "5788816000", "costOfRevenue": "2951467000", "costofGoodsAndServicesSold": "2951467000", "operatingIncome": "866766000", "sellingGeneralAndAdministrative": "1973381000", "researchAndDevelopment": "0", "operatingExpenses": "1970583000", "investmentIncomeNet": "None", "netInterestIncome": "None", "interestIncome": "None", "interestExpense": "28165000", "nonInterestIncome": "None", "otherNonOperatingIncome": "-22828000", "depreciation": "None", "depreciationAndAmortization": "165880000", "incomeBeforeTax": "815773000", "incomeTaxExpense": "308100000", "interestAndDebtExpense": "None", "netIncomeFromContinuingOperations": "507673000", "comprehensiveIncomeNetOfTax": "None", "ebit": "869011000", "ebitda": "1034891000", "netIncome": "507673000"}, {"fiscalDateEnding": "2010-12-31", "reportedCurrency": "USD", "grossProfit": "2620992000", "totalRevenue": "5397525000", "costOfRevenue": "2776533000", "costofGoodsAndServicesSold": "2776533000", "operatingIncome": "712776000", "sellingGeneralAndAdministrative": "1908216000", "researchAndDevelopment": "0", "operatingExpenses": "1908216000", "investmentIncomeNet": "None", "netInterestIncome": "None", "interestIncome": "None", "interestExpense": "39273000", "nonInterestIncome": "None", "otherNonOperatingIncome": "2290000", "depreciation": "None", "depreciationAndAmortization": "161442000", "incomeBeforeTax": "689373000", "incomeTaxExpense": "270000000", "interestAndDebtExpense": "None", "netIncomeFromContinuingOperations": "419373000", "comprehensiveIncomeNetOfTax": "None", "ebit": "714717000", "ebitda": "876159000", "netIncome": "419373000"}, {"fiscalDateEnding": "2009-12-31", "reportedCurrency": "USD", "grossProfit": "2326528000", "totalRevenue": "4847062000", "costOfRevenue": "2520534000", "costofGoodsAndServicesSold": "2520534000", "operatingIncome": "537619000", "sellingGeneralAndAdministrative": "1788909000", "researchAndDevelopment": "None", "operatingExpenses": "1788909000", "investmentIncomeNet": "None", "netInterestIncome": "None", "interestIncome": "None", "interestExpense": "45176000", "nonInterestIncome": "None", "otherNonOperatingIncome": "None", "depreciation": "None", "depreciationAndAmortization": "148179000", "incomeBeforeTax": "496898000", "incomeTaxExpense": "189400000", "interestAndDebtExpense": "None", "netIncomeFromContinuingOperations": "None", "comprehensiveIncomeNetOfTax": "None", "ebit": "390983000", "ebitda": "539162000", "netIncome": "307498000"}, {"fiscalDateEnding": "2008-12-31", "reportedCurrency": "USD", "grossProfit": "1627926000", "totalRevenue": "3576553000", "costOfRevenue": "1948627000", "costofGoodsAndServicesSold": "1948627000", "operatingIncome": "335617000", "sellingGeneralAndAdministrative": "1292309000", "researchAndDevelopment": "None", "operatingExpenses": "1292309000", "investmentIncomeNet": "None", "netInterestIncome": "None", "interestIncome": "None", "interestExpense": "26138000", "nonInterestIncome": "None", "otherNonOperatingIncome": "None", "depreciation": "None", "depreciationAndAmortization": "112998000", "incomeBeforeTax": "302532000", "incomeTaxExpense": "116300000", "interestAndDebtExpense": "None", "netIncomeFromContinuingOperations": "None", "comprehensiveIncomeNetOfTax": "None", "ebit": "211312000", "ebitda": "324310000", "netIncome": "186232000"}, {"fiscalDateEnding": "2007-12-31", "reportedCurrency": "USD", "grossProfit": "1120460000", "totalRevenue": "2522319000", "costOfRevenue": "1401859000", "costofGoodsAndServicesSold": "1401859000", "operatingIncome": "305151000", "sellingGeneralAndAdministrative": "815309000", "researchAndDevelopment": "None", "operatingExpenses": "815309000", "investmentIncomeNet": "None", "netInterestIncome": "None", "interestIncome": "None", "interestExpense": "3723000", "nonInterestIncome": "None", "otherNonOperatingIncome": "None", "depreciation": "None", "depreciationAndAmortization": "78943000", "incomeBeforeTax": "307488000", "incomeTaxExpense": "113500000", "interestAndDebtExpense": "None", "netIncomeFromContinuingOperations": "None", "comprehensiveIncomeNetOfTax": "None", "ebit": "303168000", "ebitda": "382111000", "netIncome": "193988000"}, {"fiscalDateEnding": "2006-12-31", "reportedCurrency": "USD", "grossProfit": "1006711000", "totalRevenue": "2283222000", "costOfRevenue": "1276511000", "costofGoodsAndServicesSold": "1276511000", "operatingIncome": "282315000", "sellingGeneralAndAdministrative": "724396000", "researchAndDevelopment": "None", "operatingExpenses": "724396000", "investmentIncomeNet": "None", "netInterestIncome": "None", "interestIncome": "None", "interestExpense": "4322000", "nonInterestIncome": "None", "otherNonOperatingIncome": "None", "depreciation": "None", "depreciationAndAmortization": "64938000", "incomeBeforeTax": "282265000", "incomeTaxExpense": "104180000", "interestAndDebtExpense": "None", "netIncomeFromContinuingOperations": "None", "comprehensiveIncomeNetOfTax": "None", "ebit": "279616000", "ebitda": "344554000", "netIncome": "178085000"}, {"fiscalDateEnding": "2005-12-31", "reportedCurrency": "USD", "grossProfit": "892503000", "totalRevenue": "2045318000", "costOfRevenue": "1152815000", "costofGoodsAndServicesSold": "1152815000", "operatingIncome": "252524000", "sellingGeneralAndAdministrative": "639979000", "researchAndDevelopment": "None", "operatingExpenses": "639979000", "investmentIncomeNet": "None", "netInterestIncome": "None", "interestIncome": "None", "interestExpense": "5062000", "nonInterestIncome": "None", "otherNonOperatingIncome": "None", "depreciation": "None", "depreciationAndAmortization": "57228000", "incomeBeforeTax": "251069000", "incomeTaxExpense": "86803000", "interestAndDebtExpense": "None", "netIncomeFromContinuingOperations": "None", "comprehensiveIncomeNetOfTax": "None", "ebit": "256131000", "ebitda": "313359000", "netIncome": "164266000"}], "quarterlyReports": [{"fiscalDateEnding": "2024-12-31", "reportedCurrency": "USD", "grossProfit": "2101032000", "totalRevenue": "4095601000", "costOfRevenue": "1994569000", "costofGoodsAndServicesSold": "1994569000", "operatingIncome": "738650000", "sellingGeneralAndAdministrative": "632187000", "researchAndDevelopment": "None", "operatingExpenses": "1362382000", "investmentIncomeNet": "None", "netInterestIncome": "-53347000", "interestIncome": "2056000", "interestExpense": "55403000", "nonInterestIncome": "None", "otherNonOperatingIncome": "None", "depreciation": "None", "depreciationAndAmortization": "-1950000", "incomeBeforeTax": "685197000", "incomeTaxExpense": "134067000", "interestAndDebtExpense": "None", "netIncomeFromContinuingOperations": "551130000", "comprehensiveIncomeNetOfTax": "None", "ebit": "740600000", "ebitda": "738650000", "netIncome": "551130000"}, {"fiscalDateEnding": "2024-09-30", "reportedCurrency": "USD", "grossProfit": "2251225000", "totalRevenue": "4364437000", "costOfRevenue": "2113212000", "costofGoodsAndServicesSold": "2113212000", "operatingIncome": "896728000", "sellingGeneralAndAdministrative": "1354497000", "researchAndDevelopment": "None", "operatingExpenses": "1354497000", "investmentIncomeNet": "None", "netInterestIncome": "-53111000", "interestIncome": "2055000", "interestExpense": "55166000", "nonInterestIncome": "None", "otherNonOperatingIncome": "None", "depreciation": "None", "depreciationAndAmortization": "116439000", "incomeBeforeTax": "847921000", "incomeTaxExpense": "182457000", "interestAndDebtExpense": "None", "netIncomeFromContinuingOperations": "665464000", "comprehensiveIncomeNetOfTax": "None", "ebit": "903087000", "ebitda": "1019526000", "netIncome": "665464000"}, {"fiscalDateEnding": "2024-06-30", "reportedCurrency": "USD", "grossProfit": "2168060000", "totalRevenue": "4272201000", "costOfRevenue": "2104141000", "costofGoodsAndServicesSold": "2104141000", "operatingIncome": "863298000", "sellingGeneralAndAdministrative": "799379000", "researchAndDevelopment": "None", "operatingExpenses": "1304762000", "investmentIncomeNet": "None", "netInterestIncome": "-53303000", "interestIncome": "1528000", "interestExpense": "54831000", "nonInterestIncome": "None", "otherNonOperatingIncome": "None", "depreciation": "None", "depreciationAndAmortization": "None", "incomeBeforeTax": "811556000", "incomeTaxExpense": "188708000", "interestAndDebtExpense": "None", "netIncomeFromContinuingOperations": "622848000", "comprehensiveIncomeNetOfTax": "None", "ebit": "None", "ebitda": "863298000", "netIncome": "622848000"}, {"fiscalDateEnding": "2024-03-31", "reportedCurrency": "USD", "grossProfit": "2034172000", "totalRevenue": "3976240000", "costOfRevenue": "1942068000", "costofGoodsAndServicesSold": "1942068000", "operatingIncome": "752481000", "sellingGeneralAndAdministrative": "660377000", "researchAndDevelopment": "None", "operatingExpenses": "1281691000", "investmentIncomeNet": "None", "netInterestIncome": "-55492000", "interestIncome": "1656000", "interestExpense": "57148000", "nonInterestIncome": "None", "otherNonOperatingIncome": "None", "depreciation": "None", "depreciationAndAmortization": "109648000", "incomeBeforeTax": "700390000", "incomeTaxExpense": "153152000", "interestAndDebtExpense": "None", "netIncomeFromContinuingOperations": "547238000", "comprehensiveIncomeNetOfTax": "None", "ebit": "752481000", "ebitda": "862129000", "netIncome": "547238000"}, {"fiscalDateEnding": "2023-12-31", "reportedCurrency": "USD", "grossProfit": "1967429000", "totalRevenue": "3832015000", "costOfRevenue": "1864586000", "costofGoodsAndServicesSold": "1864586000", "operatingIncome": "718736000", "sellingGeneralAndAdministrative": "615893000", "researchAndDevelopment": "None", "operatingExpenses": "1248693000", "investmentIncomeNet": "None", "netInterestIncome": "-54168000", "interestIncome": "1980000", "interestExpense": "56148000", "nonInterestIncome": "None", "otherNonOperatingIncome": "None", "depreciation": "None", "depreciationAndAmortization": "112478000", "incomeBeforeTax": "671531000", "incomeTaxExpense": "119027000", "interestAndDebtExpense": "None", "netIncomeFromContinuingOperations": "552504000", "comprehensiveIncomeNetOfTax": "None", "ebit": "718736000", "ebitda": "831214000", "netIncome": "552504000"}, {"fiscalDateEnding": "2023-09-30", "reportedCurrency": "USD", "grossProfit": "2160463000", "totalRevenue": "4203380000", "costOfRevenue": "2042917000", "costofGoodsAndServicesSold": "2042917000", "operatingIncome": "897222000", "sellingGeneralAndAdministrative": "779676000", "researchAndDevelopment": "None", "operatingExpenses": "1263241000", "investmentIncomeNet": "None", "netInterestIncome": "-50069000", "interestIncome": "1292000", "interestExpense": "51361000", "nonInterestIncome": "None", "otherNonOperatingIncome": "None", "depreciation": "None", "depreciationAndAmortization": "104910000", "incomeBeforeTax": "846667000", "incomeTaxExpense": "196840000", "interestAndDebtExpense": "None", "netIncomeFromContinuingOperations": "649827000", "comprehensiveIncomeNetOfTax": "None", "ebit": "898028000", "ebitda": "1002938000", "netIncome": "649827000"}, {"fiscalDateEnding": "2023-06-30", "reportedCurrency": "USD", "grossProfit": "2086582000", "totalRevenue": "4068991000", "costOfRevenue": "1982409000", "costofGoodsAndServicesSold": "1982409000", "operatingIncome": "853773000", "sellingGeneralAndAdministrative": "749600000", "researchAndDevelopment": "None", "operatingExpenses": "1232809000", "investmentIncomeNet": "None", "netInterestIncome": "-48827000", "interestIncome": "760000", "interestExpense": "49587000", "nonInterestIncome": "None", "otherNonOperatingIncome": "4946000", "depreciation": "None", "depreciationAndAmortization": "97926000", "incomeBeforeTax": "809132000", "incomeTaxExpense": "181767000", "interestAndDebtExpense": "None", "netIncomeFromContinuingOperations": "627365000", "comprehensiveIncomeNetOfTax": "None", "ebit": "858719000", "ebitda": "956645000", "netIncome": "627365000"}, {"fiscalDateEnding": "2023-03-31", "reportedCurrency": "USD", "grossProfit": "1890329000", "totalRevenue": "3707864000", "costOfRevenue": "1817535000", "costofGoodsAndServicesSold": "1817535000", "operatingIncome": "716645000", "sellingGeneralAndAdministrative": "643851000", "researchAndDevelopment": "None", "operatingExpenses": "1173684000", "investmentIncomeNet": "None", "netInterestIncome": "-43704000", "interestIncome": "868000", "interestExpense": "44572000", "nonInterestIncome": "None", "otherNonOperatingIncome": "5347000", "depreciation": "None", "depreciationAndAmortization": "99094000", "incomeBeforeTax": "677420000", "incomeTaxExpense": "160535000", "interestAndDebtExpense": "None", "netIncomeFromContinuingOperations": "516885000", "comprehensiveIncomeNetOfTax": "None", "ebit": "716645000", "ebitda": "815739000", "netIncome": "516885000"}, {"fiscalDateEnding": "2022-12-31", "reportedCurrency": "USD", "grossProfit": "1853954000", "totalRevenue": "3644493000", "costOfRevenue": "1790539000", "costofGoodsAndServicesSold": "1790539000", "operatingIncome": "682217000", "sellingGeneralAndAdministrative": "699851000", "researchAndDevelopment": "None", "operatingExpenses": "1171737000", "investmentIncomeNet": "None", "netInterestIncome": "-40195000", "interestIncome": "2136000", "interestExpense": "42331000", "nonInterestIncome": "None", "otherNonOperatingIncome": "None", "depreciation": "None", "depreciationAndAmortization": "106246000", "incomeBeforeTax": "646247000", "incomeTaxExpense": "117675000", "interestAndDebtExpense": "None", "netIncomeFromContinuingOperations": "528572000", "comprehensiveIncomeNetOfTax": "None", "ebit": "682217000", "ebitda": "788463000", "netIncome": "528572000"}, {"fiscalDateEnding": "2022-09-30", "reportedCurrency": "USD", "grossProfit": "1934962000", "totalRevenue": "3798619000", "costOfRevenue": "1863657000", "costofGoodsAndServicesSold": "1863657000", "operatingIncome": "804194000", "sellingGeneralAndAdministrative": "732889000", "researchAndDevelopment": "None", "operatingExpenses": "1130768000", "investmentIncomeNet": "None", "netInterestIncome": "-41729000", "interestIncome": "1435000", "interestExpense": "43164000", "nonInterestIncome": "None", "otherNonOperatingIncome": "819000", "depreciation": "None", "depreciationAndAmortization": "90822000", "incomeBeforeTax": "761849000", "incomeTaxExpense": "176411000", "interestAndDebtExpense": "None", "netIncomeFromContinuingOperations": "585438000", "comprehensiveIncomeNetOfTax": "None", "ebit": "804194000", "ebitda": "895016000", "netIncome": "585438000"}, {"fiscalDateEnding": "2022-06-30", "reportedCurrency": "USD", "grossProfit": "1884718000", "totalRevenue": "3670737000", "costOfRevenue": "1786019000", "costofGoodsAndServicesSold": "1786019000", "operatingIncome": "798550000", "sellingGeneralAndAdministrative": "699851000", "researchAndDevelopment": "None", "operatingExpenses": "1086168000", "investmentIncomeNet": "None", "netInterestIncome": "-36702000", "interestIncome": "682000", "interestExpense": "37384000", "nonInterestIncome": "None", "otherNonOperatingIncome": "-3868000", "depreciation": "None", "depreciationAndAmortization": "81254000", "incomeBeforeTax": "757298000", "incomeTaxExpense": "180538000", "interestAndDebtExpense": "None", "netIncomeFromContinuingOperations": "576760000", "comprehensiveIncomeNetOfTax": "None", "ebit": "798550000", "ebitda": "879804000", "netIncome": "576760000"}, {"fiscalDateEnding": "2022-03-31", "reportedCurrency": "USD", "grossProfit": "1708072000", "totalRevenue": "3296011000", "costOfRevenue": "1587939000", "costofGoodsAndServicesSold": "1587939000", "operatingIncome": "669530000", "sellingGeneralAndAdministrative": "549397000", "researchAndDevelopment": "None", "operatingExpenses": "1038542000", "investmentIncomeNet": "None", "netInterestIncome": "-34331000", "interestIncome": "510000", "interestExpense": "34841000", "nonInterestIncome": "None", "otherNonOperatingIncome": "-1428000", "depreciation": "None", "depreciationAndAmortization": "81495000", "incomeBeforeTax": "633261000", "incomeTaxExpense": "151381000", "interestAndDebtExpense": "None", "netIncomeFromContinuingOperations": "481880000", "comprehensiveIncomeNetOfTax": "None", "ebit": "669530000", "ebitda": "751025000", "netIncome": "481880000"}, {"fiscalDateEnding": "2021-12-31", "reportedCurrency": "USD", "grossProfit": "1734536000", "totalRevenue": "3291493000", "costOfRevenue": "1556957000", "costofGoodsAndServicesSold": "1556957000", "operatingIncome": "675881000", "sellingGeneralAndAdministrative": "986155000", "researchAndDevelopment": "None", "operatingExpenses": "1058655000", "investmentIncomeNet": "None", "netInterestIncome": "-34239000", "interestIncome": "493000", "interestExpense": "34732000", "nonInterestIncome": "None", "otherNonOperatingIncome": "3075000", "depreciation": "None", "depreciationAndAmortization": "90563000", "incomeBeforeTax": "644224000", "incomeTaxExpense": "125251000", "interestAndDebtExpense": "None", "netIncomeFromContinuingOperations": "518973000", "comprehensiveIncomeNetOfTax": "None", "ebit": "678956000", "ebitda": "769519000", "netIncome": "518973000"}, {"fiscalDateEnding": "2021-09-30", "reportedCurrency": "USD", "grossProfit": "1818240000", "totalRevenue": "3479570000", "costOfRevenue": "1661330000", "costofGoodsAndServicesSold": "1661330000", "operatingIncome": "754599000", "sellingGeneralAndAdministrative": "597689000", "researchAndDevelopment": "None", "operatingExpenses": "1063641000", "investmentIncomeNet": "None", "netInterestIncome": "-34388000", "interestIncome": "485000", "interestExpense": "34873000", "nonInterestIncome": "None", "otherNonOperatingIncome": "803000", "depreciation": "None", "depreciationAndAmortization": "78737000", "incomeBeforeTax": "720529000", "incomeTaxExpense": "161877000", "interestAndDebtExpense": "None", "netIncomeFromContinuingOperations": "558652000", "comprehensiveIncomeNetOfTax": "None", "ebit": "755402000", "ebitda": "834139000", "netIncome": "558652000"}, {"fiscalDateEnding": "2021-06-30", "reportedCurrency": "USD", "grossProfit": "1826378000", "totalRevenue": "3465601000", "costOfRevenue": "1639223000", "costofGoodsAndServicesSold": "1639223000", "operatingIncome": "795583000", "sellingGeneralAndAdministrative": "608428000", "researchAndDevelopment": "None", "operatingExpenses": "1030795000", "investmentIncomeNet": "None", "netInterestIncome": "-37201000", "interestIncome": "456000", "interestExpense": "37657000", "nonInterestIncome": "None", "otherNonOperatingIncome": "3408000", "depreciation": "None", "depreciationAndAmortization": "79160000", "incomeBeforeTax": "761334000", "incomeTaxExpense": "175883000", "interestAndDebtExpense": "None", "netIncomeFromContinuingOperations": "585451000", "comprehensiveIncomeNetOfTax": "None", "ebit": "798991000", "ebitda": "878151000", "netIncome": "585451000"}, {"fiscalDateEnding": "2021-03-31", "reportedCurrency": "USD", "grossProfit": "1640795000", "totalRevenue": "3090899000", "costOfRevenue": "1450104000", "costofGoodsAndServicesSold": "1450104000", "operatingIncome": "691105000", "sellingGeneralAndAdministrative": "500414000", "researchAndDevelopment": "None", "operatingExpenses": "949690000", "investmentIncomeNet": "None", "netInterestIncome": "-36969000", "interestIncome": "537000", "interestExpense": "37506000", "nonInterestIncome": "None", "otherNonOperatingIncome": "2228000", "depreciation": "None", "depreciationAndAmortization": "79757000", "incomeBeforeTax": "655827000", "incomeTaxExpense": "154218000", "interestAndDebtExpense": "None", "netIncomeFromContinuingOperations": "501609000", "comprehensiveIncomeNetOfTax": "None", "ebit": "693333000", "ebitda": "773090000", "netIncome": "501609000"}, {"fiscalDateEnding": "2020-12-31", "reportedCurrency": "USD", "grossProfit": "1472138000", "totalRevenue": "2828773000", "costOfRevenue": "1356635000", "costofGoodsAndServicesSold": "1356635000", "operatingIncome": "534272000", "sellingGeneralAndAdministrative": "1773035000", "researchAndDevelopment": "None", "operatingExpenses": "937866000", "investmentIncomeNet": "None", "netInterestIncome": "-37750000", "interestIncome": "599000", "interestExpense": "38349000", "nonInterestIncome": "None", "otherNonOperatingIncome": "4006000", "depreciation": "None", "depreciationAndAmortization": "83125000", "incomeBeforeTax": "499929000", "incomeTaxExpense": "106984000", "interestAndDebtExpense": "None", "netIncomeFromContinuingOperations": "392945000", "comprehensiveIncomeNetOfTax": "None", "ebit": "538278000", "ebitda": "621403000", "netIncome": "392945000"}, {"fiscalDateEnding": "2020-09-30", "reportedCurrency": "USD", "grossProfit": "1680468000", "totalRevenue": "3207638000", "costOfRevenue": "1527170000", "costofGoodsAndServicesSold": "1527170000", "operatingIncome": "725013000", "sellingGeneralAndAdministrative": "571715000", "researchAndDevelopment": "None", "operatingExpenses": "955455000", "investmentIncomeNet": "None", "netInterestIncome": "-41086000", "interestIncome": "582000", "interestExpense": "41668000", "nonInterestIncome": "None", "otherNonOperatingIncome": "3061000", "depreciation": "None", "depreciationAndAmortization": "79637000", "incomeBeforeTax": "686406000", "incomeTaxExpense": "159154000", "interestAndDebtExpense": "None", "netIncomeFromContinuingOperations": "527252000", "comprehensiveIncomeNetOfTax": "None", "ebit": "728074000", "ebitda": "807711000", "netIncome": "527252000"}, {"fiscalDateEnding": "2020-06-30", "reportedCurrency": "USD", "grossProfit": "1637180000", "totalRevenue": "3091595000", "costOfRevenue": "1454415000", "costofGoodsAndServicesSold": "1454415000", "operatingIncome": "736490000", "sellingGeneralAndAdministrative": "900690000", "researchAndDevelopment": "None", "operatingExpenses": "900690000", "investmentIncomeNet": "None", "netInterestIncome": "-41088000", "interestIncome": "635000", "interestExpense": "41723000", "nonInterestIncome": "None", "otherNonOperatingIncome": "5643000", "depreciation": "None", "depreciationAndAmortization": "77910000", "incomeBeforeTax": "700410000", "incomeTaxExpense": "168743000", "interestAndDebtExpense": "None", "netIncomeFromContinuingOperations": "531667000", "comprehensiveIncomeNetOfTax": "None", "ebit": "742133000", "ebitda": "820043000", "netIncome": "531667000"}, {"fiscalDateEnding": "2020-03-31", "reportedCurrency": "USD", "grossProfit": "1295906000", "totalRevenue": "2476487000", "costOfRevenue": "1180581000", "costofGoodsAndServicesSold": "1180581000", "operatingIncome": "423561000", "sellingGeneralAndAdministrative": "872345000", "researchAndDevelopment": "None", "operatingExpenses": "872345000", "investmentIncomeNet": "None", "netInterestIncome": "-38711000", "interestIncome": "675000", "interestExpense": "39386000", "nonInterestIncome": "None", "otherNonOperatingIncome": "-4515000", "depreciation": "None", "depreciationAndAmortization": "73963000", "incomeBeforeTax": "379660000", "incomeTaxExpense": "79222000", "interestAndDebtExpense": "None", "netIncomeFromContinuingOperations": "300438000", "comprehensiveIncomeNetOfTax": "None", "ebit": "419046000", "ebitda": "493009000", "netIncome": "300438000"}, {"fiscalDateEnding": "2019-12-31", "reportedCurrency": "USD", "grossProfit": "1324584000", "totalRevenue": "2482975000", "costOfRevenue": "1158391000", "costofGoodsAndServicesSold": "1158391000", "operatingIncome": "441503000", "sellingGeneralAndAdministrative": "883081000", "researchAndDevelopment": "None", "operatingExpenses": "883081000", "investmentIncomeNet": "None", "netInterestIncome": "-34556000", "interestIncome": "732000", "interestExpense": "35288000", "nonInterestIncome": "None", "otherNonOperatingIncome": "3098000", "depreciation": "None", "depreciationAndAmortization": "70493000", "incomeBeforeTax": "409313000", "incomeTaxExpense": "84397000", "interestAndDebtExpense": "None", "netIncomeFromContinuingOperations": "324916000", "comprehensiveIncomeNetOfTax": "None", "ebit": "444601000", "ebitda": "515094000", "netIncome": "324916000"}, {"fiscalDateEnding": "2019-09-30", "reportedCurrency": "USD", "grossProfit": "1422530000", "totalRevenue": "2666528000", "costOfRevenue": "1243998000", "costofGoodsAndServicesSold": "1243998000", "operatingIncome": "536363000", "sellingGeneralAndAdministrative": "886167000", "researchAndDevelopment": "None", "operatingExpenses": "886167000", "investmentIncomeNet": "None", "netInterestIncome": "-35202000", "interestIncome": "656000", "interestExpense": "35858000", "nonInterestIncome": "None", "otherNonOperatingIncome": "1388000", "depreciation": "None", "depreciationAndAmortization": "68107000", "incomeBeforeTax": "501893000", "incomeTaxExpense": "110600000", "interestAndDebtExpense": "None", "netIncomeFromContinuingOperations": "391293000", "comprehensiveIncomeNetOfTax": "None", "ebit": "537751000", "ebitda": "605858000", "netIncome": "391293000"}, {"fiscalDateEnding": "2019-06-30", "reportedCurrency": "USD", "grossProfit": "1368287000", "totalRevenue": "2589874000", "costOfRevenue": "1221587000", "costofGoodsAndServicesSold": "1221587000", "operatingIncome": "498074000", "sellingGeneralAndAdministrative": "870213000", "researchAndDevelopment": "None", "operatingExpenses": "870213000", "investmentIncomeNet": "None", "netInterestIncome": "-33935000", "interestIncome": "603000", "interestExpense": "34538000", "nonInterestIncome": "None", "otherNonOperatingIncome": "1435000", "depreciation": "None", "depreciationAndAmortization": "68311000", "incomeBeforeTax": "464971000", "incomeTaxExpense": "111290000", "interestAndDebtExpense": "None", "netIncomeFromContinuingOperations": "353681000", "comprehensiveIncomeNetOfTax": "None", "ebit": "499509000", "ebitda": "567820000", "netIncome": "353681000"}, {"fiscalDateEnding": "2019-03-31", "reportedCurrency": "USD", "grossProfit": "1279290000", "totalRevenue": "2410608000", "costOfRevenue": "1131318000", "costofGoodsAndServicesSold": "1131318000", "operatingIncome": "444786000", "sellingGeneralAndAdministrative": "834504000", "researchAndDevelopment": "None", "operatingExpenses": "834504000", "investmentIncomeNet": "None", "netInterestIncome": "-33737000", "interestIncome": "33637000", "interestExpense": "34291000", "nonInterestIncome": "None", "otherNonOperatingIncome": "3657000", "depreciation": "None", "depreciationAndAmortization": "63964000", "incomeBeforeTax": "414152000", "incomeTaxExpense": "93000000", "interestAndDebtExpense": "None", "netIncomeFromContinuingOperations": "321152000", "comprehensiveIncomeNetOfTax": "None", "ebit": "448443000", "ebitda": "512407000", "netIncome": "321152000"}, {"fiscalDateEnding": "2018-12-31", "reportedCurrency": "USD", "grossProfit": "1234315000", "totalRevenue": "2314957000", "costOfRevenue": "1080642000", "costofGoodsAndServicesSold": "1080642000", "operatingIncome": "428040000", "sellingGeneralAndAdministrative": "806275000", "researchAndDevelopment": "0", "operatingExpenses": "806275000", "investmentIncomeNet": "None", "netInterestIncome": "None", "interestIncome": "None", "interestExpense": "31468000", "nonInterestIncome": "None", "otherNonOperatingIncome": "-3415000", "depreciation": "None", "depreciationAndAmortization": "65619000", "incomeBeforeTax": "393157000", "incomeTaxExpense": "92800000", "interestAndDebtExpense": "None", "netIncomeFromContinuingOperations": "300357000", "comprehensiveIncomeNetOfTax": "None", "ebit": "424625000", "ebitda": "490244000", "netIncome": "300357000"}, {"fiscalDateEnding": "2018-09-30", "reportedCurrency": "USD", "grossProfit": "1315755000", "totalRevenue": "2482717000", "costOfRevenue": "1166962000", "costofGoodsAndServicesSold": "1166962000", "operatingIncome": "485148000", "sellingGeneralAndAdministrative": "830607000", "researchAndDevelopment": "0", "operatingExpenses": "830607000", "investmentIncomeNet": "None", "netInterestIncome": "None", "interestIncome": "None", "interestExpense": "31582000", "nonInterestIncome": "None", "otherNonOperatingIncome": "2085000", "depreciation": "None", "depreciationAndAmortization": "62526000", "incomeBeforeTax": "455651000", "incomeTaxExpense": "89500000", "interestAndDebtExpense": "None", "netIncomeFromContinuingOperations": "366151000", "comprehensiveIncomeNetOfTax": "None", "ebit": "487233000", "ebitda": "549759000", "netIncome": "366151000"}, {"fiscalDateEnding": "2018-06-30", "reportedCurrency": "USD", "grossProfit": "1288638000", "totalRevenue": "2456073000", "costOfRevenue": "1167435000", "costofGoodsAndServicesSold": "1167435000", "operatingIncome": "479150000", "sellingGeneralAndAdministrative": "809488000", "researchAndDevelopment": "0", "operatingExpenses": "809488000", "investmentIncomeNet": "None", "netInterestIncome": "None", "interestIncome": "None", "interestExpense": "30862000", "nonInterestIncome": "None", "otherNonOperatingIncome": "1585000", "depreciation": "None", "depreciationAndAmortization": "60872000", "incomeBeforeTax": "449873000", "incomeTaxExpense": "96800000", "interestAndDebtExpense": "None", "netIncomeFromContinuingOperations": "353073000", "comprehensiveIncomeNetOfTax": "None", "ebit": "480735000", "ebitda": "541607000", "netIncome": "353073000"}, {"fiscalDateEnding": "2018-03-31", "reportedCurrency": "USD", "grossProfit": "1201258000", "totalRevenue": "2282681000", "costOfRevenue": "1081423000", "costofGoodsAndServicesSold": "1081423000", "operatingIncome": "422846000", "sellingGeneralAndAdministrative": "778412000", "researchAndDevelopment": "0", "operatingExpenses": "778412000", "investmentIncomeNet": "None", "netInterestIncome": "None", "interestIncome": "None", "interestExpense": "28217000", "nonInterestIncome": "None", "otherNonOperatingIncome": "777000", "depreciation": "None", "depreciationAndAmortization": "69920000", "incomeBeforeTax": "395406000", "incomeTaxExpense": "90500000", "interestAndDebtExpense": "None", "netIncomeFromContinuingOperations": "304906000", "comprehensiveIncomeNetOfTax": "None", "ebit": "423623000", "ebitda": "493543000", "netIncome": "304906000"}, {"fiscalDateEnding": "2017-12-31", "reportedCurrency": "USD", "grossProfit": "1159180000", "totalRevenue": "2190808000", "costOfRevenue": "1031628000", "costofGoodsAndServicesSold": "1031628000", "operatingIncome": "402835000", "sellingGeneralAndAdministrative": "756345000", "researchAndDevelopment": "0", "operatingExpenses": "756345000", "investmentIncomeNet": "None", "netInterestIncome": "None", "interestIncome": "None", "interestExpense": "26794000", "nonInterestIncome": "None", "otherNonOperatingIncome": "683000", "depreciation": "None", "depreciationAndAmortization": "60345000", "incomeBeforeTax": "376724000", "incomeTaxExpense": "74409000", "interestAndDebtExpense": "None", "netIncomeFromContinuingOperations": "302315000", "comprehensiveIncomeNetOfTax": "None", "ebit": "403518000", "ebitda": "463863000", "netIncome": "302315000"}, {"fiscalDateEnding": "2017-09-30", "reportedCurrency": "USD", "grossProfit": "1230294000", "totalRevenue": "2339830000", "costOfRevenue": "1109536000", "costofGoodsAndServicesSold": "1109536000", "operatingIncome": "461963000", "sellingGeneralAndAdministrative": "768331000", "researchAndDevelopment": "0", "operatingExpenses": "768331000", "investmentIncomeNet": "None", "netInterestIncome": "None", "interestIncome": "None", "interestExpense": "24324000", "nonInterestIncome": "None", "otherNonOperatingIncome": "1891000", "depreciation": "None", "depreciationAndAmortization": "58541000", "incomeBeforeTax": "439530000", "incomeTaxExpense": "155796000", "interestAndDebtExpense": "None", "netIncomeFromContinuingOperations": "283734000", "comprehensiveIncomeNetOfTax": "None", "ebit": "463854000", "ebitda": "522395000", "netIncome": "283734000"}, {"fiscalDateEnding": "2017-06-30", "reportedCurrency": "USD", "grossProfit": "1200062000", "totalRevenue": "2290829000", "costOfRevenue": "1090767000", "costofGoodsAndServicesSold": "1090767000", "operatingIncome": "457445000", "sellingGeneralAndAdministrative": "742617000", "researchAndDevelopment": "0", "operatingExpenses": "742617000", "investmentIncomeNet": "None", "netInterestIncome": "None", "interestIncome": "None", "interestExpense": "20827000", "nonInterestIncome": "None", "otherNonOperatingIncome": "-292000", "depreciation": "None", "depreciationAndAmortization": "57951000", "incomeBeforeTax": "436326000", "incomeTaxExpense": "153505000", "interestAndDebtExpense": "None", "netIncomeFromContinuingOperations": "282821000", "comprehensiveIncomeNetOfTax": "None", "ebit": "457153000", "ebitda": "515104000", "netIncome": "282821000"}, {"fiscalDateEnding": "2017-03-31", "reportedCurrency": "USD", "grossProfit": "1131147000", "totalRevenue": "2156259000", "costOfRevenue": "1025112000", "costofGoodsAndServicesSold": "1025112000", "operatingIncome": "403157000", "sellingGeneralAndAdministrative": "727990000", "researchAndDevelopment": "0", "operatingExpenses": "727990000", "investmentIncomeNet": "None", "netInterestIncome": "None", "interestIncome": "None", "interestExpense": "19404000", "nonInterestIncome": "None", "otherNonOperatingIncome": "1471000", "depreciation": "None", "depreciationAndAmortization": "57008000", "incomeBeforeTax": "385224000", "incomeTaxExpense": "120290000", "interestAndDebtExpense": "None", "netIncomeFromContinuingOperations": "264934000", "comprehensiveIncomeNetOfTax": "None", "ebit": "404628000", "ebitda": "461636000", "netIncome": "264934000"}, {"fiscalDateEnding": "2016-12-31", "reportedCurrency": "USD", "grossProfit": "1114227000", "totalRevenue": "2099302000", "costOfRevenue": "985075000", "costofGoodsAndServicesSold": "985075000", "operatingIncome": "407710000", "sellingGeneralAndAdministrative": "706517000", "researchAndDevelopment": "0", "operatingExpenses": "706517000", "investmentIncomeNet": "None", "netInterestIncome": "None", "interestIncome": "None", "interestExpense": "18703000", "nonInterestIncome": "None", "otherNonOperatingIncome": "1923000", "depreciation": "None", "depreciationAndAmortization": "56419000", "incomeBeforeTax": "390930000", "incomeTaxExpense": "144900000", "interestAndDebtExpense": "None", "netIncomeFromContinuingOperations": "246030000", "comprehensiveIncomeNetOfTax": "None", "ebit": "409633000", "ebitda": "466052000", "netIncome": "246030000"}, {"fiscalDateEnding": "2016-09-30", "reportedCurrency": "USD", "grossProfit": "1170026000", "totalRevenue": "2220955000", "costOfRevenue": "1050929000", "costofGoodsAndServicesSold": "1050929000", "operatingIncome": "447809000", "sellingGeneralAndAdministrative": "722217000", "researchAndDevelopment": "0", "operatingExpenses": "722217000", "investmentIncomeNet": "None", "netInterestIncome": "None", "interestIncome": "None", "interestExpense": "18706000", "nonInterestIncome": "None", "otherNonOperatingIncome": "2790000", "depreciation": "None", "depreciationAndAmortization": "55017000", "incomeBeforeTax": "431893000", "incomeTaxExpense": "153400000", "interestAndDebtExpense": "None", "netIncomeFromContinuingOperations": "278493000", "comprehensiveIncomeNetOfTax": "None", "ebit": "450599000", "ebitda": "505616000", "netIncome": "278493000"}, {"fiscalDateEnding": "2016-06-30", "reportedCurrency": "USD", "grossProfit": "1127179000", "totalRevenue": "2176689000", "costOfRevenue": "1049510000", "costofGoodsAndServicesSold": "1049510000", "operatingIncome": "425061000", "sellingGeneralAndAdministrative": "702118000", "researchAndDevelopment": "0", "operatingExpenses": "702118000", "investmentIncomeNet": "None", "netInterestIncome": "None", "interestIncome": "None", "interestExpense": "18701000", "nonInterestIncome": "None", "otherNonOperatingIncome": "2434000", "depreciation": "None", "depreciationAndAmortization": "53652000", "incomeBeforeTax": "408794000", "incomeTaxExpense": "151000000", "interestAndDebtExpense": "None", "netIncomeFromContinuingOperations": "257794000", "comprehensiveIncomeNetOfTax": "None", "ebit": "427495000", "ebitda": "481147000", "netIncome": "257794000"}, {"fiscalDateEnding": "2016-03-31", "reportedCurrency": "USD", "grossProfit": "1097579000", "totalRevenue": "2096150000", "costOfRevenue": "998571000", "costofGoodsAndServicesSold": "998571000", "operatingIncome": "418626000", "sellingGeneralAndAdministrative": "678953000", "researchAndDevelopment": "0", "operatingExpenses": "678953000", "investmentIncomeNet": "None", "netInterestIncome": "None", "interestIncome": "None", "interestExpense": "14821000", "nonInterestIncome": "None", "otherNonOperatingIncome": "1769000", "depreciation": "None", "depreciationAndAmortization": "52778000", "incomeBeforeTax": "405574000", "incomeTaxExpense": "150200000", "interestAndDebtExpense": "None", "netIncomeFromContinuingOperations": "255374000", "comprehensiveIncomeNetOfTax": "None", "ebit": "420395000", "ebitda": "473173000", "netIncome": "255374000"}, {"fiscalDateEnding": "2015-12-31", "reportedCurrency": "USD", "grossProfit": "1027639000", "totalRevenue": "1949052000", "costOfRevenue": "921413000", "costofGoodsAndServicesSold": "921413000", "operatingIncome": "362620000", "sellingGeneralAndAdministrative": "665019000", "researchAndDevelopment": "0", "operatingExpenses": "665019000", "investmentIncomeNet": "None", "netInterestIncome": "None", "interestIncome": "None", "interestExpense": "14112000", "nonInterestIncome": "None", "otherNonOperatingIncome": "1118000", "depreciation": "None", "depreciationAndAmortization": "52191000", "incomeBeforeTax": "349626000", "incomeTaxExpense": "131050000", "interestAndDebtExpense": "None", "netIncomeFromContinuingOperations": "218576000", "comprehensiveIncomeNetOfTax": "None", "ebit": "363738000", "ebitda": "415929000", "netIncome": "218576000"}, {"fiscalDateEnding": "2015-09-30", "reportedCurrency": "USD", "grossProfit": "1089254000", "totalRevenue": "2080201000", "costOfRevenue": "990947000", "costofGoodsAndServicesSold": "990947000", "operatingIncome": "415260000", "sellingGeneralAndAdministrative": "673994000", "researchAndDevelopment": "0", "operatingExpenses": "673994000", "investmentIncomeNet": "None", "netInterestIncome": "None", "interestIncome": "None", "interestExpense": "14296000", "nonInterestIncome": "None", "otherNonOperatingIncome": "-96000", "depreciation": "None", "depreciationAndAmortization": "52058000", "incomeBeforeTax": "400868000", "incomeTaxExpense": "134600000", "interestAndDebtExpense": "None", "netIncomeFromContinuingOperations": "266268000", "comprehensiveIncomeNetOfTax": "None", "ebit": "415164000", "ebitda": "467222000", "netIncome": "266268000"}, {"fiscalDateEnding": "2015-06-30", "reportedCurrency": "USD", "grossProfit": "1058791000", "totalRevenue": "2035518000", "costOfRevenue": "976727000", "costofGoodsAndServicesSold": "976727000", "operatingIncome": "385768000", "sellingGeneralAndAdministrative": "673023000", "researchAndDevelopment": "0", "operatingExpenses": "673023000", "investmentIncomeNet": "None", "netInterestIncome": "None", "interestIncome": "None", "interestExpense": "14319000", "nonInterestIncome": "None", "otherNonOperatingIncome": "759000", "depreciation": "None", "depreciationAndAmortization": "51057000", "incomeBeforeTax": "372208000", "incomeTaxExpense": "138700000", "interestAndDebtExpense": "None", "netIncomeFromContinuingOperations": "233508000", "comprehensiveIncomeNetOfTax": "None", "ebit": "386527000", "ebitda": "437584000", "netIncome": "233508000"}, {"fiscalDateEnding": "2015-03-31", "reportedCurrency": "USD", "grossProfit": "986959000", "totalRevenue": "1901903000", "costOfRevenue": "914944000", "costofGoodsAndServicesSold": "914944000", "operatingIncome": "350373000", "sellingGeneralAndAdministrative": "636586000", "researchAndDevelopment": "0", "operatingExpenses": "636586000", "investmentIncomeNet": "None", "netInterestIncome": "None", "interestIncome": "None", "interestExpense": "14402000", "nonInterestIncome": "None", "otherNonOperatingIncome": "1693000", "depreciation": "None", "depreciationAndAmortization": "54950000", "incomeBeforeTax": "337664000", "incomeTaxExpense": "124800000", "interestAndDebtExpense": "None", "netIncomeFromContinuingOperations": "212864000", "comprehensiveIncomeNetOfTax": "None", "ebit": "352066000", "ebitda": "407016000", "netIncome": "212864000"}, {"fiscalDateEnding": "2014-12-31", "reportedCurrency": "USD", "grossProfit": "912107000", "totalRevenue": "1764178000", "costOfRevenue": "852071000", "costofGoodsAndServicesSold": "852071000", "operatingIncome": "303012000", "sellingGeneralAndAdministrative": "609095000", "researchAndDevelopment": "0", "operatingExpenses": "609095000", "investmentIncomeNet": "None", "netInterestIncome": "None", "interestIncome": "None", "interestExpense": "14079000", "nonInterestIncome": "None", "otherNonOperatingIncome": "1173000", "depreciation": "None", "depreciationAndAmortization": "50690000", "incomeBeforeTax": "290106000", "incomeTaxExpense": "108428000", "interestAndDebtExpense": "None", "netIncomeFromContinuingOperations": "181678000", "comprehensiveIncomeNetOfTax": "None", "ebit": "304185000", "ebitda": "354875000", "netIncome": "181678000"}, {"fiscalDateEnding": "2014-09-30", "reportedCurrency": "USD", "grossProfit": "968201000", "totalRevenue": "1876872000", "costOfRevenue": "908671000", "costofGoodsAndServicesSold": "908671000", "operatingIncome": "343768000", "sellingGeneralAndAdministrative": "624433000", "researchAndDevelopment": "0", "operatingExpenses": "624433000", "investmentIncomeNet": "None", "netInterestIncome": "None", "interestIncome": "None", "interestExpense": "12983000", "nonInterestIncome": "None", "otherNonOperatingIncome": "1533000", "depreciation": "None", "depreciationAndAmortization": "48511000", "incomeBeforeTax": "332318000", "incomeTaxExpense": "115321000", "interestAndDebtExpense": "None", "netIncomeFromContinuingOperations": "216997000", "comprehensiveIncomeNetOfTax": "None", "ebit": "345301000", "ebitda": "393812000", "netIncome": "216997000"}, {"fiscalDateEnding": "2014-06-30", "reportedCurrency": "USD", "grossProfit": "950877000", "totalRevenue": "1847088000", "costOfRevenue": "896211000", "costofGoodsAndServicesSold": "896211000", "operatingIncome": "336474000", "sellingGeneralAndAdministrative": "614403000", "researchAndDevelopment": "0", "operatingExpenses": "614403000", "investmentIncomeNet": "None", "netInterestIncome": "None", "interestIncome": "None", "interestExpense": "12819000", "nonInterestIncome": "None", "otherNonOperatingIncome": "1143000", "depreciation": "None", "depreciationAndAmortization": "47527000", "incomeBeforeTax": "324798000", "incomeTaxExpense": "119151000", "interestAndDebtExpense": "None", "netIncomeFromContinuingOperations": "205647000", "comprehensiveIncomeNetOfTax": "None", "ebit": "337617000", "ebitda": "385144000", "netIncome": "205647000"}, {"fiscalDateEnding": "2014-03-31", "reportedCurrency": "USD", "grossProfit": "877716000", "totalRevenue": "1727943000", "costOfRevenue": "850227000", "costofGoodsAndServicesSold": "850227000", "operatingIncome": "287120000", "sellingGeneralAndAdministrative": "590596000", "researchAndDevelopment": "0", "operatingExpenses": "590596000", "investmentIncomeNet": "None", "netInterestIncome": "None", "interestIncome": "None", "interestExpense": "13409000", "nonInterestIncome": "None", "otherNonOperatingIncome": "1249000", "depreciation": "None", "depreciationAndAmortization": "47477000", "incomeBeforeTax": "274960000", "incomeTaxExpense": "101100000", "interestAndDebtExpense": "None", "netIncomeFromContinuingOperations": "173860000", "comprehensiveIncomeNetOfTax": "None", "ebit": "288369000", "ebitda": "335846000", "netIncome": "173860000"}, {"fiscalDateEnding": "2013-12-31", "reportedCurrency": "USD", "grossProfit": "819300000", "totalRevenue": "1621234000", "costOfRevenue": "801934000", "costofGoodsAndServicesSold": "801934000", "operatingIncome": "255760000", "sellingGeneralAndAdministrative": "563540000", "researchAndDevelopment": "0", "operatingExpenses": "563540000", "investmentIncomeNet": "None", "netInterestIncome": "None", "interestIncome": "None", "interestExpense": "12912000", "nonInterestIncome": "None", "otherNonOperatingIncome": "1049000", "depreciation": "None", "depreciationAndAmortization": "47109000", "incomeBeforeTax": "243897000", "incomeTaxExpense": "91550000", "interestAndDebtExpense": "None", "netIncomeFromContinuingOperations": "152347000", "comprehensiveIncomeNetOfTax": "None", "ebit": "256809000", "ebitda": "303918000", "netIncome": "152347000"}, {"fiscalDateEnding": "2013-09-30", "reportedCurrency": "USD", "grossProfit": "879163000", "totalRevenue": "1728025000", "costOfRevenue": "848862000", "costofGoodsAndServicesSold": "848862000", "operatingIncome": "300380000", "sellingGeneralAndAdministrative": "578783000", "researchAndDevelopment": "0", "operatingExpenses": "578783000", "investmentIncomeNet": "None", "netInterestIncome": "None", "interestIncome": "None", "interestExpense": "13295000", "nonInterestIncome": "None", "otherNonOperatingIncome": "1204000", "depreciation": "None", "depreciationAndAmortization": "46389000", "incomeBeforeTax": "288289000", "incomeTaxExpense": "101800000", "interestAndDebtExpense": "None", "netIncomeFromContinuingOperations": "186489000", "comprehensiveIncomeNetOfTax": "None", "ebit": "301584000", "ebitda": "347973000", "netIncome": "186489000"}, {"fiscalDateEnding": "2013-06-30", "reportedCurrency": "USD", "grossProfit": "871875000", "totalRevenue": "1714969000", "costOfRevenue": "843094000", "costofGoodsAndServicesSold": "843094000", "operatingIncome": "296261000", "sellingGeneralAndAdministrative": "575614000", "researchAndDevelopment": "0", "operatingExpenses": "575614000", "investmentIncomeNet": "None", "netInterestIncome": "None", "interestIncome": "None", "interestExpense": "11467000", "nonInterestIncome": "None", "otherNonOperatingIncome": "1333000", "depreciation": "None", "depreciationAndAmortization": "45503000", "incomeBeforeTax": "286127000", "incomeTaxExpense": "109000000", "interestAndDebtExpense": "None", "netIncomeFromContinuingOperations": "177127000", "comprehensiveIncomeNetOfTax": "None", "ebit": "297594000", "ebitda": "343097000", "netIncome": "177127000"}, {"fiscalDateEnding": "2013-03-31", "reportedCurrency": "USD", "grossProfit": "798663000", "totalRevenue": "1585009000", "costOfRevenue": "786346000", "costofGoodsAndServicesSold": "786346000", "operatingIncome": "251084000", "sellingGeneralAndAdministrative": "547579000", "researchAndDevelopment": "0", "operatingExpenses": "547579000", "investmentIncomeNet": "None", "netInterestIncome": "None", "interestIncome": "None", "interestExpense": "11400000", "nonInterestIncome": "None", "otherNonOperatingIncome": "945000", "depreciation": "None", "depreciationAndAmortization": "44179000", "incomeBeforeTax": "240629000", "incomeTaxExpense": "86300000", "interestAndDebtExpense": "None", "netIncomeFromContinuingOperations": "154329000", "comprehensiveIncomeNetOfTax": "None", "ebit": "252029000", "ebitda": "296208000", "netIncome": "154329000"}, {"fiscalDateEnding": "2012-12-31", "reportedCurrency": "USD", "grossProfit": "750384000", "totalRevenue": "1488385000", "costOfRevenue": "738001000", "costofGoodsAndServicesSold": "738001000", "operatingIncome": "222971000", "sellingGeneralAndAdministrative": "527413000", "researchAndDevelopment": "0", "operatingExpenses": "527413000", "investmentIncomeNet": "None", "netInterestIncome": "None", "interestIncome": "None", "interestExpense": "11478000", "nonInterestIncome": "None", "otherNonOperatingIncome": "1184000", "depreciation": "None", "depreciationAndAmortization": "44610000", "incomeBeforeTax": "212677000", "incomeTaxExpense": "79875000", "interestAndDebtExpense": "None", "netIncomeFromContinuingOperations": "132802000", "comprehensiveIncomeNetOfTax": "None", "ebit": "179545000", "ebitda": "224155000", "netIncome": "132802000"}, {"fiscalDateEnding": "2012-09-30", "reportedCurrency": "USD", "grossProfit": "805493000", "totalRevenue": "1601558000", "costOfRevenue": "796065000", "costofGoodsAndServicesSold": "796065000", "operatingIncome": "263318000", "sellingGeneralAndAdministrative": "542175000", "researchAndDevelopment": "0", "operatingExpenses": "542175000", "investmentIncomeNet": "None", "netInterestIncome": "None", "interestIncome": "None", "interestExpense": "10451000", "nonInterestIncome": "None", "otherNonOperatingIncome": "1115000", "depreciation": "None", "depreciationAndAmortization": "44266000", "incomeBeforeTax": "253982000", "incomeTaxExpense": "94650000", "interestAndDebtExpense": "None", "netIncomeFromContinuingOperations": "159332000", "comprehensiveIncomeNetOfTax": "None", "ebit": "263883000", "ebitda": "308149000", "netIncome": "159332000"}, {"fiscalDateEnding": "2012-06-30", "reportedCurrency": "USD", "grossProfit": "779861000", "totalRevenue": "1562849000", "costOfRevenue": "782988000", "costofGoodsAndServicesSold": "782988000", "operatingIncome": "243603000", "sellingGeneralAndAdministrative": "536258000", "researchAndDevelopment": "0", "operatingExpenses": "536258000", "investmentIncomeNet": "None", "netInterestIncome": "None", "interestIncome": "None", "interestExpense": "9140000", "nonInterestIncome": "None", "otherNonOperatingIncome": "607000", "depreciation": "None", "depreciationAndAmortization": "44397000", "incomeBeforeTax": "235070000", "incomeTaxExpense": "88950000", "interestAndDebtExpense": "None", "netIncomeFromContinuingOperations": "146120000", "comprehensiveIncomeNetOfTax": "None", "ebit": "244261000", "ebitda": "288658000", "netIncome": "146120000"}, {"fiscalDateEnding": "2012-03-31", "reportedCurrency": "USD", "grossProfit": "761680000", "totalRevenue": "1529392000", "costOfRevenue": "767712000", "costofGoodsAndServicesSold": "767712000", "operatingIncome": "247501000", "sellingGeneralAndAdministrative": "514179000", "researchAndDevelopment": "0", "operatingExpenses": "514179000", "investmentIncomeNet": "None", "netInterestIncome": "None", "interestIncome": "None", "interestExpense": "9131000", "nonInterestIncome": "None", "otherNonOperatingIncome": "1422000", "depreciation": "None", "depreciationAndAmortization": "43833000", "incomeBeforeTax": "239792000", "incomeTaxExpense": "92300000", "interestAndDebtExpense": "None", "netIncomeFromContinuingOperations": "147492000", "comprehensiveIncomeNetOfTax": "None", "ebit": "248128000", "ebitda": "291961000", "netIncome": "147492000"}, {"fiscalDateEnding": "2011-12-31", "reportedCurrency": "USD", "grossProfit": "694697000", "totalRevenue": "1391307000", "costOfRevenue": "696610000", "costofGoodsAndServicesSold": "696610000", "operatingIncome": "206911000", "sellingGeneralAndAdministrative": "490584000", "researchAndDevelopment": "0", "operatingExpenses": "487786000", "investmentIncomeNet": "None", "netInterestIncome": "None", "interestIncome": "None", "interestExpense": "9459000", "nonInterestIncome": "None", "otherNonOperatingIncome": "136000", "depreciation": "None", "depreciationAndAmortization": "43139000", "incomeBeforeTax": "197588000", "incomeTaxExpense": "74600000", "interestAndDebtExpense": "None", "netIncomeFromContinuingOperations": "122988000", "comprehensiveIncomeNetOfTax": "None", "ebit": "207536000", "ebitda": "250675000", "netIncome": "122988000"}, {"fiscalDateEnding": "2011-09-30", "reportedCurrency": "USD", "grossProfit": "754210000", "totalRevenue": "1535453000", "costOfRevenue": "781243000", "costofGoodsAndServicesSold": "781243000", "operatingIncome": "241050000", "sellingGeneralAndAdministrative": "513160000", "researchAndDevelopment": "0", "operatingExpenses": "513160000", "investmentIncomeNet": "None", "netInterestIncome": "None", "interestIncome": "None", "interestExpense": "7212000", "nonInterestIncome": "None", "otherNonOperatingIncome": "1191000", "depreciation": "None", "depreciationAndAmortization": "42627000", "incomeBeforeTax": "235029000", "incomeTaxExpense": "86590000", "interestAndDebtExpense": "None", "netIncomeFromContinuingOperations": "148439000", "comprehensiveIncomeNetOfTax": "None", "ebit": "241566000", "ebitda": "284193000", "netIncome": "148439000"}, {"fiscalDateEnding": "2011-06-30", "reportedCurrency": "USD", "grossProfit": "718661000", "totalRevenue": "1479318000", "costOfRevenue": "760657000", "costofGoodsAndServicesSold": "760657000", "operatingIncome": "222368000", "sellingGeneralAndAdministrative": "496293000", "researchAndDevelopment": "0", "operatingExpenses": "496293000", "investmentIncomeNet": "None", "netInterestIncome": "None", "interestIncome": "None", "interestExpense": "6257000", "nonInterestIncome": "None", "otherNonOperatingIncome": "871000", "depreciation": "None", "depreciationAndAmortization": "41323000", "incomeBeforeTax": "216982000", "incomeTaxExpense": "83210000", "interestAndDebtExpense": "None", "netIncomeFromContinuingOperations": "133772000", "comprehensiveIncomeNetOfTax": "None", "ebit": "222930000", "ebitda": "264253000", "netIncome": "133772000"}, {"fiscalDateEnding": "2011-03-31", "reportedCurrency": "USD", "grossProfit": "669781000", "totalRevenue": "1382738000", "costOfRevenue": "712957000", "costofGoodsAndServicesSold": "712957000", "operatingIncome": "196437000", "sellingGeneralAndAdministrative": "473344000", "researchAndDevelopment": "0", "operatingExpenses": "473344000", "investmentIncomeNet": "None", "netInterestIncome": "None", "interestIncome": "None", "interestExpense": "5237000", "nonInterestIncome": "None", "otherNonOperatingIncome": "-25026000", "depreciation": "None", "depreciationAndAmortization": "38791000", "incomeBeforeTax": "166174000", "incomeTaxExpense": "63700000", "interestAndDebtExpense": "None", "netIncomeFromContinuingOperations": "102474000", "comprehensiveIncomeNetOfTax": "None", "ebit": "192742000", "ebitda": "231533000", "netIncome": "102474000"}, {"fiscalDateEnding": "2010-12-31", "reportedCurrency": "USD", "grossProfit": "636597000", "totalRevenue": "1310330000", "costOfRevenue": "673733000", "costofGoodsAndServicesSold": "673733000", "operatingIncome": "164136000", "sellingGeneralAndAdministrative": "472461000", "researchAndDevelopment": "0", "operatingExpenses": "472461000", "investmentIncomeNet": "None", "netInterestIncome": "None", "interestIncome": "None", "interestExpense": "7492000", "nonInterestIncome": "None", "otherNonOperatingIncome": "-964000", "depreciation": "None", "depreciationAndAmortization": "40711000", "incomeBeforeTax": "169260000", "incomeTaxExpense": "63500000", "interestAndDebtExpense": "None", "netIncomeFromContinuingOperations": "105760000", "comprehensiveIncomeNetOfTax": "None", "ebit": "164668000", "ebitda": "205379000", "netIncome": "105760000"}, {"fiscalDateEnding": "2010-09-30", "reportedCurrency": "USD", "grossProfit": "693415000", "totalRevenue": "1425887000", "costOfRevenue": "732472000", "costofGoodsAndServicesSold": "732472000", "operatingIncome": "199031000", "sellingGeneralAndAdministrative": "494384000", "researchAndDevelopment": "0", "operatingExpenses": "494384000", "investmentIncomeNet": "None", "netInterestIncome": "None", "interestIncome": "None", "interestExpense": "9756000", "nonInterestIncome": "None", "otherNonOperatingIncome": "917000", "depreciation": "None", "depreciationAndAmortization": "40794000", "incomeBeforeTax": "190192000", "incomeTaxExpense": "73650000", "interestAndDebtExpense": "None", "netIncomeFromContinuingOperations": "116542000", "comprehensiveIncomeNetOfTax": "None", "ebit": "199541000", "ebitda": "240335000", "netIncome": "116542000"}, {"fiscalDateEnding": "2010-06-30", "reportedCurrency": "USD", "grossProfit": "672633000", "totalRevenue": "1381241000", "costOfRevenue": "708608000", "costofGoodsAndServicesSold": "708608000", "operatingIncome": "181164000", "sellingGeneralAndAdministrative": "476469000", "researchAndDevelopment": "0", "operatingExpenses": "491469000", "investmentIncomeNet": "None", "netInterestIncome": "None", "interestIncome": "None", "interestExpense": "11146000", "nonInterestIncome": "None", "otherNonOperatingIncome": "1427000", "depreciation": "None", "depreciationAndAmortization": "40002000", "incomeBeforeTax": "171445000", "incomeTaxExpense": "71850000", "interestAndDebtExpense": "None", "netIncomeFromContinuingOperations": "99595000", "comprehensiveIncomeNetOfTax": "None", "ebit": "181667000", "ebitda": "221669000", "netIncome": "99595000"}, {"fiscalDateEnding": "2010-03-31", "reportedCurrency": "USD", "grossProfit": "618347000", "totalRevenue": "1280067000", "costOfRevenue": "661720000", "costofGoodsAndServicesSold": "661720000", "operatingIncome": "168445000", "sellingGeneralAndAdministrative": "449902000", "researchAndDevelopment": "0", "operatingExpenses": "449902000", "investmentIncomeNet": "None", "netInterestIncome": "None", "interestIncome": "None", "interestExpense": "10879000", "nonInterestIncome": "None", "otherNonOperatingIncome": "910000", "depreciation": "None", "depreciationAndAmortization": "39935000", "incomeBeforeTax": "158476000", "incomeTaxExpense": "61000000", "interestAndDebtExpense": "None", "netIncomeFromContinuingOperations": "97476000", "comprehensiveIncomeNetOfTax": "None", "ebit": "168841000", "ebitda": "208776000", "netIncome": "97476000"}, {"fiscalDateEnding": "2009-12-31", "reportedCurrency": "USD", "grossProfit": "569534000", "totalRevenue": "1173697000", "costOfRevenue": "604163000", "costofGoodsAndServicesSold": "604163000", "operatingIncome": "125412000", "sellingGeneralAndAdministrative": "444122000", "researchAndDevelopment": "0", "operatingExpenses": "444122000", "investmentIncomeNet": "None", "netInterestIncome": "None", "interestIncome": "None", "interestExpense": "11069000", "nonInterestIncome": "None", "otherNonOperatingIncome": "None", "depreciation": "None", "depreciationAndAmortization": "416000", "incomeBeforeTax": "115973000", "incomeTaxExpense": "44050000", "interestAndDebtExpense": "None", "netIncomeFromContinuingOperations": "0", "comprehensiveIncomeNetOfTax": "None", "ebit": "125412000", "ebitda": "125828000", "netIncome": "71923000"}, {"fiscalDateEnding": "2009-09-30", "reportedCurrency": "USD", "grossProfit": "610555000", "totalRevenue": "1258239000", "costOfRevenue": "647684000", "costofGoodsAndServicesSold": "647684000", "operatingIncome": "149196000", "sellingGeneralAndAdministrative": "461359000", "researchAndDevelopment": "0", "operatingExpenses": "461359000", "investmentIncomeNet": "None", "netInterestIncome": "None", "interestIncome": "None", "interestExpense": "11086000", "nonInterestIncome": "None", "otherNonOperatingIncome": "None", "depreciation": "None", "depreciationAndAmortization": "340000", "incomeBeforeTax": "139275000", "incomeTaxExpense": "52050000", "interestAndDebtExpense": "None", "netIncomeFromContinuingOperations": "0", "comprehensiveIncomeNetOfTax": "None", "ebit": "149196000", "ebitda": "149536000", "netIncome": "87225000"}, {"fiscalDateEnding": "2009-06-30", "reportedCurrency": "USD", "grossProfit": "603769000", "totalRevenue": "1251377000", "costOfRevenue": "647608000", "costofGoodsAndServicesSold": "647608000", "operatingIncome": "149675000", "sellingGeneralAndAdministrative": "454094000", "researchAndDevelopment": "0", "operatingExpenses": "454094000", "investmentIncomeNet": "None", "netInterestIncome": "None", "interestIncome": "None", "interestExpense": "10961000", "nonInterestIncome": "None", "otherNonOperatingIncome": "None", "depreciation": "None", "depreciationAndAmortization": "361000", "incomeBeforeTax": "139465000", "incomeTaxExpense": "53950000", "interestAndDebtExpense": "None", "netIncomeFromContinuingOperations": "0", "comprehensiveIncomeNetOfTax": "None", "ebit": "149675000", "ebitda": "150036000", "netIncome": "85515000"}, {"fiscalDateEnding": "2009-03-31", "reportedCurrency": "USD", "grossProfit": "542670000", "totalRevenue": "1163749000", "costOfRevenue": "621079000", "costofGoodsAndServicesSold": "621079000", "operatingIncome": "113336000", "sellingGeneralAndAdministrative": "429334000", "researchAndDevelopment": "0", "operatingExpenses": "429334000", "investmentIncomeNet": "None", "netInterestIncome": "None", "interestIncome": "None", "interestExpense": "12060000", "nonInterestIncome": "None", "otherNonOperatingIncome": "None", "depreciation": "None", "depreciationAndAmortization": "426000", "incomeBeforeTax": "102185000", "incomeTaxExpense": "39350000", "interestAndDebtExpense": "None", "netIncomeFromContinuingOperations": "0", "comprehensiveIncomeNetOfTax": "None", "ebit": "113336000", "ebitda": "113762000", "netIncome": "62835000"}, {"fiscalDateEnding": "2008-12-31", "reportedCurrency": "USD", "grossProfit": "515129000", "totalRevenue": "1114631000", "costOfRevenue": "599502000", "costofGoodsAndServicesSold": "599502000", "operatingIncome": "80602000", "sellingGeneralAndAdministrative": "434527000", "researchAndDevelopment": "0", "operatingExpenses": "434527000", "investmentIncomeNet": "None", "netInterestIncome": "None", "interestIncome": "None", "interestExpense": "100", "nonInterestIncome": "None", "otherNonOperatingIncome": "None", "depreciation": "None", "depreciationAndAmortization": "-4842000", "incomeBeforeTax": "68614000", "incomeTaxExpense": "25900000", "interestAndDebtExpense": "None", "netIncomeFromContinuingOperations": "0", "comprehensiveIncomeNetOfTax": "None", "ebit": "80602000", "ebitda": "75760000", "netIncome": "42714000"}, {"fiscalDateEnding": "2008-09-30", "reportedCurrency": "USD", "grossProfit": "507206000", "totalRevenue": "1111272000", "costOfRevenue": "604066000", "costofGoodsAndServicesSold": "604066000", "operatingIncome": "92471000", "sellingGeneralAndAdministrative": "414735000", "researchAndDevelopment": "0", "operatingExpenses": "414735000", "investmentIncomeNet": "None", "netInterestIncome": "None", "interestIncome": "None", "interestExpense": "10860000", "nonInterestIncome": "None", "otherNonOperatingIncome": "None", "depreciation": "None", "depreciationAndAmortization": "10462000", "incomeBeforeTax": "71149000", "incomeTaxExpense": "29750000", "interestAndDebtExpense": "None", "netIncomeFromContinuingOperations": "0", "comprehensiveIncomeNetOfTax": "None", "ebit": "92471000", "ebitda": "102933000", "netIncome": "41399000"}, {"fiscalDateEnding": "2008-06-30", "reportedCurrency": "USD", "grossProfit": "317097000", "totalRevenue": "704430000", "costOfRevenue": "387333000", "costofGoodsAndServicesSold": "387333000", "operatingIncome": "88388000", "sellingGeneralAndAdministrative": "228709000", "researchAndDevelopment": "0", "operatingExpenses": "228709000", "investmentIncomeNet": "None", "netInterestIncome": "None", "interestIncome": "None", "interestExpense": "839000", "nonInterestIncome": "None", "otherNonOperatingIncome": "None", "depreciation": "None", "depreciationAndAmortization": "-675000", "incomeBeforeTax": "89063000", "incomeTaxExpense": "33275000", "interestAndDebtExpense": "None", "netIncomeFromContinuingOperations": "0", "comprehensiveIncomeNetOfTax": "None", "ebit": "88388000", "ebitda": "87713000", "netIncome": "55788000"}, {"fiscalDateEnding": "2008-03-31", "reportedCurrency": "USD", "grossProfit": "288494000", "totalRevenue": "646220000", "costOfRevenue": "357726000", "costofGoodsAndServicesSold": "357726000", "operatingIncome": "74156000", "sellingGeneralAndAdministrative": "214338000", "researchAndDevelopment": "0", "operatingExpenses": "214338000", "investmentIncomeNet": "None", "netInterestIncome": "None", "interestIncome": "None", "interestExpense": "1371000", "nonInterestIncome": "None", "otherNonOperatingIncome": "None", "depreciation": "None", "depreciationAndAmortization": "450000", "incomeBeforeTax": "73706000", "incomeTaxExpense": "27375000", "interestAndDebtExpense": "None", "netIncomeFromContinuingOperations": "0", "comprehensiveIncomeNetOfTax": "None", "ebit": "74156000", "ebitda": "74606000", "netIncome": "46331000"}, {"fiscalDateEnding": "2007-12-31", "reportedCurrency": "USD", "grossProfit": "270293000", "totalRevenue": "604288000", "costOfRevenue": "333995000", "costofGoodsAndServicesSold": "333995000", "operatingIncome": "63685000", "sellingGeneralAndAdministrative": "206608000", "researchAndDevelopment": "0", "operatingExpenses": "206608000", "investmentIncomeNet": "None", "netInterestIncome": "None", "interestIncome": "None", "interestExpense": "3723000", "nonInterestIncome": "None", "otherNonOperatingIncome": "None", "depreciation": "None", "depreciationAndAmortization": "-456000", "incomeBeforeTax": "64495000", "incomeTaxExpense": "23900000", "interestAndDebtExpense": "None", "netIncomeFromContinuingOperations": "0", "comprehensiveIncomeNetOfTax": "None", "ebit": "63685000", "ebitda": "63229000", "netIncome": "40595000"}, {"fiscalDateEnding": "2007-09-30", "reportedCurrency": "USD", "grossProfit": "293701000", "totalRevenue": "661778000", "costOfRevenue": "368077000", "costofGoodsAndServicesSold": "368077000", "operatingIncome": "82716000", "sellingGeneralAndAdministrative": "210985000", "researchAndDevelopment": "0", "operatingExpenses": "210985000", "investmentIncomeNet": "None", "netInterestIncome": "None", "interestIncome": "None", "interestExpense": "1081000", "nonInterestIncome": "None", "otherNonOperatingIncome": "None", "depreciation": "None", "depreciationAndAmortization": "-756000", "incomeBeforeTax": "83472000", "incomeTaxExpense": "30385000", "interestAndDebtExpense": "None", "netIncomeFromContinuingOperations": "0", "comprehensiveIncomeNetOfTax": "None", "ebit": "82716000", "ebitda": "81960000", "netIncome": "53087000"}, {"fiscalDateEnding": "2007-06-30", "reportedCurrency": "USD", "grossProfit": "287185000", "totalRevenue": "643108000", "costOfRevenue": "355923000", "costofGoodsAndServicesSold": "355923000", "operatingIncome": "81558000", "sellingGeneralAndAdministrative": "205627000", "researchAndDevelopment": "0", "operatingExpenses": "205627000", "investmentIncomeNet": "None", "netInterestIncome": "None", "interestIncome": "None", "interestExpense": "739000", "nonInterestIncome": "None", "otherNonOperatingIncome": "None", "depreciation": "None", "depreciationAndAmortization": "-781000", "incomeBeforeTax": "82339000", "incomeTaxExpense": "30440000", "interestAndDebtExpense": "None", "netIncomeFromContinuingOperations": "0", "comprehensiveIncomeNetOfTax": "None", "ebit": "81558000", "ebitda": "80777000", "netIncome": "51899000"}, {"fiscalDateEnding": "2007-03-31", "reportedCurrency": "USD", "grossProfit": "269281000", "totalRevenue": "613145000", "costOfRevenue": "343864000", "costofGoodsAndServicesSold": "343864000", "operatingIncome": "77192000", "sellingGeneralAndAdministrative": "192089000", "researchAndDevelopment": "0", "operatingExpenses": "192089000", "investmentIncomeNet": "None", "netInterestIncome": "None", "interestIncome": "None", "interestExpense": "749000", "nonInterestIncome": "None", "otherNonOperatingIncome": "None", "depreciation": "None", "depreciationAndAmortization": "10000", "incomeBeforeTax": "77182000", "incomeTaxExpense": "28775000", "interestAndDebtExpense": "None", "netIncomeFromContinuingOperations": "0", "comprehensiveIncomeNetOfTax": "None", "ebit": "77192000", "ebitda": "77202000", "netIncome": "48407000"}, {"fiscalDateEnding": "2006-12-31", "reportedCurrency": "USD", "grossProfit": "249029000", "totalRevenue": "558332000", "costOfRevenue": "309303000", "costofGoodsAndServicesSold": "309303000", "operatingIncome": "64029000", "sellingGeneralAndAdministrative": "185000000", "researchAndDevelopment": "0", "operatingExpenses": "185000000", "investmentIncomeNet": "None", "netInterestIncome": "None", "interestIncome": "None", "interestExpense": "4322000", "nonInterestIncome": "None", "otherNonOperatingIncome": "None", "depreciation": "None", "depreciationAndAmortization": "-2717000", "incomeBeforeTax": "63997000", "incomeTaxExpense": "23645000", "interestAndDebtExpense": "None", "netIncomeFromContinuingOperations": "0", "comprehensiveIncomeNetOfTax": "None", "ebit": "64029000", "ebitda": "61312000", "netIncome": "40352000"}, {"fiscalDateEnding": "2006-09-30", "reportedCurrency": "USD", "grossProfit": "263326000", "totalRevenue": "597144000", "costOfRevenue": "333818000", "costofGoodsAndServicesSold": "333818000", "operatingIncome": "75084000", "sellingGeneralAndAdministrative": "188242000", "researchAndDevelopment": "0", "operatingExpenses": "188242000", "investmentIncomeNet": "None", "netInterestIncome": "None", "interestIncome": "None", "interestExpense": "929000", "nonInterestIncome": "None", "otherNonOperatingIncome": "None", "depreciation": "None", "depreciationAndAmortization": "-272000", "incomeBeforeTax": "75356000", "incomeTaxExpense": "27500000", "interestAndDebtExpense": "None", "netIncomeFromContinuingOperations": "0", "comprehensiveIncomeNetOfTax": "None", "ebit": "75084000", "ebitda": "74812000", "netIncome": "47856000"}, {"fiscalDateEnding": "2006-06-30", "reportedCurrency": "USD", "grossProfit": "260928000", "totalRevenue": "591199000", "costOfRevenue": "330271000", "costofGoodsAndServicesSold": "330271000", "operatingIncome": "78236000", "sellingGeneralAndAdministrative": "182692000", "researchAndDevelopment": "0", "operatingExpenses": "182692000", "investmentIncomeNet": "None", "netInterestIncome": "None", "interestIncome": "None", "interestExpense": "1064000", "nonInterestIncome": "None", "otherNonOperatingIncome": "None", "depreciation": "None", "depreciationAndAmortization": "-162000", "incomeBeforeTax": "78398000", "incomeTaxExpense": "29085000", "interestAndDebtExpense": "None", "netIncomeFromContinuingOperations": "0", "comprehensiveIncomeNetOfTax": "None", "ebit": "78236000", "ebitda": "78074000", "netIncome": "49313000"}, {"fiscalDateEnding": "2006-03-31", "reportedCurrency": "USD", "grossProfit": "233428000", "totalRevenue": "536547000", "costOfRevenue": "303119000", "costofGoodsAndServicesSold": "303119000", "operatingIncome": "64966000", "sellingGeneralAndAdministrative": "168462000", "researchAndDevelopment": "0", "operatingExpenses": "168462000", "investmentIncomeNet": "None", "netInterestIncome": "None", "interestIncome": "None", "interestExpense": "1359000", "nonInterestIncome": "None", "otherNonOperatingIncome": "None", "depreciation": "None", "depreciationAndAmortization": "None", "incomeBeforeTax": "64514000", "incomeTaxExpense": "23950000", "interestAndDebtExpense": "None", "netIncomeFromContinuingOperations": "0", "comprehensiveIncomeNetOfTax": "None", "ebit": "64514000", "ebitda": "64966000", "netIncome": "40564000"}, {"fiscalDateEnding": "2005-12-31", "reportedCurrency": "USD", "grossProfit": "231448000", "totalRevenue": "514964000", "costOfRevenue": "283516000", "costofGoodsAndServicesSold": "283516000", "operatingIncome": "63231000", "sellingGeneralAndAdministrative": "168217000", "researchAndDevelopment": "0", "operatingExpenses": "168217000", "investmentIncomeNet": "None", "netInterestIncome": "None", "interestIncome": "None", "interestExpense": "5062000", "nonInterestIncome": "None", "otherNonOperatingIncome": "None", "depreciation": "None", "depreciationAndAmortization": "3607000", "incomeBeforeTax": "62810000", "incomeTaxExpense": "23303000", "interestAndDebtExpense": "None", "netIncomeFromContinuingOperations": "0", "comprehensiveIncomeNetOfTax": "None", "ebit": "63231000", "ebitda": "66838000", "netIncome": "39507000"}, {"fiscalDateEnding": "2005-09-30", "reportedCurrency": "USD", "grossProfit": "235916000", "totalRevenue": "542906000", "costOfRevenue": "306990000", "costofGoodsAndServicesSold": "306990000", "operatingIncome": "67585000", "sellingGeneralAndAdministrative": "168331000", "researchAndDevelopment": "0", "operatingExpenses": "168331000", "investmentIncomeNet": "None", "netInterestIncome": "None", "interestIncome": "None", "interestExpense": "1463000", "nonInterestIncome": "None", "otherNonOperatingIncome": "None", "depreciation": "None", "depreciationAndAmortization": "561000", "incomeBeforeTax": "67024000", "incomeTaxExpense": "18401000", "interestAndDebtExpense": "None", "netIncomeFromContinuingOperations": "0", "comprehensiveIncomeNetOfTax": "None", "ebit": "67585000", "ebitda": "68146000", "netIncome": "48623000"}, {"fiscalDateEnding": "2005-06-30", "reportedCurrency": "USD", "grossProfit": "228970000", "totalRevenue": "521209000", "costOfRevenue": "292239000", "costofGoodsAndServicesSold": "292239000", "operatingIncome": "68127000", "sellingGeneralAndAdministrative": "160843000", "researchAndDevelopment": "0", "operatingExpenses": "160843000", "investmentIncomeNet": "None", "netInterestIncome": "None", "interestIncome": "None", "interestExpense": "1034000", "nonInterestIncome": "None", "otherNonOperatingIncome": "None", "depreciation": "None", "depreciationAndAmortization": "None", "incomeBeforeTax": "68322000", "incomeTaxExpense": "25399000", "interestAndDebtExpense": "None", "netIncomeFromContinuingOperations": "0", "comprehensiveIncomeNetOfTax": "None", "ebit": "68322000", "ebitda": "68127000", "netIncome": "42923000"}, {"fiscalDateEnding": "2005-03-31", "reportedCurrency": "USD", "grossProfit": "196169000", "totalRevenue": "466239000", "costOfRevenue": "270070000", "costofGoodsAndServicesSold": "270070000", "operatingIncome": "53581000", "sellingGeneralAndAdministrative": "142588000", "researchAndDevelopment": "0", "operatingExpenses": "142588000", "investmentIncomeNet": "None", "netInterestIncome": "None", "interestIncome": "None", "interestExpense": "1100000", "nonInterestIncome": "None", "otherNonOperatingIncome": "None", "depreciation": "None", "depreciationAndAmortization": "668000", "incomeBeforeTax": "52913000", "incomeTaxExpense": "19700000", "interestAndDebtExpense": "None", "netIncomeFromContinuingOperations": "0", "comprehensiveIncomeNetOfTax": "None", "ebit": "53581000", "ebitda": "54249000", "netIncome": "33213000"}, {"fiscalDateEnding": "2004-12-31", "reportedCurrency": "USD", "grossProfit": "190221000", "totalRevenue": "427618000", "costOfRevenue": "237397000", "costofGoodsAndServicesSold": "237397000", "operatingIncome": "40312000", "sellingGeneralAndAdministrative": "149909000", "researchAndDevelopment": "0", "operatingExpenses": "149909000", "investmentIncomeNet": "None", "netInterestIncome": "None", "interestIncome": "None", "interestExpense": "1367000", "nonInterestIncome": "None", "otherNonOperatingIncome": "None", "depreciation": "None", "depreciationAndAmortization": "-2753000", "incomeBeforeTax": "39266000", "incomeTaxExpense": "14613000", "interestAndDebtExpense": "None", "netIncomeFromContinuingOperations": "0", "comprehensiveIncomeNetOfTax": "None", "ebit": "40312000", "ebitda": "37559000", "netIncome": "46545000"}]}