{"symbol": "A", "annualReports": [{"fiscalDateEnding": "2024-10-31", "reportedCurrency": "USD", "grossProfit": "3535000000", "totalRevenue": "6510000000", "costOfRevenue": "2975000000", "costofGoodsAndServicesSold": "2975000000", "operatingIncome": "1488000000", "sellingGeneralAndAdministrative": "1568000000", "researchAndDevelopment": "479000000", "operatingExpenses": "2047000000", "investmentIncomeNet": "None", "netInterestIncome": "-16000000", "interestIncome": "80000000", "interestExpense": "96000000", "nonInterestIncome": "None", "otherNonOperatingIncome": "None", "depreciation": "None", "depreciationAndAmortization": "None", "incomeBeforeTax": "1521000000", "incomeTaxExpense": "232000000", "interestAndDebtExpense": "None", "netIncomeFromContinuingOperations": "1289000000", "comprehensiveIncomeNetOfTax": "None", "ebit": "None", "ebitda": "1488000000", "netIncome": "1289000000"}, {"fiscalDateEnding": "2023-10-31", "reportedCurrency": "USD", "grossProfit": "3465000000", "totalRevenue": "6833000000", "costOfRevenue": "3368000000", "costofGoodsAndServicesSold": "3368000000", "operatingIncome": "1350000000", "sellingGeneralAndAdministrative": "1634000000", "researchAndDevelopment": "481000000", "operatingExpenses": "2115000000", "investmentIncomeNet": "None", "netInterestIncome": "-44000000", "interestIncome": "51000000", "interestExpense": "95000000", "nonInterestIncome": "None", "otherNonOperatingIncome": "None", "depreciation": "None", "depreciationAndAmortization": "271000000", "incomeBeforeTax": "1339000000", "incomeTaxExpense": "99000000", "interestAndDebtExpense": "None", "netIncomeFromContinuingOperations": "1240000000", "comprehensiveIncomeNetOfTax": "None", "ebit": "1432000000", "ebitda": "1703000000", "netIncome": "1240000000"}, {"fiscalDateEnding": "2022-10-31", "reportedCurrency": "USD", "grossProfit": "3722000000", "totalRevenue": "6848000000", "costOfRevenue": "3126000000", "costofGoodsAndServicesSold": "3126000000", "operatingIncome": "1618000000", "sellingGeneralAndAdministrative": "1637000000", "researchAndDevelopment": "467000000", "operatingExpenses": "2104000000", "investmentIncomeNet": "None", "netInterestIncome": "-75000000", "interestIncome": "9000000", "interestExpense": "84000000", "nonInterestIncome": "None", "otherNonOperatingIncome": "-30000000", "depreciation": "None", "depreciationAndAmortization": "317000000", "incomeBeforeTax": "1504000000", "incomeTaxExpense": "250000000", "interestAndDebtExpense": "None", "netIncomeFromContinuingOperations": "1254000000", "comprehensiveIncomeNetOfTax": "None", "ebit": "1677000000", "ebitda": "1994000000", "netIncome": "1254000000"}, {"fiscalDateEnding": "2021-10-31", "reportedCurrency": "USD", "grossProfit": "3407000000", "totalRevenue": "6319000000", "costOfRevenue": "2912000000", "costofGoodsAndServicesSold": "2912000000", "operatingIncome": "1347000000", "sellingGeneralAndAdministrative": "1619000000", "researchAndDevelopment": "441000000", "operatingExpenses": "2060000000", "investmentIncomeNet": "None", "netInterestIncome": "-79000000", "interestIncome": "79000000", "interestExpense": "81000000", "nonInterestIncome": "None", "otherNonOperatingIncome": "94000000", "depreciation": "None", "depreciationAndAmortization": "321000000", "incomeBeforeTax": "1360000000", "incomeTaxExpense": "150000000", "interestAndDebtExpense": "None", "netIncomeFromContinuingOperations": "1210000000", "comprehensiveIncomeNetOfTax": "None", "ebit": "1404000000", "ebitda": "1725000000", "netIncome": "1210000000"}, {"fiscalDateEnding": "2020-10-31", "reportedCurrency": "USD", "grossProfit": "2837000000", "totalRevenue": "5339000000", "costOfRevenue": "2502000000", "costofGoodsAndServicesSold": "2502000000", "operatingIncome": "846000000", "sellingGeneralAndAdministrative": "1496000000", "researchAndDevelopment": "495000000", "operatingExpenses": "1991000000", "investmentIncomeNet": "None", "netInterestIncome": "-70000000", "interestIncome": "70000000", "interestExpense": "78000000", "nonInterestIncome": "None", "otherNonOperatingIncome": "74000000", "depreciation": "None", "depreciationAndAmortization": "308000000", "incomeBeforeTax": "842000000", "incomeTaxExpense": "123000000", "interestAndDebtExpense": "None", "netIncomeFromContinuingOperations": "719000000", "comprehensiveIncomeNetOfTax": "None", "ebit": "1045000000", "ebitda": "1353000000", "netIncome": "719000000"}, {"fiscalDateEnding": "2019-10-31", "reportedCurrency": "USD", "grossProfit": "2805000000", "totalRevenue": "5163000000", "costOfRevenue": "2358000000", "costofGoodsAndServicesSold": "2358000000", "operatingIncome": "941000000", "sellingGeneralAndAdministrative": "1460000000", "researchAndDevelopment": "404000000", "operatingExpenses": "1864000000", "investmentIncomeNet": "None", "netInterestIncome": "-38000000", "interestIncome": "36000000", "interestExpense": "74000000", "nonInterestIncome": "None", "otherNonOperatingIncome": "52000000", "depreciation": "None", "depreciationAndAmortization": "238000000", "incomeBeforeTax": "919000000", "incomeTaxExpense": "-152000000", "interestAndDebtExpense": "None", "netIncomeFromContinuingOperations": "1071000000", "comprehensiveIncomeNetOfTax": "None", "ebit": "1043000000", "ebitda": "1281000000", "netIncome": "1071000000"}, {"fiscalDateEnding": "2018-10-31", "reportedCurrency": "USD", "grossProfit": "2687000000", "totalRevenue": "4914000000", "costOfRevenue": "2227000000", "costofGoodsAndServicesSold": "2227000000", "operatingIncome": "928000000", "sellingGeneralAndAdministrative": "1374000000", "researchAndDevelopment": "385000000", "operatingExpenses": "1759000000", "investmentIncomeNet": "None", "netInterestIncome": "-37000000", "interestIncome": "38000000", "interestExpense": "75000000", "nonInterestIncome": "None", "otherNonOperatingIncome": "93000000", "depreciation": "None", "depreciationAndAmortization": "210000000", "incomeBeforeTax": "946000000", "incomeTaxExpense": "630000000", "interestAndDebtExpense": "None", "netIncomeFromContinuingOperations": "316000000", "comprehensiveIncomeNetOfTax": "None", "ebit": "971000000", "ebitda": "1181000000", "netIncome": "316000000"}, {"fiscalDateEnding": "2017-10-31", "reportedCurrency": "USD", "grossProfit": "2409000000", "totalRevenue": "4472000000", "costOfRevenue": "2063000000", "costofGoodsAndServicesSold": "2063000000", "operatingIncome": "841000000", "sellingGeneralAndAdministrative": "1229000000", "researchAndDevelopment": "339000000", "operatingExpenses": "1568000000", "investmentIncomeNet": "None", "netInterestIncome": "-57000000", "interestIncome": "22000000", "interestExpense": "79000000", "nonInterestIncome": "None", "otherNonOperatingIncome": "41000000", "depreciation": "None", "depreciationAndAmortization": "214000000", "incomeBeforeTax": "803000000", "incomeTaxExpense": "119000000", "interestAndDebtExpense": "None", "netIncomeFromContinuingOperations": "684000000", "comprehensiveIncomeNetOfTax": "None", "ebit": "882000000", "ebitda": "1096000000", "netIncome": "684000000"}, {"fiscalDateEnding": "2016-10-31", "reportedCurrency": "USD", "grossProfit": "2197000000", "totalRevenue": "4202000000", "costOfRevenue": "2005000000", "costofGoodsAndServicesSold": "2005000000", "operatingIncome": "615000000", "sellingGeneralAndAdministrative": "1253000000", "researchAndDevelopment": "329000000", "operatingExpenses": "1582000000", "investmentIncomeNet": "None", "netInterestIncome": "-61000000", "interestIncome": "70000000", "interestExpense": "72000000", "nonInterestIncome": "None", "otherNonOperatingIncome": "1000000", "depreciation": "None", "depreciationAndAmortization": "247000000", "incomeBeforeTax": "544000000", "incomeTaxExpense": "84000000", "interestAndDebtExpense": "None", "netIncomeFromContinuingOperations": "462000000", "comprehensiveIncomeNetOfTax": "None", "ebit": "616000000", "ebitda": "863000000", "netIncome": "460000000"}, {"fiscalDateEnding": "2015-10-31", "reportedCurrency": "USD", "grossProfit": "2041000000", "totalRevenue": "4038000000", "costOfRevenue": "1997000000", "costofGoodsAndServicesSold": "1997000000", "operatingIncome": "522000000", "sellingGeneralAndAdministrative": "1189000000", "researchAndDevelopment": "330000000", "operatingExpenses": "1519000000", "investmentIncomeNet": "None", "netInterestIncome": "None", "interestIncome": "89000000", "interestExpense": "66000000", "nonInterestIncome": "None", "otherNonOperatingIncome": "24000000", "depreciation": "None", "depreciationAndAmortization": "253000000", "incomeBeforeTax": "480000000", "incomeTaxExpense": "45000000", "interestAndDebtExpense": "None", "netIncomeFromContinuingOperations": "438000000", "comprehensiveIncomeNetOfTax": "None", "ebit": "525000000", "ebitda": "778000000", "netIncome": "398000000"}, {"fiscalDateEnding": "2014-10-31", "reportedCurrency": "USD", "grossProfit": "3593000000", "totalRevenue": "6981000000", "costOfRevenue": "3388000000", "costofGoodsAndServicesSold": "3388000000", "operatingIncome": "831000000", "sellingGeneralAndAdministrative": "2043000000", "researchAndDevelopment": "719000000", "operatingExpenses": "2762000000", "investmentIncomeNet": "None", "netInterestIncome": "None", "interestIncome": "None", "interestExpense": "113000000", "nonInterestIncome": "None", "otherNonOperatingIncome": "-72000000", "depreciation": "None", "depreciationAndAmortization": "383000000", "incomeBeforeTax": "646000000", "incomeTaxExpense": "149000000", "interestAndDebtExpense": "None", "netIncomeFromContinuingOperations": "504000000", "comprehensiveIncomeNetOfTax": "None", "ebit": "265000000", "ebitda": "648000000", "netIncome": "497000000"}, {"fiscalDateEnding": "2013-10-31", "reportedCurrency": "USD", "grossProfit": "3535000000", "totalRevenue": "6782000000", "costOfRevenue": "3247000000", "costofGoodsAndServicesSold": "3247000000", "operatingIncome": "951000000", "sellingGeneralAndAdministrative": "1880000000", "researchAndDevelopment": "704000000", "operatingExpenses": "2584000000", "investmentIncomeNet": "None", "netInterestIncome": "None", "interestIncome": "None", "interestExpense": "107000000", "nonInterestIncome": "None", "otherNonOperatingIncome": "15000000", "depreciation": "None", "depreciationAndAmortization": "372000000", "incomeBeforeTax": "859000000", "incomeTaxExpense": "135000000", "interestAndDebtExpense": "None", "netIncomeFromContinuingOperations": "724000000", "comprehensiveIncomeNetOfTax": "None", "ebit": "386000000", "ebitda": "758000000", "netIncome": "724000000"}, {"fiscalDateEnding": "2012-10-31", "reportedCurrency": "USD", "grossProfit": "3604000000", "totalRevenue": "6858000000", "costOfRevenue": "3254000000", "costofGoodsAndServicesSold": "3254000000", "operatingIncome": "1119000000", "sellingGeneralAndAdministrative": "1817000000", "researchAndDevelopment": "668000000", "operatingExpenses": "2485000000", "investmentIncomeNet": "None", "netInterestIncome": "None", "interestIncome": "None", "interestExpense": "101000000", "nonInterestIncome": "None", "otherNonOperatingIncome": "25000000", "depreciation": "None", "depreciationAndAmortization": "301000000", "incomeBeforeTax": "1043000000", "incomeTaxExpense": "-110000000", "interestAndDebtExpense": "None", "netIncomeFromContinuingOperations": "1153000000", "comprehensiveIncomeNetOfTax": "None", "ebit": "1144000000", "ebitda": "1445000000", "netIncome": "1153000000"}, {"fiscalDateEnding": "2011-10-31", "reportedCurrency": "USD", "grossProfit": "3529000000", "totalRevenue": "6615000000", "costOfRevenue": "3086000000", "costofGoodsAndServicesSold": "3086000000", "operatingIncome": "1071000000", "sellingGeneralAndAdministrative": "1809000000", "researchAndDevelopment": "649000000", "operatingExpenses": "2458000000", "investmentIncomeNet": "None", "netInterestIncome": "None", "interestIncome": "None", "interestExpense": "86000000", "nonInterestIncome": "None", "otherNonOperatingIncome": "47000000", "depreciation": "None", "depreciationAndAmortization": "253000000", "incomeBeforeTax": "1032000000", "incomeTaxExpense": "20000000", "interestAndDebtExpense": "None", "netIncomeFromContinuingOperations": "1012000000", "comprehensiveIncomeNetOfTax": "None", "ebit": "1142000000", "ebitda": "1395000000", "netIncome": "1012000000"}, {"fiscalDateEnding": "2010-10-31", "reportedCurrency": "USD", "grossProfit": "2930000000", "totalRevenue": "5444000000", "costOfRevenue": "2514000000", "costofGoodsAndServicesSold": "2514000000", "operatingIncome": "566000000", "sellingGeneralAndAdministrative": "1752000000", "researchAndDevelopment": "612000000", "operatingExpenses": "2364000000", "investmentIncomeNet": "None", "netInterestIncome": "None", "interestIncome": "None", "interestExpense": "96000000", "nonInterestIncome": "None", "otherNonOperatingIncome": "222000000", "depreciation": "None", "depreciationAndAmortization": "202000000", "incomeBeforeTax": "692000000", "incomeTaxExpense": "68000000", "interestAndDebtExpense": "None", "netIncomeFromContinuingOperations": "684000000", "comprehensiveIncomeNetOfTax": "None", "ebit": "586000000", "ebitda": "788000000", "netIncome": "624000000"}, {"fiscalDateEnding": "2009-10-31", "reportedCurrency": "USD", "grossProfit": "2292000000", "totalRevenue": "4481000000", "costOfRevenue": "2189000000", "costofGoodsAndServicesSold": "2189000000", "operatingIncome": "47000000", "sellingGeneralAndAdministrative": "1603000000", "researchAndDevelopment": "642000000", "operatingExpenses": "2245000000", "investmentIncomeNet": "None", "netInterestIncome": "None", "interestIncome": "None", "interestExpense": "88000000", "nonInterestIncome": "None", "otherNonOperatingIncome": "48000000", "depreciation": "None", "depreciationAndAmortization": "162000000", "incomeBeforeTax": "7000000", "incomeTaxExpense": "38000000", "interestAndDebtExpense": "None", "netIncomeFromContinuingOperations": "-31000000", "comprehensiveIncomeNetOfTax": "None", "ebit": "95000000", "ebitda": "257000000", "netIncome": "-31000000"}, {"fiscalDateEnding": "2008-10-31", "reportedCurrency": "USD", "grossProfit": "3196000000", "totalRevenue": "5774000000", "costOfRevenue": "2578000000", "costofGoodsAndServicesSold": "2578000000", "operatingIncome": "795000000", "sellingGeneralAndAdministrative": "1697000000", "researchAndDevelopment": "704000000", "operatingExpenses": "2401000000", "investmentIncomeNet": "None", "netInterestIncome": "None", "interestIncome": "None", "interestExpense": "123000000", "nonInterestIncome": "None", "otherNonOperatingIncome": "None", "depreciation": "None", "depreciationAndAmortization": "201000000", "incomeBeforeTax": "815000000", "incomeTaxExpense": "122000000", "interestAndDebtExpense": "None", "netIncomeFromContinuingOperations": "None", "comprehensiveIncomeNetOfTax": "None", "ebit": "938000000", "ebitda": "1139000000", "netIncome": "693000000"}, {"fiscalDateEnding": "2007-10-31", "reportedCurrency": "USD", "grossProfit": "2969000000", "totalRevenue": "5420000000", "costOfRevenue": "2451000000", "costofGoodsAndServicesSold": "2451000000", "operatingIncome": "584000000", "sellingGeneralAndAdministrative": "1700000000", "researchAndDevelopment": "685000000", "operatingExpenses": "2385000000", "investmentIncomeNet": "None", "netInterestIncome": "None", "interestIncome": "None", "interestExpense": "91000000", "nonInterestIncome": "None", "otherNonOperatingIncome": "None", "depreciation": "None", "depreciationAndAmortization": "191000000", "incomeBeforeTax": "670000000", "incomeTaxExpense": "32000000", "interestAndDebtExpense": "None", "netIncomeFromContinuingOperations": "None", "comprehensiveIncomeNetOfTax": "None", "ebit": "584000000", "ebitda": "775000000", "netIncome": "638000000"}, {"fiscalDateEnding": "2006-10-31", "reportedCurrency": "USD", "grossProfit": "2658000000", "totalRevenue": "4973000000", "costOfRevenue": "2315000000", "costofGoodsAndServicesSold": "2315000000", "operatingIncome": "464000000", "sellingGeneralAndAdministrative": "1660000000", "researchAndDevelopment": "655000000", "operatingExpenses": "2194000000", "investmentIncomeNet": "None", "netInterestIncome": "None", "interestIncome": "None", "interestExpense": "3112000000", "nonInterestIncome": "None", "otherNonOperatingIncome": "None", "depreciation": "None", "depreciationAndAmortization": "170000000", "incomeBeforeTax": "627000000", "incomeTaxExpense": "91000000", "interestAndDebtExpense": "None", "netIncomeFromContinuingOperations": "None", "comprehensiveIncomeNetOfTax": "None", "ebit": "464000000", "ebitda": "634000000", "netIncome": "3307000000"}, {"fiscalDateEnding": "2005-10-31", "reportedCurrency": "USD", "grossProfit": "2522000000", "totalRevenue": "5139000000", "costOfRevenue": "2617000000", "costofGoodsAndServicesSold": "2617000000", "operatingIncome": "181000000", "sellingGeneralAndAdministrative": "1603000000", "researchAndDevelopment": "738000000", "operatingExpenses": "2341000000", "investmentIncomeNet": "None", "netInterestIncome": "None", "interestIncome": "None", "interestExpense": "374000000", "nonInterestIncome": "None", "otherNonOperatingIncome": "None", "depreciation": "None", "depreciationAndAmortization": "186000000", "incomeBeforeTax": "254000000", "incomeTaxExpense": "155000000", "interestAndDebtExpense": "None", "netIncomeFromContinuingOperations": "None", "comprehensiveIncomeNetOfTax": "None", "ebit": "210000000", "ebitda": "396000000", "netIncome": "327000000"}], "quarterlyReports": [{"fiscalDateEnding": "2025-01-31", "reportedCurrency": "USD", "grossProfit": "899000000", "totalRevenue": "1681000000", "costOfRevenue": "782000000", "costofGoodsAndServicesSold": "782000000", "operatingIncome": "376000000", "sellingGeneralAndAdministrative": "410000000", "researchAndDevelopment": "113000000", "operatingExpenses": "523000000", "investmentIncomeNet": "None", "netInterestIncome": "-13000000", "interestIncome": "15000000", "interestExpense": "28000000", "nonInterestIncome": "None", "otherNonOperatingIncome": "None", "depreciation": "None", "depreciationAndAmortization": "72000000", "incomeBeforeTax": "367000000", "incomeTaxExpense": "49000000", "interestAndDebtExpense": "None", "netIncomeFromContinuingOperations": "318000000", "comprehensiveIncomeNetOfTax": "None", "ebit": "395000000", "ebitda": "467000000", "netIncome": "318000000"}, {"fiscalDateEnding": "2024-10-31", "reportedCurrency": "USD", "grossProfit": "916000000", "totalRevenue": "1701000000", "costOfRevenue": "785000000", "costofGoodsAndServicesSold": "785000000", "operatingIncome": "408000000", "sellingGeneralAndAdministrative": "397000000", "researchAndDevelopment": "111000000", "operatingExpenses": "508000000", "investmentIncomeNet": "None", "netInterestIncome": "-8000000", "interestIncome": "24000000", "interestExpense": "32000000", "nonInterestIncome": "None", "otherNonOperatingIncome": "None", "depreciation": "None", "depreciationAndAmortization": "None", "incomeBeforeTax": "401000000", "incomeTaxExpense": "50000000", "interestAndDebtExpense": "None", "netIncomeFromContinuingOperations": "351000000", "comprehensiveIncomeNetOfTax": "None", "ebit": "None", "ebitda": "408000000", "netIncome": "351000000"}, {"fiscalDateEnding": "2024-07-31", "reportedCurrency": "USD", "grossProfit": "855000000", "totalRevenue": "1578000000", "costOfRevenue": "723000000", "costofGoodsAndServicesSold": "723000000", "operatingIncome": "333000000", "sellingGeneralAndAdministrative": "395000000", "researchAndDevelopment": "127000000", "operatingExpenses": "522000000", "investmentIncomeNet": "None", "netInterestIncome": "-3000000", "interestIncome": "19000000", "interestExpense": "22000000", "nonInterestIncome": "None", "otherNonOperatingIncome": "None", "depreciation": "None", "depreciationAndAmortization": "63000000", "incomeBeforeTax": "343000000", "incomeTaxExpense": "61000000", "interestAndDebtExpense": "None", "netIncomeFromContinuingOperations": "282000000", "comprehensiveIncomeNetOfTax": "None", "ebit": "365000000", "ebitda": "428000000", "netIncome": "282000000"}, {"fiscalDateEnding": "2024-04-30", "reportedCurrency": "USD", "grossProfit": "856000000", "totalRevenue": "1573000000", "costOfRevenue": "717000000", "costofGoodsAndServicesSold": "717000000", "operatingIncome": "363000000", "sellingGeneralAndAdministrative": "380000000", "researchAndDevelopment": "113000000", "operatingExpenses": "493000000", "investmentIncomeNet": "None", "netInterestIncome": "-1000000", "interestIncome": "19000000", "interestExpense": "20000000", "nonInterestIncome": "None", "otherNonOperatingIncome": "None", "depreciation": "None", "depreciationAndAmortization": "63000000", "incomeBeforeTax": "374000000", "incomeTaxExpense": "66000000", "interestAndDebtExpense": "None", "netIncomeFromContinuingOperations": "308000000", "comprehensiveIncomeNetOfTax": "None", "ebit": "373000000", "ebitda": "436000000", "netIncome": "308000000"}, {"fiscalDateEnding": "2024-01-31", "reportedCurrency": "USD", "grossProfit": "913000000", "totalRevenue": "1658000000", "costOfRevenue": "745000000", "costofGoodsAndServicesSold": "745000000", "operatingIncome": "400000000", "sellingGeneralAndAdministrative": "396000000", "researchAndDevelopment": "120000000", "operatingExpenses": "513000000", "investmentIncomeNet": "None", "netInterestIncome": "-4000000", "interestIncome": "18000000", "interestExpense": "22000000", "nonInterestIncome": "None", "otherNonOperatingIncome": "None", "depreciation": "None", "depreciationAndAmortization": "62000000", "incomeBeforeTax": "403000000", "incomeTaxExpense": "55000000", "interestAndDebtExpense": "None", "netIncomeFromContinuingOperations": "348000000", "comprehensiveIncomeNetOfTax": "None", "ebit": "399000000", "ebitda": "461000000", "netIncome": "348000000"}, {"fiscalDateEnding": "2023-10-31", "reportedCurrency": "USD", "grossProfit": "915000000", "totalRevenue": "1688000000", "costOfRevenue": "773000000", "costofGoodsAndServicesSold": "773000000", "operatingIncome": "408000000", "sellingGeneralAndAdministrative": "393000000", "researchAndDevelopment": "114000000", "operatingExpenses": "507000000", "investmentIncomeNet": "None", "netInterestIncome": "-5000000", "interestIncome": "17000000", "interestExpense": "22000000", "nonInterestIncome": "None", "otherNonOperatingIncome": "None", "depreciation": "None", "depreciationAndAmortization": "62000000", "incomeBeforeTax": "420000000", "incomeTaxExpense": "-55000000", "interestAndDebtExpense": "None", "netIncomeFromContinuingOperations": "475000000", "comprehensiveIncomeNetOfTax": "None", "ebit": "453000000", "ebitda": "515000000", "netIncome": "475000000"}, {"fiscalDateEnding": "2023-07-31", "reportedCurrency": "USD", "grossProfit": "658000000", "totalRevenue": "1672000000", "costOfRevenue": "1014000000", "costofGoodsAndServicesSold": "1014000000", "operatingIncome": "133000000", "sellingGeneralAndAdministrative": "407000000", "researchAndDevelopment": "118000000", "operatingExpenses": "525000000", "investmentIncomeNet": "None", "netInterestIncome": "-11000000", "interestIncome": "13000000", "interestExpense": "24000000", "nonInterestIncome": "None", "otherNonOperatingIncome": "None", "depreciation": "None", "depreciationAndAmortization": "71000000", "incomeBeforeTax": "132000000", "incomeTaxExpense": "21000000", "interestAndDebtExpense": "None", "netIncomeFromContinuingOperations": "111000000", "comprehensiveIncomeNetOfTax": "None", "ebit": "156000000", "ebitda": "227000000", "netIncome": "111000000"}, {"fiscalDateEnding": "2023-04-30", "reportedCurrency": "USD", "grossProfit": "924000000", "totalRevenue": "1717000000", "costOfRevenue": "793000000", "costofGoodsAndServicesSold": "793000000", "operatingIncome": "383000000", "sellingGeneralAndAdministrative": "415000000", "researchAndDevelopment": "126000000", "operatingExpenses": "541000000", "investmentIncomeNet": "None", "netInterestIncome": "-12000000", "interestIncome": "12000000", "interestExpense": "24000000", "nonInterestIncome": "None", "otherNonOperatingIncome": "18000000", "depreciation": "None", "depreciationAndAmortization": "71000000", "incomeBeforeTax": "377000000", "incomeTaxExpense": "75000000", "interestAndDebtExpense": "None", "netIncomeFromContinuingOperations": "302000000", "comprehensiveIncomeNetOfTax": "None", "ebit": "391000000", "ebitda": "462000000", "netIncome": "302000000"}, {"fiscalDateEnding": "2023-01-31", "reportedCurrency": "USD", "grossProfit": "968000000", "totalRevenue": "1756000000", "costOfRevenue": "788000000", "costofGoodsAndServicesSold": "788000000", "operatingIncome": "426000000", "sellingGeneralAndAdministrative": "419000000", "researchAndDevelopment": "123000000", "operatingExpenses": "542000000", "investmentIncomeNet": "None", "netInterestIncome": "-16000000", "interestIncome": "9000000", "interestExpense": "25000000", "nonInterestIncome": "None", "otherNonOperatingIncome": "9000000", "depreciation": "None", "depreciationAndAmortization": "67000000", "incomeBeforeTax": "410000000", "incomeTaxExpense": "58000000", "interestAndDebtExpense": "None", "netIncomeFromContinuingOperations": "352000000", "comprehensiveIncomeNetOfTax": "None", "ebit": "435000000", "ebitda": "502000000", "netIncome": "352000000"}, {"fiscalDateEnding": "2022-10-31", "reportedCurrency": "USD", "grossProfit": "1012000000", "totalRevenue": "1849000000", "costOfRevenue": "837000000", "costofGoodsAndServicesSold": "837000000", "operatingIncome": "471000000", "sellingGeneralAndAdministrative": "422000000", "researchAndDevelopment": "119000000", "operatingExpenses": "541000000", "investmentIncomeNet": "None", "netInterestIncome": "-18000000", "interestIncome": "5000000", "interestExpense": "23000000", "nonInterestIncome": "None", "otherNonOperatingIncome": "None", "depreciation": "None", "depreciationAndAmortization": "73000000", "incomeBeforeTax": "455000000", "incomeTaxExpense": "87000000", "interestAndDebtExpense": "None", "netIncomeFromContinuingOperations": "368000000", "comprehensiveIncomeNetOfTax": "None", "ebit": "534000000", "ebitda": "607000000", "netIncome": "368000000"}, {"fiscalDateEnding": "2022-07-31", "reportedCurrency": "USD", "grossProfit": "939000000", "totalRevenue": "1718000000", "costOfRevenue": "779000000", "costofGoodsAndServicesSold": "779000000", "operatingIncome": "411000000", "sellingGeneralAndAdministrative": "412000000", "researchAndDevelopment": "116000000", "operatingExpenses": "528000000", "investmentIncomeNet": "None", "netInterestIncome": "-17000000", "interestIncome": "2000000", "interestExpense": "19000000", "nonInterestIncome": "None", "otherNonOperatingIncome": "5000000", "depreciation": "None", "depreciationAndAmortization": "85000000", "incomeBeforeTax": "397000000", "incomeTaxExpense": "68000000", "interestAndDebtExpense": "None", "netIncomeFromContinuingOperations": "329000000", "comprehensiveIncomeNetOfTax": "None", "ebit": "412000000", "ebitda": "497000000", "netIncome": "329000000"}, {"fiscalDateEnding": "2022-04-30", "reportedCurrency": "USD", "grossProfit": "861000000", "totalRevenue": "1607000000", "costOfRevenue": "746000000", "costofGoodsAndServicesSold": "746000000", "operatingIncome": "360000000", "sellingGeneralAndAdministrative": "386000000", "researchAndDevelopment": "115000000", "operatingExpenses": "501000000", "investmentIncomeNet": "None", "netInterestIncome": "-20000000", "interestIncome": "1000000", "interestExpense": "21000000", "nonInterestIncome": "None", "otherNonOperatingIncome": "None", "depreciation": "None", "depreciationAndAmortization": "76000000", "incomeBeforeTax": "333000000", "incomeTaxExpense": "59000000", "interestAndDebtExpense": "None", "netIncomeFromContinuingOperations": "274000000", "comprehensiveIncomeNetOfTax": "None", "ebit": "360000000", "ebitda": "436000000", "netIncome": "274000000"}, {"fiscalDateEnding": "2022-01-31", "reportedCurrency": "USD", "grossProfit": "910000000", "totalRevenue": "1674000000", "costOfRevenue": "764000000", "costofGoodsAndServicesSold": "764000000", "operatingIncome": "376000000", "sellingGeneralAndAdministrative": "417000000", "researchAndDevelopment": "117000000", "operatingExpenses": "534000000", "investmentIncomeNet": "None", "netInterestIncome": "-20000000", "interestIncome": "1000000", "interestExpense": "21000000", "nonInterestIncome": "None", "otherNonOperatingIncome": "-36000000", "depreciation": "None", "depreciationAndAmortization": "82000000", "incomeBeforeTax": "319000000", "incomeTaxExpense": "36000000", "interestAndDebtExpense": "None", "netIncomeFromContinuingOperations": "283000000", "comprehensiveIncomeNetOfTax": "None", "ebit": "340000000", "ebitda": "422000000", "netIncome": "283000000"}, {"fiscalDateEnding": "2021-10-31", "reportedCurrency": "USD", "grossProfit": "900000000", "totalRevenue": "1660000000", "costOfRevenue": "760000000", "costofGoodsAndServicesSold": "760000000", "operatingIncome": "395000000", "sellingGeneralAndAdministrative": "389000000", "researchAndDevelopment": "116000000", "operatingExpenses": "505000000", "investmentIncomeNet": "None", "netInterestIncome": "-20000000", "interestIncome": "20000000", "interestExpense": "21000000", "nonInterestIncome": "None", "otherNonOperatingIncome": "None", "depreciation": "None", "depreciationAndAmortization": "84000000", "incomeBeforeTax": "448000000", "incomeTaxExpense": "6000000", "interestAndDebtExpense": "None", "netIncomeFromContinuingOperations": "442000000", "comprehensiveIncomeNetOfTax": "None", "ebit": "469000000", "ebitda": "553000000", "netIncome": "442000000"}, {"fiscalDateEnding": "2021-07-31", "reportedCurrency": "USD", "grossProfit": "852000000", "totalRevenue": "1586000000", "costOfRevenue": "734000000", "costofGoodsAndServicesSold": "734000000", "operatingIncome": "336000000", "sellingGeneralAndAdministrative": "403000000", "researchAndDevelopment": "113000000", "operatingExpenses": "516000000", "investmentIncomeNet": "None", "netInterestIncome": "-21000000", "interestIncome": "21000000", "interestExpense": "21000000", "nonInterestIncome": "None", "otherNonOperatingIncome": "12000000", "depreciation": "None", "depreciationAndAmortization": "84000000", "incomeBeforeTax": "327000000", "incomeTaxExpense": "63000000", "interestAndDebtExpense": "None", "netIncomeFromContinuingOperations": "264000000", "comprehensiveIncomeNetOfTax": "None", "ebit": "337000000", "ebitda": "421000000", "netIncome": "264000000"}, {"fiscalDateEnding": "2021-04-30", "reportedCurrency": "USD", "grossProfit": "817000000", "totalRevenue": "1525000000", "costOfRevenue": "708000000", "costofGoodsAndServicesSold": "708000000", "operatingIncome": "288000000", "sellingGeneralAndAdministrative": "420000000", "researchAndDevelopment": "109000000", "operatingExpenses": "529000000", "investmentIncomeNet": "None", "netInterestIncome": "-19000000", "interestIncome": "1000000", "interestExpense": "20000000", "nonInterestIncome": "None", "otherNonOperatingIncome": "None", "depreciation": "None", "depreciationAndAmortization": "77000000", "incomeBeforeTax": "273000000", "incomeTaxExpense": "57000000", "interestAndDebtExpense": "None", "netIncomeFromContinuingOperations": "216000000", "comprehensiveIncomeNetOfTax": "None", "ebit": "293000000", "ebitda": "370000000", "netIncome": "216000000"}, {"fiscalDateEnding": "2021-01-31", "reportedCurrency": "USD", "grossProfit": "838000000", "totalRevenue": "1548000000", "costOfRevenue": "710000000", "costofGoodsAndServicesSold": "710000000", "operatingIncome": "328000000", "sellingGeneralAndAdministrative": "407000000", "researchAndDevelopment": "103000000", "operatingExpenses": "510000000", "investmentIncomeNet": "None", "netInterestIncome": "-19000000", "interestIncome": "19000000", "interestExpense": "19000000", "nonInterestIncome": "None", "otherNonOperatingIncome": "3000000", "depreciation": "None", "depreciationAndAmortization": "76000000", "incomeBeforeTax": "312000000", "incomeTaxExpense": "24000000", "interestAndDebtExpense": "None", "netIncomeFromContinuingOperations": "288000000", "comprehensiveIncomeNetOfTax": "None", "ebit": "331000000", "ebitda": "407000000", "netIncome": "288000000"}, {"fiscalDateEnding": "2020-10-31", "reportedCurrency": "USD", "grossProfit": "788000000", "totalRevenue": "1483000000", "costOfRevenue": "695000000", "costofGoodsAndServicesSold": "695000000", "operatingIncome": "299000000", "sellingGeneralAndAdministrative": "387000000", "researchAndDevelopment": "102000000", "operatingExpenses": "489000000", "investmentIncomeNet": "None", "netInterestIncome": "-18000000", "interestIncome": "18000000", "interestExpense": "19000000", "nonInterestIncome": "None", "otherNonOperatingIncome": "3000000", "depreciation": "None", "depreciationAndAmortization": "76000000", "incomeBeforeTax": "283000000", "incomeTaxExpense": "61000000", "interestAndDebtExpense": "None", "netIncomeFromContinuingOperations": "222000000", "comprehensiveIncomeNetOfTax": "None", "ebit": "302000000", "ebitda": "378000000", "netIncome": "222000000"}, {"fiscalDateEnding": "2020-07-31", "reportedCurrency": "USD", "grossProfit": "669000000", "totalRevenue": "1261000000", "costOfRevenue": "592000000", "costofGoodsAndServicesSold": "592000000", "operatingIncome": "230000000", "sellingGeneralAndAdministrative": "347000000", "researchAndDevelopment": "92000000", "operatingExpenses": "439000000", "investmentIncomeNet": "None", "netInterestIncome": "-18000000", "interestIncome": "9000000", "interestExpense": "19000000", "nonInterestIncome": "None", "otherNonOperatingIncome": "8000000", "depreciation": "None", "depreciationAndAmortization": "77000000", "incomeBeforeTax": "219000000", "incomeTaxExpense": "20000000", "interestAndDebtExpense": "None", "netIncomeFromContinuingOperations": "199000000", "comprehensiveIncomeNetOfTax": "None", "ebit": "238000000", "ebitda": "315000000", "netIncome": "199000000"}, {"fiscalDateEnding": "2020-04-30", "reportedCurrency": "USD", "grossProfit": "657000000", "totalRevenue": "1238000000", "costOfRevenue": "581000000", "costofGoodsAndServicesSold": "581000000", "operatingIncome": "102000000", "sellingGeneralAndAdministrative": "358000000", "researchAndDevelopment": "197000000", "operatingExpenses": "555000000", "investmentIncomeNet": "None", "netInterestIncome": "-17000000", "interestIncome": "3000000", "interestExpense": "20000000", "nonInterestIncome": "None", "otherNonOperatingIncome": "39000000", "depreciation": "None", "depreciationAndAmortization": "76000000", "incomeBeforeTax": "121000000", "incomeTaxExpense": "20000000", "interestAndDebtExpense": "None", "netIncomeFromContinuingOperations": "101000000", "comprehensiveIncomeNetOfTax": "None", "ebit": "201000000", "ebitda": "277000000", "netIncome": "101000000"}, {"fiscalDateEnding": "2020-01-31", "reportedCurrency": "USD", "grossProfit": "723000000", "totalRevenue": "1357000000", "costOfRevenue": "634000000", "costofGoodsAndServicesSold": "634000000", "operatingIncome": "215000000", "sellingGeneralAndAdministrative": "404000000", "researchAndDevelopment": "104000000", "operatingExpenses": "508000000", "investmentIncomeNet": "None", "netInterestIncome": "-17000000", "interestIncome": "3000000", "interestExpense": "20000000", "nonInterestIncome": "None", "otherNonOperatingIncome": "24000000", "depreciation": "None", "depreciationAndAmortization": "79000000", "incomeBeforeTax": "219000000", "incomeTaxExpense": "22000000", "interestAndDebtExpense": "None", "netIncomeFromContinuingOperations": "197000000", "comprehensiveIncomeNetOfTax": "None", "ebit": "239000000", "ebitda": "318000000", "netIncome": "197000000"}, {"fiscalDateEnding": "2019-10-31", "reportedCurrency": "USD", "grossProfit": "737000000", "totalRevenue": "1367000000", "costOfRevenue": "630000000", "costofGoodsAndServicesSold": "630000000", "operatingIncome": "250000000", "sellingGeneralAndAdministrative": "385000000", "researchAndDevelopment": "102000000", "operatingExpenses": "487000000", "investmentIncomeNet": "None", "netInterestIncome": "-15000000", "interestIncome": "6000000", "interestExpense": "21000000", "nonInterestIncome": "None", "otherNonOperatingIncome": "2000000", "depreciation": "None", "depreciationAndAmortization": "76000000", "incomeBeforeTax": "231000000", "incomeTaxExpense": "37000000", "interestAndDebtExpense": "None", "netIncomeFromContinuingOperations": "194000000", "comprehensiveIncomeNetOfTax": "None", "ebit": "252000000", "ebitda": "328000000", "netIncome": "194000000"}, {"fiscalDateEnding": "2019-07-31", "reportedCurrency": "USD", "grossProfit": "692000000", "totalRevenue": "1274000000", "costOfRevenue": "582000000", "costofGoodsAndServicesSold": "582000000", "operatingIncome": "225000000", "sellingGeneralAndAdministrative": "366000000", "researchAndDevelopment": "101000000", "operatingExpenses": "467000000", "investmentIncomeNet": "None", "netInterestIncome": "-8000000", "interestIncome": "10000000", "interestExpense": "18000000", "nonInterestIncome": "None", "otherNonOperatingIncome": "15000000", "depreciation": "None", "depreciationAndAmortization": "55000000", "incomeBeforeTax": "222000000", "incomeTaxExpense": "31000000", "interestAndDebtExpense": "None", "netIncomeFromContinuingOperations": "191000000", "comprehensiveIncomeNetOfTax": "None", "ebit": "240000000", "ebitda": "295000000", "netIncome": "191000000"}, {"fiscalDateEnding": "2019-04-30", "reportedCurrency": "USD", "grossProfit": "669000000", "totalRevenue": "1238000000", "costOfRevenue": "569000000", "costofGoodsAndServicesSold": "569000000", "operatingIncome": "216000000", "sellingGeneralAndAdministrative": "354000000", "researchAndDevelopment": "99000000", "operatingExpenses": "453000000", "investmentIncomeNet": "None", "netInterestIncome": "-7000000", "interestIncome": "6000000", "interestExpense": "17000000", "nonInterestIncome": "None", "otherNonOperatingIncome": "19000000", "depreciation": "None", "depreciationAndAmortization": "53000000", "incomeBeforeTax": "218000000", "incomeTaxExpense": "36000000", "interestAndDebtExpense": "None", "netIncomeFromContinuingOperations": "182000000", "comprehensiveIncomeNetOfTax": "None", "ebit": "235000000", "ebitda": "288000000", "netIncome": "182000000"}, {"fiscalDateEnding": "2019-01-31", "reportedCurrency": "USD", "grossProfit": "707000000", "totalRevenue": "1284000000", "costOfRevenue": "577000000", "costofGoodsAndServicesSold": "577000000", "operatingIncome": "250000000", "sellingGeneralAndAdministrative": "355000000", "researchAndDevelopment": "102000000", "operatingExpenses": "457000000", "investmentIncomeNet": "None", "netInterestIncome": "None", "interestIncome": "None", "interestExpense": "18000000", "nonInterestIncome": "None", "otherNonOperatingIncome": "16000000", "depreciation": "None", "depreciationAndAmortization": "54000000", "incomeBeforeTax": "248000000", "incomeTaxExpense": "-256000000", "interestAndDebtExpense": "None", "netIncomeFromContinuingOperations": "504000000", "comprehensiveIncomeNetOfTax": "None", "ebit": "266000000", "ebitda": "320000000", "netIncome": "504000000"}, {"fiscalDateEnding": "2018-10-31", "reportedCurrency": "USD", "grossProfit": "709000000", "totalRevenue": "1294000000", "costOfRevenue": "585000000", "costofGoodsAndServicesSold": "585000000", "operatingIncome": "249000000", "sellingGeneralAndAdministrative": "356000000", "researchAndDevelopment": "104000000", "operatingExpenses": "460000000", "investmentIncomeNet": "None", "netInterestIncome": "None", "interestIncome": "None", "interestExpense": "18000000", "nonInterestIncome": "None", "otherNonOperatingIncome": "13000000", "depreciation": "None", "depreciationAndAmortization": "56000000", "incomeBeforeTax": "244000000", "incomeTaxExpense": "49000000", "interestAndDebtExpense": "None", "netIncomeFromContinuingOperations": "195000000", "comprehensiveIncomeNetOfTax": "None", "ebit": "304000000", "ebitda": "360000000", "netIncome": "195000000"}, {"fiscalDateEnding": "2018-07-31", "reportedCurrency": "USD", "grossProfit": "661000000", "totalRevenue": "1203000000", "costOfRevenue": "542000000", "costofGoodsAndServicesSold": "542000000", "operatingIncome": "225000000", "sellingGeneralAndAdministrative": "339000000", "researchAndDevelopment": "97000000", "operatingExpenses": "436000000", "investmentIncomeNet": "None", "netInterestIncome": "None", "interestIncome": "None", "interestExpense": "18000000", "nonInterestIncome": "None", "otherNonOperatingIncome": "35000000", "depreciation": "None", "depreciationAndAmortization": "53000000", "incomeBeforeTax": "242000000", "incomeTaxExpense": "6000000", "interestAndDebtExpense": "None", "netIncomeFromContinuingOperations": "236000000", "comprehensiveIncomeNetOfTax": "None", "ebit": "260000000", "ebitda": "313000000", "netIncome": "236000000"}, {"fiscalDateEnding": "2018-04-30", "reportedCurrency": "USD", "grossProfit": "644000000", "totalRevenue": "1206000000", "costOfRevenue": "562000000", "costofGoodsAndServicesSold": "562000000", "operatingIncome": "215000000", "sellingGeneralAndAdministrative": "338000000", "researchAndDevelopment": "91000000", "operatingExpenses": "429000000", "investmentIncomeNet": "None", "netInterestIncome": "None", "interestIncome": "None", "interestExpense": "19000000", "nonInterestIncome": "None", "otherNonOperatingIncome": "31000000", "depreciation": "None", "depreciationAndAmortization": "50000000", "incomeBeforeTax": "227000000", "incomeTaxExpense": "22000000", "interestAndDebtExpense": "None", "netIncomeFromContinuingOperations": "205000000", "comprehensiveIncomeNetOfTax": "None", "ebit": "246000000", "ebitda": "296000000", "netIncome": "205000000"}, {"fiscalDateEnding": "2018-01-31", "reportedCurrency": "USD", "grossProfit": "673000000", "totalRevenue": "1211000000", "costOfRevenue": "538000000", "costofGoodsAndServicesSold": "538000000", "operatingIncome": "239000000", "sellingGeneralAndAdministrative": "341000000", "researchAndDevelopment": "93000000", "operatingExpenses": "434000000", "investmentIncomeNet": "None", "netInterestIncome": "None", "interestIncome": "None", "interestExpense": "20000000", "nonInterestIncome": "None", "otherNonOperatingIncome": "14000000", "depreciation": "None", "depreciationAndAmortization": "51000000", "incomeBeforeTax": "233000000", "incomeTaxExpense": "553000000", "interestAndDebtExpense": "None", "netIncomeFromContinuingOperations": "-320000000", "comprehensiveIncomeNetOfTax": "None", "ebit": "253000000", "ebitda": "304000000", "netIncome": "-320000000"}, {"fiscalDateEnding": "2017-10-31", "reportedCurrency": "USD", "grossProfit": "647000000", "totalRevenue": "1189000000", "costOfRevenue": "542000000", "costofGoodsAndServicesSold": "542000000", "operatingIncome": "233000000", "sellingGeneralAndAdministrative": "325000000", "researchAndDevelopment": "89000000", "operatingExpenses": "414000000", "investmentIncomeNet": "None", "netInterestIncome": "None", "interestIncome": "None", "interestExpense": "20000000", "nonInterestIncome": "None", "otherNonOperatingIncome": "13000000", "depreciation": "None", "depreciationAndAmortization": "52000000", "incomeBeforeTax": "226000000", "incomeTaxExpense": "49000000", "interestAndDebtExpense": "None", "netIncomeFromContinuingOperations": "177000000", "comprehensiveIncomeNetOfTax": "None", "ebit": "246000000", "ebitda": "298000000", "netIncome": "177000000"}, {"fiscalDateEnding": "2017-07-31", "reportedCurrency": "USD", "grossProfit": "596000000", "totalRevenue": "1114000000", "costOfRevenue": "518000000", "costofGoodsAndServicesSold": "518000000", "operatingIncome": "201000000", "sellingGeneralAndAdministrative": "308000000", "researchAndDevelopment": "87000000", "operatingExpenses": "395000000", "investmentIncomeNet": "None", "netInterestIncome": "None", "interestIncome": "None", "interestExpense": "19000000", "nonInterestIncome": "None", "otherNonOperatingIncome": "11000000", "depreciation": "None", "depreciationAndAmortization": "51000000", "incomeBeforeTax": "193000000", "incomeTaxExpense": "18000000", "interestAndDebtExpense": "None", "netIncomeFromContinuingOperations": "175000000", "comprehensiveIncomeNetOfTax": "None", "ebit": "212000000", "ebitda": "263000000", "netIncome": "175000000"}, {"fiscalDateEnding": "2017-04-30", "reportedCurrency": "USD", "grossProfit": "592000000", "totalRevenue": "1102000000", "costOfRevenue": "510000000", "costofGoodsAndServicesSold": "510000000", "operatingIncome": "201000000", "sellingGeneralAndAdministrative": "307000000", "researchAndDevelopment": "84000000", "operatingExpenses": "391000000", "investmentIncomeNet": "None", "netInterestIncome": "None", "interestIncome": "None", "interestExpense": "20000000", "nonInterestIncome": "None", "otherNonOperatingIncome": "10000000", "depreciation": "None", "depreciationAndAmortization": "54000000", "incomeBeforeTax": "191000000", "incomeTaxExpense": "27000000", "interestAndDebtExpense": "None", "netIncomeFromContinuingOperations": "164000000", "comprehensiveIncomeNetOfTax": "None", "ebit": "211000000", "ebitda": "265000000", "netIncome": "164000000"}, {"fiscalDateEnding": "2017-01-31", "reportedCurrency": "USD", "grossProfit": "574000000", "totalRevenue": "1067000000", "costOfRevenue": "493000000", "costofGoodsAndServicesSold": "493000000", "operatingIncome": "206000000", "sellingGeneralAndAdministrative": "289000000", "researchAndDevelopment": "79000000", "operatingExpenses": "368000000", "investmentIncomeNet": "None", "netInterestIncome": "None", "interestIncome": "None", "interestExpense": "20000000", "nonInterestIncome": "None", "otherNonOperatingIncome": "7000000", "depreciation": "None", "depreciationAndAmortization": "55000000", "incomeBeforeTax": "193000000", "incomeTaxExpense": "25000000", "interestAndDebtExpense": "None", "netIncomeFromContinuingOperations": "168000000", "comprehensiveIncomeNetOfTax": "None", "ebit": "213000000", "ebitda": "268000000", "netIncome": "168000000"}, {"fiscalDateEnding": "2016-10-31", "reportedCurrency": "USD", "grossProfit": "588000000", "totalRevenue": "1111000000", "costOfRevenue": "523000000", "costofGoodsAndServicesSold": "523000000", "operatingIncome": "183000000", "sellingGeneralAndAdministrative": "321000000", "researchAndDevelopment": "84000000", "operatingExpenses": "405000000", "investmentIncomeNet": "None", "netInterestIncome": "None", "interestIncome": "None", "interestExpense": "19000000", "nonInterestIncome": "None", "otherNonOperatingIncome": "-13000000", "depreciation": "None", "depreciationAndAmortization": "56000000", "incomeBeforeTax": "151000000", "incomeTaxExpense": "27000000", "interestAndDebtExpense": "None", "netIncomeFromContinuingOperations": "124000000", "comprehensiveIncomeNetOfTax": "None", "ebit": "170000000", "ebitda": "226000000", "netIncome": "124000000"}, {"fiscalDateEnding": "2016-07-31", "reportedCurrency": "USD", "grossProfit": "542000000", "totalRevenue": "1044000000", "costOfRevenue": "502000000", "costofGoodsAndServicesSold": "502000000", "operatingIncome": "146000000", "sellingGeneralAndAdministrative": "310000000", "researchAndDevelopment": "86000000", "operatingExpenses": "396000000", "investmentIncomeNet": "None", "netInterestIncome": "None", "interestIncome": "None", "interestExpense": "17000000", "nonInterestIncome": "None", "otherNonOperatingIncome": "5000000", "depreciation": "None", "depreciationAndAmortization": "60000000", "incomeBeforeTax": "134000000", "incomeTaxExpense": "10000000", "interestAndDebtExpense": "None", "netIncomeFromContinuingOperations": "124000000", "comprehensiveIncomeNetOfTax": "None", "ebit": "168000000", "ebitda": "228000000", "netIncome": "124000000"}, {"fiscalDateEnding": "2016-04-30", "reportedCurrency": "USD", "grossProfit": "530000000", "totalRevenue": "1019000000", "costOfRevenue": "489000000", "costofGoodsAndServicesSold": "489000000", "operatingIncome": "131000000", "sellingGeneralAndAdministrative": "318000000", "researchAndDevelopment": "81000000", "operatingExpenses": "399000000", "investmentIncomeNet": "None", "netInterestIncome": "None", "interestIncome": "None", "interestExpense": "18000000", "nonInterestIncome": "None", "otherNonOperatingIncome": "4000000", "depreciation": "None", "depreciationAndAmortization": "64000000", "incomeBeforeTax": "117000000", "incomeTaxExpense": "26000000", "interestAndDebtExpense": "None", "netIncomeFromContinuingOperations": "91000000", "comprehensiveIncomeNetOfTax": "None", "ebit": "141000000", "ebitda": "205000000", "netIncome": "91000000"}, {"fiscalDateEnding": "2016-01-31", "reportedCurrency": "USD", "grossProfit": "537000000", "totalRevenue": "1028000000", "costOfRevenue": "491000000", "costofGoodsAndServicesSold": "491000000", "operatingIncome": "155000000", "sellingGeneralAndAdministrative": "304000000", "researchAndDevelopment": "78000000", "operatingExpenses": "382000000", "investmentIncomeNet": "None", "netInterestIncome": "None", "interestIncome": "None", "interestExpense": "18000000", "nonInterestIncome": "None", "otherNonOperatingIncome": "5000000", "depreciation": "None", "depreciationAndAmortization": "66000000", "incomeBeforeTax": "142000000", "incomeTaxExpense": "19000000", "interestAndDebtExpense": "None", "netIncomeFromContinuingOperations": "123000000", "comprehensiveIncomeNetOfTax": "None", "ebit": "155000000", "ebitda": "221000000", "netIncome": "123000000"}, {"fiscalDateEnding": "2015-10-31", "reportedCurrency": "USD", "grossProfit": "535000000", "totalRevenue": "1035000000", "costOfRevenue": "500000000", "costofGoodsAndServicesSold": "500000000", "operatingIncome": "156000000", "sellingGeneralAndAdministrative": "297000000", "researchAndDevelopment": "82000000", "operatingExpenses": "379000000", "investmentIncomeNet": "None", "netInterestIncome": "None", "interestIncome": "None", "interestExpense": "16000000", "nonInterestIncome": "None", "otherNonOperatingIncome": "3000000", "depreciation": "None", "depreciationAndAmortization": "60000000", "incomeBeforeTax": "143000000", "incomeTaxExpense": "3000000", "interestAndDebtExpense": "None", "netIncomeFromContinuingOperations": "143000000", "comprehensiveIncomeNetOfTax": "None", "ebit": "172000000", "ebitda": "232000000", "netIncome": "140000000"}, {"fiscalDateEnding": "2015-07-31", "reportedCurrency": "USD", "grossProfit": "513000000", "totalRevenue": "1014000000", "costOfRevenue": "501000000", "costofGoodsAndServicesSold": "501000000", "operatingIncome": "144000000", "sellingGeneralAndAdministrative": "290000000", "researchAndDevelopment": "79000000", "operatingExpenses": "369000000", "investmentIncomeNet": "None", "netInterestIncome": "None", "interestIncome": "None", "interestExpense": "17000000", "nonInterestIncome": "None", "otherNonOperatingIncome": "1000000", "depreciation": "None", "depreciationAndAmortization": "62000000", "incomeBeforeTax": "128000000", "incomeTaxExpense": "23000000", "interestAndDebtExpense": "None", "netIncomeFromContinuingOperations": "105000000", "comprehensiveIncomeNetOfTax": "None", "ebit": "144000000", "ebitda": "206000000", "netIncome": "103000000"}, {"fiscalDateEnding": "2015-04-30", "reportedCurrency": "USD", "grossProfit": "480000000", "totalRevenue": "963000000", "costOfRevenue": "483000000", "costofGoodsAndServicesSold": "483000000", "operatingIncome": "107000000", "sellingGeneralAndAdministrative": "292000000", "researchAndDevelopment": "81000000", "operatingExpenses": "373000000", "investmentIncomeNet": "None", "netInterestIncome": "None", "interestIncome": "None", "interestExpense": "17000000", "nonInterestIncome": "None", "otherNonOperatingIncome": "6000000", "depreciation": "None", "depreciationAndAmortization": "63000000", "incomeBeforeTax": "96000000", "incomeTaxExpense": "8000000", "interestAndDebtExpense": "None", "netIncomeFromContinuingOperations": "88000000", "comprehensiveIncomeNetOfTax": "None", "ebit": "107000000", "ebitda": "170000000", "netIncome": "83000000"}, {"fiscalDateEnding": "2015-01-31", "reportedCurrency": "USD", "grossProfit": "513000000", "totalRevenue": "1026000000", "costOfRevenue": "513000000", "costofGoodsAndServicesSold": "513000000", "operatingIncome": "115000000", "sellingGeneralAndAdministrative": "310000000", "researchAndDevelopment": "88000000", "operatingExpenses": "398000000", "investmentIncomeNet": "None", "netInterestIncome": "None", "interestIncome": "None", "interestExpense": "16000000", "nonInterestIncome": "None", "otherNonOperatingIncome": "14000000", "depreciation": "None", "depreciationAndAmortization": "68000000", "incomeBeforeTax": "113000000", "incomeTaxExpense": "11000000", "interestAndDebtExpense": "None", "netIncomeFromContinuingOperations": "102000000", "comprehensiveIncomeNetOfTax": "None", "ebit": "115000000", "ebitda": "183000000", "netIncome": "72000000"}, {"fiscalDateEnding": "2014-10-31", "reportedCurrency": "USD", "grossProfit": "897000000", "totalRevenue": "1805000000", "costOfRevenue": "908000000", "costofGoodsAndServicesSold": "908000000", "operatingIncome": "174000000", "sellingGeneralAndAdministrative": "488000000", "researchAndDevelopment": "189000000", "operatingExpenses": "723000000", "investmentIncomeNet": "None", "netInterestIncome": "None", "interestIncome": "None", "interestExpense": "26000000", "nonInterestIncome": "None", "otherNonOperatingIncome": "-63000000", "depreciation": "None", "depreciationAndAmortization": "92000000", "incomeBeforeTax": "85000000", "incomeTaxExpense": "69000000", "interestAndDebtExpense": "None", "netIncomeFromContinuingOperations": "23000000", "comprehensiveIncomeNetOfTax": "None", "ebit": "139000000", "ebitda": "231000000", "netIncome": "16000000"}, {"fiscalDateEnding": "2014-07-31", "reportedCurrency": "USD", "grossProfit": "914000000", "totalRevenue": "1766000000", "costOfRevenue": "852000000", "costofGoodsAndServicesSold": "852000000", "operatingIncome": "229000000", "sellingGeneralAndAdministrative": "508000000", "researchAndDevelopment": "177000000", "operatingExpenses": "685000000", "investmentIncomeNet": "None", "netInterestIncome": "None", "interestIncome": "None", "interestExpense": "28000000", "nonInterestIncome": "None", "otherNonOperatingIncome": "-17000000", "depreciation": "None", "depreciationAndAmortization": "98000000", "incomeBeforeTax": "184000000", "incomeTaxExpense": "37000000", "interestAndDebtExpense": "None", "netIncomeFromContinuingOperations": "147000000", "comprehensiveIncomeNetOfTax": "None", "ebit": "131000000", "ebitda": "229000000", "netIncome": "147000000"}, {"fiscalDateEnding": "2014-04-30", "reportedCurrency": "USD", "grossProfit": "899000000", "totalRevenue": "1731000000", "costOfRevenue": "832000000", "costofGoodsAndServicesSold": "832000000", "operatingIncome": "210000000", "sellingGeneralAndAdministrative": "513000000", "researchAndDevelopment": "176000000", "operatingExpenses": "689000000", "investmentIncomeNet": "None", "netInterestIncome": "None", "interestIncome": "None", "interestExpense": "30000000", "nonInterestIncome": "None", "otherNonOperatingIncome": "6000000", "depreciation": "None", "depreciationAndAmortization": "97000000", "incomeBeforeTax": "186000000", "incomeTaxExpense": "36000000", "interestAndDebtExpense": "None", "netIncomeFromContinuingOperations": "139000000", "comprehensiveIncomeNetOfTax": "None", "ebit": "94000000", "ebitda": "191000000", "netIncome": "150000000"}, {"fiscalDateEnding": "2014-01-31", "reportedCurrency": "USD", "grossProfit": "883000000", "totalRevenue": "1679000000", "costOfRevenue": "796000000", "costofGoodsAndServicesSold": "796000000", "operatingIncome": "218000000", "sellingGeneralAndAdministrative": "488000000", "researchAndDevelopment": "177000000", "operatingExpenses": "665000000", "investmentIncomeNet": "None", "netInterestIncome": "None", "interestIncome": "None", "interestExpense": "29000000", "nonInterestIncome": "None", "otherNonOperatingIncome": "2000000", "depreciation": "None", "depreciationAndAmortization": "96000000", "incomeBeforeTax": "191000000", "incomeTaxExpense": "-4000000", "interestAndDebtExpense": "None", "netIncomeFromContinuingOperations": "195000000", "comprehensiveIncomeNetOfTax": "None", "ebit": "124000000", "ebitda": "220000000", "netIncome": "195000000"}, {"fiscalDateEnding": "2013-10-31", "reportedCurrency": "USD", "grossProfit": "908000000", "totalRevenue": "1718000000", "costOfRevenue": "810000000", "costofGoodsAndServicesSold": "810000000", "operatingIncome": "285000000", "sellingGeneralAndAdministrative": "450000000", "researchAndDevelopment": "173000000", "operatingExpenses": "623000000", "investmentIncomeNet": "None", "netInterestIncome": "None", "interestIncome": "None", "interestExpense": "30000000", "nonInterestIncome": "None", "otherNonOperatingIncome": "-1000000", "depreciation": "None", "depreciationAndAmortization": "95000000", "incomeBeforeTax": "254000000", "incomeTaxExpense": "43000000", "interestAndDebtExpense": "None", "netIncomeFromContinuingOperations": "211000000", "comprehensiveIncomeNetOfTax": "None", "ebit": "297000000", "ebitda": "392000000", "netIncome": "211000000"}, {"fiscalDateEnding": "2013-07-31", "reportedCurrency": "USD", "grossProfit": "856000000", "totalRevenue": "1652000000", "costOfRevenue": "796000000", "costofGoodsAndServicesSold": "796000000", "operatingIncome": "236000000", "sellingGeneralAndAdministrative": "449000000", "researchAndDevelopment": "171000000", "operatingExpenses": "620000000", "investmentIncomeNet": "None", "netInterestIncome": "None", "interestIncome": "None", "interestExpense": "27000000", "nonInterestIncome": "None", "otherNonOperatingIncome": "3000000", "depreciation": "None", "depreciationAndAmortization": "91000000", "incomeBeforeTax": "212000000", "incomeTaxExpense": "44000000", "interestAndDebtExpense": "None", "netIncomeFromContinuingOperations": "168000000", "comprehensiveIncomeNetOfTax": "None", "ebit": "239000000", "ebitda": "330000000", "netIncome": "168000000"}, {"fiscalDateEnding": "2013-04-30", "reportedCurrency": "USD", "grossProfit": "891000000", "totalRevenue": "1732000000", "costOfRevenue": "841000000", "costofGoodsAndServicesSold": "841000000", "operatingIncome": "213000000", "sellingGeneralAndAdministrative": "497000000", "researchAndDevelopment": "181000000", "operatingExpenses": "678000000", "investmentIncomeNet": "None", "netInterestIncome": "None", "interestIncome": "None", "interestExpense": "25000000", "nonInterestIncome": "None", "otherNonOperatingIncome": "10000000", "depreciation": "None", "depreciationAndAmortization": "92000000", "incomeBeforeTax": "198000000", "incomeTaxExpense": "32000000", "interestAndDebtExpense": "None", "netIncomeFromContinuingOperations": "166000000", "comprehensiveIncomeNetOfTax": "None", "ebit": "223000000", "ebitda": "315000000", "netIncome": "166000000"}, {"fiscalDateEnding": "2013-01-31", "reportedCurrency": "USD", "grossProfit": "880000000", "totalRevenue": "1680000000", "costOfRevenue": "800000000", "costofGoodsAndServicesSold": "800000000", "operatingIncome": "217000000", "sellingGeneralAndAdministrative": "484000000", "researchAndDevelopment": "179000000", "operatingExpenses": "663000000", "investmentIncomeNet": "None", "netInterestIncome": "None", "interestIncome": "None", "interestExpense": "25000000", "nonInterestIncome": "None", "otherNonOperatingIncome": "3000000", "depreciation": "None", "depreciationAndAmortization": "94000000", "incomeBeforeTax": "195000000", "incomeTaxExpense": "16000000", "interestAndDebtExpense": "None", "netIncomeFromContinuingOperations": "179000000", "comprehensiveIncomeNetOfTax": "None", "ebit": "220000000", "ebitda": "314000000", "netIncome": "179000000"}, {"fiscalDateEnding": "2012-10-31", "reportedCurrency": "USD", "grossProfit": "922000000", "totalRevenue": "1767000000", "costOfRevenue": "845000000", "costofGoodsAndServicesSold": "845000000", "operatingIncome": "278000000", "sellingGeneralAndAdministrative": "466000000", "researchAndDevelopment": "178000000", "operatingExpenses": "644000000", "investmentIncomeNet": "None", "netInterestIncome": "None", "interestIncome": "None", "interestExpense": "26000000", "nonInterestIncome": "None", "otherNonOperatingIncome": "4000000", "depreciation": "None", "depreciationAndAmortization": "94000000", "incomeBeforeTax": "256000000", "incomeTaxExpense": "-169000000", "interestAndDebtExpense": "None", "netIncomeFromContinuingOperations": "373000000", "comprehensiveIncomeNetOfTax": "None", "ebit": "282000000", "ebitda": "376000000", "netIncome": "425000000"}, {"fiscalDateEnding": "2012-07-31", "reportedCurrency": "USD", "grossProfit": "890000000", "totalRevenue": "1723000000", "costOfRevenue": "833000000", "costofGoodsAndServicesSold": "833000000", "operatingIncome": "270000000", "sellingGeneralAndAdministrative": "458000000", "researchAndDevelopment": "162000000", "operatingExpenses": "620000000", "investmentIncomeNet": "None", "netInterestIncome": "None", "interestIncome": "None", "interestExpense": "24000000", "nonInterestIncome": "None", "otherNonOperatingIncome": "-8000000", "depreciation": "None", "depreciationAndAmortization": "84000000", "incomeBeforeTax": "238000000", "incomeTaxExpense": "-5000000", "interestAndDebtExpense": "None", "netIncomeFromContinuingOperations": "243000000", "comprehensiveIncomeNetOfTax": "None", "ebit": "262000000", "ebitda": "346000000", "netIncome": "243000000"}, {"fiscalDateEnding": "2012-04-30", "reportedCurrency": "USD", "grossProfit": "918000000", "totalRevenue": "1733000000", "costOfRevenue": "815000000", "costofGoodsAndServicesSold": "815000000", "operatingIncome": "300000000", "sellingGeneralAndAdministrative": "452000000", "researchAndDevelopment": "166000000", "operatingExpenses": "618000000", "investmentIncomeNet": "None", "netInterestIncome": "None", "interestIncome": "None", "interestExpense": "25000000", "nonInterestIncome": "None", "otherNonOperatingIncome": "18000000", "depreciation": "None", "depreciationAndAmortization": "61000000", "incomeBeforeTax": "293000000", "incomeTaxExpense": "38000000", "interestAndDebtExpense": "None", "netIncomeFromContinuingOperations": "255000000", "comprehensiveIncomeNetOfTax": "None", "ebit": "318000000", "ebitda": "379000000", "netIncome": "255000000"}, {"fiscalDateEnding": "2012-01-31", "reportedCurrency": "USD", "grossProfit": "874000000", "totalRevenue": "1635000000", "costOfRevenue": "761000000", "costofGoodsAndServicesSold": "761000000", "operatingIncome": "271000000", "sellingGeneralAndAdministrative": "441000000", "researchAndDevelopment": "162000000", "operatingExpenses": "603000000", "investmentIncomeNet": "None", "netInterestIncome": "None", "interestIncome": "None", "interestExpense": "26000000", "nonInterestIncome": "None", "otherNonOperatingIncome": "11000000", "depreciation": "None", "depreciationAndAmortization": "62000000", "incomeBeforeTax": "256000000", "incomeTaxExpense": "26000000", "interestAndDebtExpense": "None", "netIncomeFromContinuingOperations": "282000000", "comprehensiveIncomeNetOfTax": "None", "ebit": "282000000", "ebitda": "344000000", "netIncome": "230000000"}, {"fiscalDateEnding": "2011-10-31", "reportedCurrency": "USD", "grossProfit": "921000000", "totalRevenue": "1728000000", "costOfRevenue": "807000000", "costofGoodsAndServicesSold": "807000000", "operatingIncome": "313000000", "sellingGeneralAndAdministrative": "445000000", "researchAndDevelopment": "163000000", "operatingExpenses": "608000000", "investmentIncomeNet": "None", "netInterestIncome": "None", "interestIncome": "None", "interestExpense": "23000000", "nonInterestIncome": "None", "otherNonOperatingIncome": "3000000", "depreciation": "None", "depreciationAndAmortization": "63000000", "incomeBeforeTax": "293000000", "incomeTaxExpense": "4000000", "interestAndDebtExpense": "None", "netIncomeFromContinuingOperations": "289000000", "comprehensiveIncomeNetOfTax": "None", "ebit": "316000000", "ebitda": "379000000", "netIncome": "289000000"}, {"fiscalDateEnding": "2011-07-31", "reportedCurrency": "USD", "grossProfit": "892000000", "totalRevenue": "1691000000", "costOfRevenue": "799000000", "costofGoodsAndServicesSold": "799000000", "operatingIncome": "281000000", "sellingGeneralAndAdministrative": "449000000", "researchAndDevelopment": "162000000", "operatingExpenses": "611000000", "investmentIncomeNet": "None", "netInterestIncome": "None", "interestIncome": "None", "interestExpense": "20000000", "nonInterestIncome": "None", "otherNonOperatingIncome": "20000000", "depreciation": "None", "depreciationAndAmortization": "63000000", "incomeBeforeTax": "281000000", "incomeTaxExpense": "-49000000", "interestAndDebtExpense": "None", "netIncomeFromContinuingOperations": "330000000", "comprehensiveIncomeNetOfTax": "None", "ebit": "301000000", "ebitda": "364000000", "netIncome": "330000000"}, {"fiscalDateEnding": "2011-04-30", "reportedCurrency": "USD", "grossProfit": "900000000", "totalRevenue": "1677000000", "costOfRevenue": "777000000", "costofGoodsAndServicesSold": "777000000", "operatingIncome": "266000000", "sellingGeneralAndAdministrative": "469000000", "researchAndDevelopment": "165000000", "operatingExpenses": "634000000", "investmentIncomeNet": "None", "netInterestIncome": "None", "interestIncome": "None", "interestExpense": "20000000", "nonInterestIncome": "None", "otherNonOperatingIncome": "14000000", "depreciation": "None", "depreciationAndAmortization": "64000000", "incomeBeforeTax": "260000000", "incomeTaxExpense": "60000000", "interestAndDebtExpense": "None", "netIncomeFromContinuingOperations": "200000000", "comprehensiveIncomeNetOfTax": "None", "ebit": "280000000", "ebitda": "344000000", "netIncome": "200000000"}, {"fiscalDateEnding": "2011-01-31", "reportedCurrency": "USD", "grossProfit": "816000000", "totalRevenue": "1519000000", "costOfRevenue": "703000000", "costofGoodsAndServicesSold": "703000000", "operatingIncome": "211000000", "sellingGeneralAndAdministrative": "446000000", "researchAndDevelopment": "159000000", "operatingExpenses": "605000000", "investmentIncomeNet": "None", "netInterestIncome": "None", "interestIncome": "None", "interestExpense": "23000000", "nonInterestIncome": "None", "otherNonOperatingIncome": "10000000", "depreciation": "None", "depreciationAndAmortization": "63000000", "incomeBeforeTax": "198000000", "incomeTaxExpense": "5000000", "interestAndDebtExpense": "None", "netIncomeFromContinuingOperations": "193000000", "comprehensiveIncomeNetOfTax": "None", "ebit": "221000000", "ebitda": "284000000", "netIncome": "193000000"}, {"fiscalDateEnding": "2010-10-31", "reportedCurrency": "USD", "grossProfit": "834000000", "totalRevenue": "1576000000", "costOfRevenue": "742000000", "costofGoodsAndServicesSold": "742000000", "operatingIncome": "203000000", "sellingGeneralAndAdministrative": "472000000", "researchAndDevelopment": "159000000", "operatingExpenses": "631000000", "investmentIncomeNet": "None", "netInterestIncome": "None", "interestIncome": "None", "interestExpense": "27000000", "nonInterestIncome": "None", "otherNonOperatingIncome": "67000000", "depreciation": "None", "depreciationAndAmortization": "67000000", "incomeBeforeTax": "243000000", "incomeTaxExpense": "-49000000", "interestAndDebtExpense": "None", "netIncomeFromContinuingOperations": "292000000", "comprehensiveIncomeNetOfTax": "None", "ebit": "270000000", "ebitda": "337000000", "netIncome": "292000000"}, {"fiscalDateEnding": "2010-07-31", "reportedCurrency": "USD", "grossProfit": "725000000", "totalRevenue": "1384000000", "costOfRevenue": "659000000", "costofGoodsAndServicesSold": "659000000", "operatingIncome": "115000000", "sellingGeneralAndAdministrative": "456000000", "researchAndDevelopment": "154000000", "operatingExpenses": "610000000", "investmentIncomeNet": "None", "netInterestIncome": "None", "interestIncome": "None", "interestExpense": "24000000", "nonInterestIncome": "None", "otherNonOperatingIncome": "136000000", "depreciation": "None", "depreciationAndAmortization": "60000000", "incomeBeforeTax": "227000000", "incomeTaxExpense": "22000000", "interestAndDebtExpense": "None", "netIncomeFromContinuingOperations": "205000000", "comprehensiveIncomeNetOfTax": "None", "ebit": "251000000", "ebitda": "311000000", "netIncome": "205000000"}, {"fiscalDateEnding": "2010-04-30", "reportedCurrency": "USD", "grossProfit": "711000000", "totalRevenue": "1271000000", "costOfRevenue": "560000000", "costofGoodsAndServicesSold": "560000000", "operatingIncome": "154000000", "sellingGeneralAndAdministrative": "407000000", "researchAndDevelopment": "150000000", "operatingExpenses": "557000000", "investmentIncomeNet": "None", "netInterestIncome": "None", "interestIncome": "None", "interestExpense": "22000000", "nonInterestIncome": "None", "otherNonOperatingIncome": "7000000", "depreciation": "None", "depreciationAndAmortization": "36000000", "incomeBeforeTax": "139000000", "incomeTaxExpense": "31000000", "interestAndDebtExpense": "None", "netIncomeFromContinuingOperations": "108000000", "comprehensiveIncomeNetOfTax": "None", "ebit": "161000000", "ebitda": "197000000", "netIncome": "108000000"}, {"fiscalDateEnding": "2010-01-31", "reportedCurrency": "USD", "grossProfit": "660000000", "totalRevenue": "1213000000", "costOfRevenue": "553000000", "costofGoodsAndServicesSold": "553000000", "operatingIncome": "94000000", "sellingGeneralAndAdministrative": "417000000", "researchAndDevelopment": "149000000", "operatingExpenses": "566000000", "investmentIncomeNet": "None", "netInterestIncome": "None", "interestIncome": "None", "interestExpense": "23000000", "nonInterestIncome": "None", "otherNonOperatingIncome": "12000000", "depreciation": "None", "depreciationAndAmortization": "40000000", "incomeBeforeTax": "83000000", "incomeTaxExpense": "4000000", "interestAndDebtExpense": "None", "netIncomeFromContinuingOperations": "79000000", "comprehensiveIncomeNetOfTax": "None", "ebit": "105000000", "ebitda": "145000000", "netIncome": "79000000"}, {"fiscalDateEnding": "2009-10-31", "reportedCurrency": "USD", "grossProfit": "634000000", "totalRevenue": "1167000000", "costOfRevenue": "533000000", "costofGoodsAndServicesSold": "533000000", "operatingIncome": "71000000", "sellingGeneralAndAdministrative": "413000000", "researchAndDevelopment": "150000000", "operatingExpenses": "563000000", "investmentIncomeNet": "None", "netInterestIncome": "None", "interestIncome": "None", "interestExpense": "21000000", "nonInterestIncome": "None", "otherNonOperatingIncome": "None", "depreciation": "None", "depreciationAndAmortization": "40000000", "incomeBeforeTax": "79000000", "incomeTaxExpense": "54000000", "interestAndDebtExpense": "None", "netIncomeFromContinuingOperations": "0", "comprehensiveIncomeNetOfTax": "None", "ebit": "100000000", "ebitda": "140000000", "netIncome": "25000000"}, {"fiscalDateEnding": "2009-07-31", "reportedCurrency": "USD", "grossProfit": "539000000", "totalRevenue": "1057000000", "costOfRevenue": "518000000", "costofGoodsAndServicesSold": "518000000", "operatingIncome": "-1000000", "sellingGeneralAndAdministrative": "387000000", "researchAndDevelopment": "153000000", "operatingExpenses": "540000000", "investmentIncomeNet": "None", "netInterestIncome": "None", "interestIncome": "None", "interestExpense": "21000000", "nonInterestIncome": "None", "otherNonOperatingIncome": "-19000000", "depreciation": "None", "depreciationAndAmortization": "41000000", "incomeBeforeTax": "-41000000", "incomeTaxExpense": "-22000000", "interestAndDebtExpense": "None", "netIncomeFromContinuingOperations": "-19000000", "comprehensiveIncomeNetOfTax": "None", "ebit": "-42000000", "ebitda": "-1000000", "netIncome": "-19000000"}, {"fiscalDateEnding": "2009-04-30", "reportedCurrency": "USD", "grossProfit": "530000000", "totalRevenue": "1091000000", "costOfRevenue": "561000000", "costofGoodsAndServicesSold": "561000000", "operatingIncome": "-47000000", "sellingGeneralAndAdministrative": "407000000", "researchAndDevelopment": "170000000", "operatingExpenses": "577000000", "investmentIncomeNet": "None", "netInterestIncome": "None", "interestIncome": "None", "interestExpense": "23000000", "nonInterestIncome": "None", "otherNonOperatingIncome": "None", "depreciation": "None", "depreciationAndAmortization": "40000000", "incomeBeforeTax": "-58000000", "incomeTaxExpense": "43000000", "interestAndDebtExpense": "None", "netIncomeFromContinuingOperations": "0", "comprehensiveIncomeNetOfTax": "None", "ebit": "-35000000", "ebitda": "5000000", "netIncome": "-101000000"}, {"fiscalDateEnding": "2009-01-31", "reportedCurrency": "USD", "grossProfit": "589000000", "totalRevenue": "1166000000", "costOfRevenue": "577000000", "costofGoodsAndServicesSold": "577000000", "operatingIncome": "24000000", "sellingGeneralAndAdministrative": "396000000", "researchAndDevelopment": "169000000", "operatingExpenses": "565000000", "investmentIncomeNet": "None", "netInterestIncome": "None", "interestIncome": "None", "interestExpense": "23000000", "nonInterestIncome": "None", "otherNonOperatingIncome": "None", "depreciation": "None", "depreciationAndAmortization": "41000000", "incomeBeforeTax": "27000000", "incomeTaxExpense": "-37000000", "interestAndDebtExpense": "None", "netIncomeFromContinuingOperations": "0", "comprehensiveIncomeNetOfTax": "None", "ebit": "12000000", "ebitda": "53000000", "netIncome": "64000000"}, {"fiscalDateEnding": "2008-10-31", "reportedCurrency": "USD", "grossProfit": "830000000", "totalRevenue": "1481000000", "costOfRevenue": "651000000", "costofGoodsAndServicesSold": "651000000", "operatingIncome": "252000000", "sellingGeneralAndAdministrative": "408000000", "researchAndDevelopment": "170000000", "operatingExpenses": "578000000", "investmentIncomeNet": "None", "netInterestIncome": "None", "interestIncome": "None", "interestExpense": "123000000", "nonInterestIncome": "None", "otherNonOperatingIncome": "None", "depreciation": "None", "depreciationAndAmortization": "44000000", "incomeBeforeTax": "257000000", "incomeTaxExpense": "26000000", "interestAndDebtExpense": "None", "netIncomeFromContinuingOperations": "0", "comprehensiveIncomeNetOfTax": "None", "ebit": "252000000", "ebitda": "296000000", "netIncome": "231000000"}, {"fiscalDateEnding": "2008-07-31", "reportedCurrency": "USD", "grossProfit": "803000000", "totalRevenue": "1444000000", "costOfRevenue": "641000000", "costofGoodsAndServicesSold": "641000000", "operatingIncome": "218000000", "sellingGeneralAndAdministrative": "415000000", "researchAndDevelopment": "170000000", "operatingExpenses": "585000000", "investmentIncomeNet": "None", "netInterestIncome": "None", "interestIncome": "None", "interestExpense": "90000000", "nonInterestIncome": "None", "otherNonOperatingIncome": "None", "depreciation": "None", "depreciationAndAmortization": "57000000", "incomeBeforeTax": "215000000", "incomeTaxExpense": "46000000", "interestAndDebtExpense": "None", "netIncomeFromContinuingOperations": "0", "comprehensiveIncomeNetOfTax": "None", "ebit": "246000000", "ebitda": "303000000", "netIncome": "169000000"}, {"fiscalDateEnding": "2008-04-30", "reportedCurrency": "USD", "grossProfit": "807000000", "totalRevenue": "1456000000", "costOfRevenue": "649000000", "costofGoodsAndServicesSold": "649000000", "operatingIncome": "191000000", "sellingGeneralAndAdministrative": "433000000", "researchAndDevelopment": "183000000", "operatingExpenses": "616000000", "investmentIncomeNet": "None", "netInterestIncome": "None", "interestIncome": "None", "interestExpense": "59000000", "nonInterestIncome": "None", "otherNonOperatingIncome": "None", "depreciation": "None", "depreciationAndAmortization": "51000000", "incomeBeforeTax": "196000000", "incomeTaxExpense": "23000000", "interestAndDebtExpense": "None", "netIncomeFromContinuingOperations": "0", "comprehensiveIncomeNetOfTax": "None", "ebit": "225000000", "ebitda": "276000000", "netIncome": "173000000"}, {"fiscalDateEnding": "2008-01-31", "reportedCurrency": "USD", "grossProfit": "756000000", "totalRevenue": "1393000000", "costOfRevenue": "637000000", "costofGoodsAndServicesSold": "637000000", "operatingIncome": "134000000", "sellingGeneralAndAdministrative": "441000000", "researchAndDevelopment": "181000000", "operatingExpenses": "622000000", "investmentIncomeNet": "None", "netInterestIncome": "None", "interestIncome": "None", "interestExpense": "30000000", "nonInterestIncome": "None", "otherNonOperatingIncome": "None", "depreciation": "None", "depreciationAndAmortization": "49000000", "incomeBeforeTax": "147000000", "incomeTaxExpense": "27000000", "interestAndDebtExpense": "None", "netIncomeFromContinuingOperations": "0", "comprehensiveIncomeNetOfTax": "None", "ebit": "85000000", "ebitda": "134000000", "netIncome": "120000000"}, {"fiscalDateEnding": "2007-10-31", "reportedCurrency": "USD", "grossProfit": "790000000", "totalRevenue": "1446000000", "costOfRevenue": "656000000", "costofGoodsAndServicesSold": "656000000", "operatingIncome": "190000000", "sellingGeneralAndAdministrative": "426000000", "researchAndDevelopment": "174000000", "operatingExpenses": "600000000", "investmentIncomeNet": "None", "netInterestIncome": "None", "interestIncome": "None", "interestExpense": "91000000", "nonInterestIncome": "None", "otherNonOperatingIncome": "None", "depreciation": "None", "depreciationAndAmortization": "48000000", "incomeBeforeTax": "201000000", "incomeTaxExpense": "21000000", "interestAndDebtExpense": "None", "netIncomeFromContinuingOperations": "0", "comprehensiveIncomeNetOfTax": "None", "ebit": "190000000", "ebitda": "238000000", "netIncome": "180000000"}, {"fiscalDateEnding": "2007-07-31", "reportedCurrency": "USD", "grossProfit": "758000000", "totalRevenue": "1374000000", "costOfRevenue": "616000000", "costofGoodsAndServicesSold": "616000000", "operatingIncome": "168000000", "sellingGeneralAndAdministrative": "420000000", "researchAndDevelopment": "170000000", "operatingExpenses": "590000000", "investmentIncomeNet": "None", "netInterestIncome": "None", "interestIncome": "None", "interestExpense": "68000000", "nonInterestIncome": "None", "otherNonOperatingIncome": "None", "depreciation": "None", "depreciationAndAmortization": "50000000", "incomeBeforeTax": "190000000", "incomeTaxExpense": "5000000", "interestAndDebtExpense": "None", "netIncomeFromContinuingOperations": "0", "comprehensiveIncomeNetOfTax": "None", "ebit": "118000000", "ebitda": "168000000", "netIncome": "185000000"}, {"fiscalDateEnding": "2007-04-30", "reportedCurrency": "USD", "grossProfit": "730000000", "totalRevenue": "1320000000", "costOfRevenue": "590000000", "costofGoodsAndServicesSold": "590000000", "operatingIncome": "131000000", "sellingGeneralAndAdministrative": "426000000", "researchAndDevelopment": "173000000", "operatingExpenses": "599000000", "investmentIncomeNet": "None", "netInterestIncome": "None", "interestIncome": "None", "interestExpense": "45000000", "nonInterestIncome": "None", "otherNonOperatingIncome": "None", "depreciation": "None", "depreciationAndAmortization": "47000000", "incomeBeforeTax": "156000000", "incomeTaxExpense": "33000000", "interestAndDebtExpense": "None", "netIncomeFromContinuingOperations": "0", "comprehensiveIncomeNetOfTax": "None", "ebit": "84000000", "ebitda": "131000000", "netIncome": "123000000"}, {"fiscalDateEnding": "2007-01-31", "reportedCurrency": "USD", "grossProfit": "691000000", "totalRevenue": "1280000000", "costOfRevenue": "589000000", "costofGoodsAndServicesSold": "589000000", "operatingIncome": "95000000", "sellingGeneralAndAdministrative": "428000000", "researchAndDevelopment": "168000000", "operatingExpenses": "596000000", "investmentIncomeNet": "None", "netInterestIncome": "None", "interestIncome": "None", "interestExpense": "23000000", "nonInterestIncome": "None", "otherNonOperatingIncome": "None", "depreciation": "None", "depreciationAndAmortization": "46000000", "incomeBeforeTax": "123000000", "incomeTaxExpense": "-27000000", "interestAndDebtExpense": "None", "netIncomeFromContinuingOperations": "0", "comprehensiveIncomeNetOfTax": "None", "ebit": "49000000", "ebitda": "95000000", "netIncome": "150000000"}, {"fiscalDateEnding": "2006-10-31", "reportedCurrency": "USD", "grossProfit": "456000000", "totalRevenue": "753000000", "costOfRevenue": "297000000", "costofGoodsAndServicesSold": "297000000", "operatingIncome": "100000000", "sellingGeneralAndAdministrative": "273000000", "researchAndDevelopment": "83000000", "operatingExpenses": "356000000", "investmentIncomeNet": "None", "netInterestIncome": "None", "interestIncome": "None", "interestExpense": "3000000", "nonInterestIncome": "None", "otherNonOperatingIncome": "None", "depreciation": "None", "depreciationAndAmortization": "36000000", "incomeBeforeTax": "124000000", "incomeTaxExpense": "30000000", "interestAndDebtExpense": "None", "netIncomeFromContinuingOperations": "0", "comprehensiveIncomeNetOfTax": "None", "ebit": "100000000", "ebitda": "136000000", "netIncome": "149000000"}, {"fiscalDateEnding": "2006-07-31", "reportedCurrency": "USD", "grossProfit": "791000000", "totalRevenue": "1453000000", "costOfRevenue": "662000000", "costofGoodsAndServicesSold": "662000000", "operatingIncome": "207000000", "sellingGeneralAndAdministrative": "463000000", "researchAndDevelopment": "186000000", "operatingExpenses": "584000000", "investmentIncomeNet": "None", "netInterestIncome": "None", "interestIncome": "None", "interestExpense": "147000000", "nonInterestIncome": "None", "otherNonOperatingIncome": "None", "depreciation": "None", "depreciationAndAmortization": "45000000", "incomeBeforeTax": "251000000", "incomeTaxExpense": "18000000", "interestAndDebtExpense": "None", "netIncomeFromContinuingOperations": "0", "comprehensiveIncomeNetOfTax": "None", "ebit": "186000000", "ebitda": "231000000", "netIncome": "227000000"}, {"fiscalDateEnding": "2006-04-30", "reportedCurrency": "USD", "grossProfit": "732000000", "totalRevenue": "1431000000", "costOfRevenue": "699000000", "costofGoodsAndServicesSold": "699000000", "operatingIncome": "112000000", "sellingGeneralAndAdministrative": "479000000", "researchAndDevelopment": "197000000", "operatingExpenses": "620000000", "investmentIncomeNet": "None", "netInterestIncome": "None", "interestIncome": "None", "interestExpense": "134000000", "nonInterestIncome": "None", "otherNonOperatingIncome": "None", "depreciation": "None", "depreciationAndAmortization": "48000000", "incomeBeforeTax": "159000000", "incomeTaxExpense": "28000000", "interestAndDebtExpense": "None", "netIncomeFromContinuingOperations": "0", "comprehensiveIncomeNetOfTax": "None", "ebit": "38000000", "ebitda": "86000000", "netIncome": "115000000"}, {"fiscalDateEnding": "2006-01-31", "reportedCurrency": "USD", "grossProfit": "679000000", "totalRevenue": "1336000000", "costOfRevenue": "657000000", "costofGoodsAndServicesSold": "657000000", "operatingIncome": "45000000", "sellingGeneralAndAdministrative": "445000000", "researchAndDevelopment": "189000000", "operatingExpenses": "634000000", "investmentIncomeNet": "None", "netInterestIncome": "None", "interestIncome": "None", "interestExpense": "2834000000", "nonInterestIncome": "None", "otherNonOperatingIncome": "None", "depreciation": "None", "depreciationAndAmortization": "41000000", "incomeBeforeTax": "93000000", "incomeTaxExpense": "15000000", "interestAndDebtExpense": "None", "netIncomeFromContinuingOperations": "0", "comprehensiveIncomeNetOfTax": "None", "ebit": "35000000", "ebitda": "76000000", "netIncome": "2816000000"}, {"fiscalDateEnding": "2005-10-31", "reportedCurrency": "USD", "grossProfit": "216000000", "totalRevenue": "105000000", "costOfRevenue": "-111000000", "costofGoodsAndServicesSold": "-111000000", "operatingIncome": "-85000000", "sellingGeneralAndAdministrative": "287000000", "researchAndDevelopment": "14000000", "operatingExpenses": "301000000", "investmentIncomeNet": "None", "netInterestIncome": "None", "interestIncome": "None", "interestExpense": "194000000", "nonInterestIncome": "None", "otherNonOperatingIncome": "None", "depreciation": "None", "depreciationAndAmortization": "34000000", "incomeBeforeTax": "-119000000", "incomeTaxExpense": "84000000", "interestAndDebtExpense": "None", "netIncomeFromContinuingOperations": "0", "comprehensiveIncomeNetOfTax": "None", "ebit": "-125000000", "ebitda": "-91000000", "netIncome": "25000000"}, {"fiscalDateEnding": "2005-07-31", "reportedCurrency": "USD", "grossProfit": "765000000", "totalRevenue": "1688000000", "costOfRevenue": "923000000", "costofGoodsAndServicesSold": "923000000", "operatingIncome": "89000000", "sellingGeneralAndAdministrative": "432000000", "researchAndDevelopment": "244000000", "operatingExpenses": "676000000", "investmentIncomeNet": "None", "netInterestIncome": "None", "interestIncome": "None", "interestExpense": "80000000", "nonInterestIncome": "None", "otherNonOperatingIncome": "None", "depreciation": "None", "depreciationAndAmortization": "64000000", "incomeBeforeTax": "129000000", "incomeTaxExpense": "25000000", "interestAndDebtExpense": "None", "netIncomeFromContinuingOperations": "0", "comprehensiveIncomeNetOfTax": "None", "ebit": "20000000", "ebitda": "84000000", "netIncome": "104000000"}, {"fiscalDateEnding": "2005-04-30", "reportedCurrency": "USD", "grossProfit": "790000000", "totalRevenue": "1688000000", "costOfRevenue": "898000000", "costofGoodsAndServicesSold": "898000000", "operatingIncome": "82000000", "sellingGeneralAndAdministrative": "460000000", "researchAndDevelopment": "248000000", "operatingExpenses": "708000000", "investmentIncomeNet": "None", "netInterestIncome": "None", "interestIncome": "None", "interestExpense": "76000000", "nonInterestIncome": "None", "otherNonOperatingIncome": "None", "depreciation": "None", "depreciationAndAmortization": "59000000", "incomeBeforeTax": "120000000", "incomeTaxExpense": "25000000", "interestAndDebtExpense": "None", "netIncomeFromContinuingOperations": "0", "comprehensiveIncomeNetOfTax": "None", "ebit": "27000000", "ebitda": "86000000", "netIncome": "95000000"}, {"fiscalDateEnding": "2005-01-31", "reportedCurrency": "USD", "grossProfit": "751000000", "totalRevenue": "1658000000", "costOfRevenue": "907000000", "costofGoodsAndServicesSold": "907000000", "operatingIncome": "95000000", "sellingGeneralAndAdministrative": "424000000", "researchAndDevelopment": "232000000", "operatingExpenses": "656000000", "investmentIncomeNet": "None", "netInterestIncome": "None", "interestIncome": "None", "interestExpense": "58000000", "nonInterestIncome": "None", "otherNonOperatingIncome": "None", "depreciation": "None", "depreciationAndAmortization": "63000000", "incomeBeforeTax": "124000000", "incomeTaxExpense": "21000000", "interestAndDebtExpense": "None", "netIncomeFromContinuingOperations": "0", "comprehensiveIncomeNetOfTax": "None", "ebit": "23000000", "ebitda": "86000000", "netIncome": "103000000"}]}