{"symbol": "ANSS", "annualReports": [{"fiscalDateEnding": "2024-12-31", "reportedCurrency": "USD", "grossProfit": "2264990000", "totalRevenue": "2544809000", "costOfRevenue": "279819000", "costofGoodsAndServicesSold": "279819000", "operatingIncome": "717888000", "sellingGeneralAndAdministrative": "995340000", "researchAndDevelopment": "528014000", "operatingExpenses": "1547102000", "investmentIncomeNet": "None", "netInterestIncome": "3282000", "interestIncome": "51131000", "interestExpense": "47849000", "nonInterestIncome": "None", "otherNonOperatingIncome": "None", "depreciation": "None", "depreciationAndAmortization": "142672000", "incomeBeforeTax": "718038000", "incomeTaxExpense": "142346000", "interestAndDebtExpense": "None", "netIncomeFromContinuingOperations": "575692000", "comprehensiveIncomeNetOfTax": "None", "ebit": "765887000", "ebitda": "908559000", "netIncome": "575692000"}, {"fiscalDateEnding": "2023-12-31", "reportedCurrency": "USD", "grossProfit": "1998651000", "totalRevenue": "2269949000", "costOfRevenue": "271298000", "costofGoodsAndServicesSold": "271298000", "operatingIncome": "626135000", "sellingGeneralAndAdministrative": "855135000", "researchAndDevelopment": "494869000", "operatingExpenses": "1372516000", "investmentIncomeNet": "None", "netInterestIncome": "-27557000", "interestIncome": "19588000", "interestExpense": "47145000", "nonInterestIncome": "None", "otherNonOperatingIncome": "None", "depreciation": "None", "depreciationAndAmortization": "132504000", "incomeBeforeTax": "592138000", "incomeTaxExpense": "91726000", "interestAndDebtExpense": "None", "netIncomeFromContinuingOperations": "500412000", "comprehensiveIncomeNetOfTax": "None", "ebit": "626135000", "ebitda": "758639000", "netIncome": "500412000"}, {"fiscalDateEnding": "2022-12-31", "reportedCurrency": "USD", "grossProfit": "1814912000", "totalRevenue": "2065553000", "costOfRevenue": "250641000", "costofGoodsAndServicesSold": "250641000", "operatingIncome": "592658000", "sellingGeneralAndAdministrative": "772871000", "researchAndDevelopment": "433661000", "operatingExpenses": "1222254000", "investmentIncomeNet": "None", "netInterestIncome": "-17009000", "interestIncome": "5717000", "interestExpense": "22726000", "nonInterestIncome": "None", "otherNonOperatingIncome": "5383000", "depreciation": "None", "depreciationAndAmortization": "137284000", "incomeBeforeTax": "575315000", "incomeTaxExpense": "51605000", "interestAndDebtExpense": "None", "netIncomeFromContinuingOperations": "523710000", "comprehensiveIncomeNetOfTax": "None", "ebit": "569937000", "ebitda": "707221000", "netIncome": "523710000"}, {"fiscalDateEnding": "2021-12-31", "reportedCurrency": "USD", "grossProfit": "1648731000", "totalRevenue": "1906715000", "costOfRevenue": "257984000", "costofGoodsAndServicesSold": "257984000", "operatingIncome": "513271000", "sellingGeneralAndAdministrative": "715377000", "researchAndDevelopment": "404870000", "operatingExpenses": "1135460000", "investmentIncomeNet": "None", "netInterestIncome": "-10327000", "interestIncome": "2078000", "interestExpense": "12405000", "nonInterestIncome": "None", "otherNonOperatingIncome": "14488000", "depreciation": "None", "depreciationAndAmortization": "129060000", "incomeBeforeTax": "515354000", "incomeTaxExpense": "60727000", "interestAndDebtExpense": "None", "netIncomeFromContinuingOperations": "454627000", "comprehensiveIncomeNetOfTax": "None", "ebit": "491078000", "ebitda": "620138000", "netIncome": "454627000"}, {"fiscalDateEnding": "2020-12-31", "reportedCurrency": "USD", "grossProfit": "1456033000", "totalRevenue": "1681297000", "costOfRevenue": "225264000", "costofGoodsAndServicesSold": "225264000", "operatingIncome": "496356000", "sellingGeneralAndAdministrative": "587707000", "researchAndDevelopment": "355371000", "operatingExpenses": "959677000", "investmentIncomeNet": "None", "netInterestIncome": "-5915000", "interestIncome": "5073000", "interestExpense": "10988000", "nonInterestIncome": "None", "otherNonOperatingIncome": "8557000", "depreciation": "None", "depreciationAndAmortization": "106246000", "incomeBeforeTax": "493925000", "incomeTaxExpense": "60038000", "interestAndDebtExpense": "None", "netIncomeFromContinuingOperations": "433887000", "comprehensiveIncomeNetOfTax": "None", "ebit": "475385000", "ebitda": "581631000", "netIncome": "433887000"}, {"fiscalDateEnding": "2019-12-31", "reportedCurrency": "USD", "grossProfit": "1349619000", "totalRevenue": "1515892000", "costOfRevenue": "166273000", "costofGoodsAndServicesSold": "166273000", "operatingIncome": "515040000", "sellingGeneralAndAdministrative": "521200000", "researchAndDevelopment": "298210000", "operatingExpenses": "834579000", "investmentIncomeNet": "None", "netInterestIncome": "9335000", "interestIncome": "12796000", "interestExpense": "3461000", "nonInterestIncome": "None", "otherNonOperatingIncome": "11004000", "depreciation": "None", "depreciationAndAmortization": "78975000", "incomeBeforeTax": "522583000", "incomeTaxExpense": "71288000", "interestAndDebtExpense": "None", "netIncomeFromContinuingOperations": "451295000", "comprehensiveIncomeNetOfTax": "None", "ebit": "496581000", "ebitda": "575556000", "netIncome": "451295000"}, {"fiscalDateEnding": "2018-12-31", "reportedCurrency": "USD", "grossProfit": "1137751000", "totalRevenue": "1293636000", "costOfRevenue": "155885000", "costofGoodsAndServicesSold": "155885000", "operatingIncome": "476574000", "sellingGeneralAndAdministrative": "413580000", "researchAndDevelopment": "233802000", "operatingExpenses": "661177000", "investmentIncomeNet": "None", "netInterestIncome": "11419000", "interestIncome": "11419000", "interestExpense": "59000", "nonInterestIncome": "None", "otherNonOperatingIncome": "10511000", "depreciation": "None", "depreciationAndAmortization": "59255000", "incomeBeforeTax": "487085000", "incomeTaxExpense": "67710000", "interestAndDebtExpense": "None", "netIncomeFromContinuingOperations": "419375000", "comprehensiveIncomeNetOfTax": "None", "ebit": "480100000", "ebitda": "539355000", "netIncome": "419375000"}, {"fiscalDateEnding": "2017-12-31", "reportedCurrency": "USD", "grossProfit": "945086000", "totalRevenue": "1095250000", "costOfRevenue": "150164000", "costofGoodsAndServicesSold": "150164000", "operatingIncome": "390728000", "sellingGeneralAndAdministrative": "338640000", "researchAndDevelopment": "202746000", "operatingExpenses": "554358000", "investmentIncomeNet": "None", "netInterestIncome": "6962000", "interestIncome": "6962000", "interestExpense": "86000", "nonInterestIncome": "None", "otherNonOperatingIncome": "4966000", "depreciation": "None", "depreciationAndAmortization": "67678000", "incomeBeforeTax": "395694000", "incomeTaxExpense": "136443000", "interestAndDebtExpense": "None", "netIncomeFromContinuingOperations": "259251000", "comprehensiveIncomeNetOfTax": "None", "ebit": "398628000", "ebitda": "466306000", "netIncome": "259251000"}, {"fiscalDateEnding": "2016-12-31", "reportedCurrency": "USD", "grossProfit": "841605000", "totalRevenue": "988465000", "costOfRevenue": "146860000", "costofGoodsAndServicesSold": "146860000", "operatingIncome": "376242000", "sellingGeneralAndAdministrative": "269515000", "researchAndDevelopment": "183093000", "operatingExpenses": "465363000", "investmentIncomeNet": "None", "netInterestIncome": "3988000", "interestIncome": "4209000", "interestExpense": "221000", "nonInterestIncome": "None", "otherNonOperatingIncome": "4294000", "depreciation": "None", "depreciationAndAmortization": "69587000", "incomeBeforeTax": "380315000", "incomeTaxExpense": "114679000", "interestAndDebtExpense": "None", "netIncomeFromContinuingOperations": "265636000", "comprehensiveIncomeNetOfTax": "None", "ebit": "376242000", "ebitda": "445829000", "netIncome": "265636000"}, {"fiscalDateEnding": "2015-12-31", "reportedCurrency": "USD", "grossProfit": "795507000", "totalRevenue": "942753000", "costOfRevenue": "147246000", "costofGoodsAndServicesSold": "147246000", "operatingIncome": "353679000", "sellingGeneralAndAdministrative": "253603000", "researchAndDevelopment": "168831000", "operatingExpenses": "441828000", "investmentIncomeNet": "None", "netInterestIncome": "None", "interestIncome": "2990000", "interestExpense": "325000", "nonInterestIncome": "None", "otherNonOperatingIncome": "3411000", "depreciation": "None", "depreciationAndAmortization": "19394000", "incomeBeforeTax": "356765000", "incomeTaxExpense": "104244000", "interestAndDebtExpense": "None", "netIncomeFromContinuingOperations": "252521000", "comprehensiveIncomeNetOfTax": "None", "ebit": "411955000", "ebitda": "431349000", "netIncome": "252521000"}, {"fiscalDateEnding": "2014-12-31", "reportedCurrency": "USD", "grossProfit": "782635000", "totalRevenue": "936021000", "costOfRevenue": "153386000", "costofGoodsAndServicesSold": "153386000", "operatingIncome": "347450000", "sellingGeneralAndAdministrative": "246376000", "researchAndDevelopment": "165421000", "operatingExpenses": "435185000", "investmentIncomeNet": "None", "netInterestIncome": "None", "interestIncome": "None", "interestExpense": "779000", "nonInterestIncome": "None", "otherNonOperatingIncome": "1468000", "depreciation": "None", "depreciationAndAmortization": "23388000", "incomeBeforeTax": "348139000", "incomeTaxExpense": "93449000", "interestAndDebtExpense": "None", "netIncomeFromContinuingOperations": "254690000", "comprehensiveIncomeNetOfTax": "None", "ebit": "407086000", "ebitda": "430474000", "netIncome": "254690000"}, {"fiscalDateEnding": "2013-12-31", "reportedCurrency": "USD", "grossProfit": "714568000", "totalRevenue": "861260000", "costOfRevenue": "146692000", "costofGoodsAndServicesSold": "146692000", "operatingIncome": "321863000", "sellingGeneralAndAdministrative": "218907000", "researchAndDevelopment": "151439000", "operatingExpenses": "392705000", "investmentIncomeNet": "None", "netInterestIncome": "None", "interestIncome": "None", "interestExpense": "1169000", "nonInterestIncome": "None", "otherNonOperatingIncome": "1795000", "depreciation": "None", "depreciationAndAmortization": "80701000", "incomeBeforeTax": "322489000", "incomeTaxExpense": "77162000", "interestAndDebtExpense": "None", "netIncomeFromContinuingOperations": "245327000", "comprehensiveIncomeNetOfTax": "None", "ebit": "323658000", "ebitda": "404359000", "netIncome": "245327000"}, {"fiscalDateEnding": "2012-12-31", "reportedCurrency": "USD", "grossProfit": "658502000", "totalRevenue": "798018000", "costOfRevenue": "139516000", "costofGoodsAndServicesSold": "139516000", "operatingIncome": "294253000", "sellingGeneralAndAdministrative": "205178000", "researchAndDevelopment": "132628000", "operatingExpenses": "364249000", "investmentIncomeNet": "None", "netInterestIncome": "None", "interestIncome": "None", "interestExpense": "2661000", "nonInterestIncome": "None", "otherNonOperatingIncome": "1955000", "depreciation": "None", "depreciationAndAmortization": "26443000", "incomeBeforeTax": "293547000", "incomeTaxExpense": "90064000", "interestAndDebtExpense": "None", "netIncomeFromContinuingOperations": "203483000", "comprehensiveIncomeNetOfTax": "None", "ebit": "355187000", "ebitda": "381630000", "netIncome": "203483000"}, {"fiscalDateEnding": "2011-12-31", "reportedCurrency": "USD", "grossProfit": "572435000", "totalRevenue": "691449000", "costOfRevenue": "119014000", "costofGoodsAndServicesSold": "119014000", "operatingIncome": "265559000", "sellingGeneralAndAdministrative": "180357000", "researchAndDevelopment": "108530000", "operatingExpenses": "306876000", "investmentIncomeNet": "None", "netInterestIncome": "None", "interestIncome": "None", "interestExpense": "3332000", "nonInterestIncome": "None", "otherNonOperatingIncome": "2631000", "depreciation": "None", "depreciationAndAmortization": "65955000", "incomeBeforeTax": "264858000", "incomeTaxExpense": "84183000", "interestAndDebtExpense": "None", "netIncomeFromContinuingOperations": "180675000", "comprehensiveIncomeNetOfTax": "None", "ebit": "268190000", "ebitda": "334145000", "netIncome": "180675000"}, {"fiscalDateEnding": "2010-12-31", "reportedCurrency": "USD", "grossProfit": "479357000", "totalRevenue": "580236000", "costOfRevenue": "100879000", "costofGoodsAndServicesSold": "100879000", "operatingIncome": "219268000", "sellingGeneralAndAdministrative": "155096000", "researchAndDevelopment": "88990000", "operatingExpenses": "260089000", "investmentIncomeNet": "None", "netInterestIncome": "None", "interestIncome": "None", "interestExpense": "4488000", "nonInterestIncome": "None", "otherNonOperatingIncome": "1614000", "depreciation": "None", "depreciationAndAmortization": "48760000", "incomeBeforeTax": "216394000", "incomeTaxExpense": "63262000", "interestAndDebtExpense": "None", "netIncomeFromContinuingOperations": "153132000", "comprehensiveIncomeNetOfTax": "None", "ebit": "232084000", "ebitda": "280844000", "netIncome": "153132000"}, {"fiscalDateEnding": "2009-12-31", "reportedCurrency": "USD", "grossProfit": "419649000", "totalRevenue": "516885000", "costOfRevenue": "97236000", "costofGoodsAndServicesSold": "97236000", "operatingIncome": "183477000", "sellingGeneralAndAdministrative": "137264000", "researchAndDevelopment": "79856000", "operatingExpenses": "233446000", "investmentIncomeNet": "None", "netInterestIncome": "None", "interestIncome": "None", "interestExpense": "10401000", "nonInterestIncome": "None", "otherNonOperatingIncome": "None", "depreciation": "None", "depreciationAndAmortization": "64186000", "incomeBeforeTax": "173529000", "incomeTaxExpense": "57138000", "interestAndDebtExpense": "None", "netIncomeFromContinuingOperations": "None", "comprehensiveIncomeNetOfTax": "None", "ebit": "179971000", "ebitda": "244157000", "netIncome": "116391000"}, {"fiscalDateEnding": "2008-12-31", "reportedCurrency": "USD", "grossProfit": "386925000", "totalRevenue": "478339000", "costOfRevenue": "91414000", "costofGoodsAndServicesSold": "91414000", "operatingIncome": "169731000", "sellingGeneralAndAdministrative": "134887000", "researchAndDevelopment": "71594000", "operatingExpenses": "217194000", "investmentIncomeNet": "None", "netInterestIncome": "None", "interestIncome": "None", "interestExpense": "9342000", "nonInterestIncome": "None", "otherNonOperatingIncome": "None", "depreciation": "None", "depreciationAndAmortization": "50093000", "incomeBeforeTax": "166691000", "incomeTaxExpense": "55020000", "interestAndDebtExpense": "None", "netIncomeFromContinuingOperations": "None", "comprehensiveIncomeNetOfTax": "None", "ebit": "176033000", "ebitda": "226126000", "netIncome": "111671000"}, {"fiscalDateEnding": "2007-12-31", "reportedCurrency": "USD", "grossProfit": "307293000", "totalRevenue": "385340000", "costOfRevenue": "78047000", "costofGoodsAndServicesSold": "78047000", "operatingIncome": "126769000", "sellingGeneralAndAdministrative": "115108000", "researchAndDevelopment": "56481000", "operatingExpenses": "180524000", "investmentIncomeNet": "None", "netInterestIncome": "None", "interestIncome": "None", "interestExpense": "6822000", "nonInterestIncome": "None", "otherNonOperatingIncome": "None", "depreciation": "None", "depreciationAndAmortization": "38949000", "incomeBeforeTax": "124263000", "incomeTaxExpense": "41871000", "interestAndDebtExpense": "None", "netIncomeFromContinuingOperations": "None", "comprehensiveIncomeNetOfTax": "None", "ebit": "126769000", "ebitda": "165718000", "netIncome": "82392000"}, {"fiscalDateEnding": "2006-12-31", "reportedCurrency": "USD", "grossProfit": "206913000", "totalRevenue": "263640000", "costOfRevenue": "56727000", "costofGoodsAndServicesSold": "56727000", "operatingIncome": "36156000", "sellingGeneralAndAdministrative": "86901000", "researchAndDevelopment": "49406000", "operatingExpenses": "142657000", "investmentIncomeNet": "None", "netInterestIncome": "None", "interestIncome": "None", "interestExpense": "3013000", "nonInterestIncome": "None", "otherNonOperatingIncome": "None", "depreciation": "None", "depreciationAndAmortization": "27463000", "incomeBeforeTax": "33061000", "incomeTaxExpense": "18905000", "interestAndDebtExpense": "None", "netIncomeFromContinuingOperations": "None", "comprehensiveIncomeNetOfTax": "None", "ebit": "92438000", "ebitda": "119901000", "netIncome": "14156000"}, {"fiscalDateEnding": "2005-12-31", "reportedCurrency": "USD", "grossProfit": "137573000", "totalRevenue": "158036000", "costOfRevenue": "20463000", "costofGoodsAndServicesSold": "20463000", "operatingIncome": "58840000", "sellingGeneralAndAdministrative": "43285000", "researchAndDevelopment": "30688000", "operatingExpenses": "75157000", "investmentIncomeNet": "None", "netInterestIncome": "None", "interestIncome": "None", "interestExpense": "0", "nonInterestIncome": "None", "otherNonOperatingIncome": "None", "depreciation": "None", "depreciationAndAmortization": "8107000", "incomeBeforeTax": "63111000", "incomeTaxExpense": "19208000", "interestAndDebtExpense": "None", "netIncomeFromContinuingOperations": "None", "comprehensiveIncomeNetOfTax": "None", "ebit": "58840000", "ebitda": "66947000", "netIncome": "43903000"}], "quarterlyReports": [{"fiscalDateEnding": "2024-12-31", "reportedCurrency": "USD", "grossProfit": "809486000", "totalRevenue": "882174000", "costOfRevenue": "72688000", "costofGoodsAndServicesSold": "72688000", "operatingIncome": "355595000", "sellingGeneralAndAdministrative": "314009000", "researchAndDevelopment": "134259000", "operatingExpenses": "453891000", "investmentIncomeNet": "None", "netInterestIncome": "3712000", "interestIncome": "14636000", "interestExpense": "10924000", "nonInterestIncome": "None", "otherNonOperatingIncome": "None", "depreciation": "None", "depreciationAndAmortization": "35344000", "incomeBeforeTax": "359293000", "incomeTaxExpense": "76605000", "interestAndDebtExpense": "None", "netIncomeFromContinuingOperations": "282688000", "comprehensiveIncomeNetOfTax": "None", "ebit": "370217000", "ebitda": "405561000", "netIncome": "282688000"}, {"fiscalDateEnding": "2024-09-30", "reportedCurrency": "USD", "grossProfit": "532783000", "totalRevenue": "601892000", "costOfRevenue": "69109000", "costofGoodsAndServicesSold": "69109000", "operatingIncome": "161538000", "sellingGeneralAndAdministrative": "233065000", "researchAndDevelopment": "132320000", "operatingExpenses": "371245000", "investmentIncomeNet": "None", "netInterestIncome": "974000", "interestIncome": "13292000", "interestExpense": "12318000", "nonInterestIncome": "None", "otherNonOperatingIncome": "None", "depreciation": "None", "depreciationAndAmortization": "35795000", "incomeBeforeTax": "161255000", "incomeTaxExpense": "33063000", "interestAndDebtExpense": "None", "netIncomeFromContinuingOperations": "128192000", "comprehensiveIncomeNetOfTax": "None", "ebit": "179233000", "ebitda": "215028000", "netIncome": "128192000"}, {"fiscalDateEnding": "2024-06-30", "reportedCurrency": "USD", "grossProfit": "518663000", "totalRevenue": "594138000", "costOfRevenue": "75475000", "costofGoodsAndServicesSold": "75475000", "operatingIncome": "169825000", "sellingGeneralAndAdministrative": "228623000", "researchAndDevelopment": "132624000", "operatingExpenses": "348838000", "investmentIncomeNet": "None", "netInterestIncome": "-30000", "interestIncome": "12208000", "interestExpense": "12238000", "nonInterestIncome": "None", "otherNonOperatingIncome": "None", "depreciation": "None", "depreciationAndAmortization": "35997000", "incomeBeforeTax": "156532000", "incomeTaxExpense": "26498000", "interestAndDebtExpense": "None", "netIncomeFromContinuingOperations": "130034000", "comprehensiveIncomeNetOfTax": "None", "ebit": "157416000", "ebitda": "193413000", "netIncome": "130034000"}, {"fiscalDateEnding": "2024-03-31", "reportedCurrency": "USD", "grossProfit": "397938000", "totalRevenue": "466605000", "costOfRevenue": "68667000", "costofGoodsAndServicesSold": "68667000", "operatingIncome": "43339000", "sellingGeneralAndAdministrative": "219643000", "researchAndDevelopment": "128811000", "operatingExpenses": "354599000", "investmentIncomeNet": "None", "netInterestIncome": "-1374000", "interestIncome": "10995000", "interestExpense": "12369000", "nonInterestIncome": "None", "otherNonOperatingIncome": "None", "depreciation": "None", "depreciationAndAmortization": "35536000", "incomeBeforeTax": "40958000", "incomeTaxExpense": "6180000", "interestAndDebtExpense": "None", "netIncomeFromContinuingOperations": "34778000", "comprehensiveIncomeNetOfTax": "None", "ebit": "53327000", "ebitda": "88863000", "netIncome": "34778000"}, {"fiscalDateEnding": "2023-12-31", "reportedCurrency": "USD", "grossProfit": "735059000", "totalRevenue": "805108000", "costOfRevenue": "70049000", "costofGoodsAndServicesSold": "70049000", "operatingIncome": "333000000", "sellingGeneralAndAdministrative": "269857000", "researchAndDevelopment": "126288000", "operatingExpenses": "402059000", "investmentIncomeNet": "None", "netInterestIncome": "-5352000", "interestIncome": "7199000", "interestExpense": "12551000", "nonInterestIncome": "None", "otherNonOperatingIncome": "None", "depreciation": "None", "depreciationAndAmortization": "39377000", "incomeBeforeTax": "324772000", "incomeTaxExpense": "50010000", "interestAndDebtExpense": "None", "netIncomeFromContinuingOperations": "274762000", "comprehensiveIncomeNetOfTax": "None", "ebit": "327111000", "ebitda": "366488000", "netIncome": "274762000"}, {"fiscalDateEnding": "2023-09-30", "reportedCurrency": "USD", "grossProfit": "393538000", "totalRevenue": "458795000", "costOfRevenue": "65257000", "costofGoodsAndServicesSold": "65257000", "operatingIncome": "69816000", "sellingGeneralAndAdministrative": "194552000", "researchAndDevelopment": "123223000", "operatingExpenses": "323722000", "investmentIncomeNet": "None", "netInterestIncome": "-7367000", "interestIncome": "4909000", "interestExpense": "12276000", "nonInterestIncome": "None", "otherNonOperatingIncome": "None", "depreciation": "None", "depreciationAndAmortization": "40758000", "incomeBeforeTax": "62545000", "incomeTaxExpense": "7043000", "interestAndDebtExpense": "None", "netIncomeFromContinuingOperations": "55502000", "comprehensiveIncomeNetOfTax": "None", "ebit": "62941000", "ebitda": "103699000", "netIncome": "55502000"}, {"fiscalDateEnding": "2023-06-30", "reportedCurrency": "USD", "grossProfit": "428259000", "totalRevenue": "496599000", "costOfRevenue": "68340000", "costofGoodsAndServicesSold": "68340000", "operatingIncome": "95624000", "sellingGeneralAndAdministrative": "202142000", "researchAndDevelopment": "125023000", "operatingExpenses": "332635000", "investmentIncomeNet": "None", "netInterestIncome": "-8158000", "interestIncome": "3402000", "interestExpense": "11560000", "nonInterestIncome": "None", "otherNonOperatingIncome": "-81000", "depreciation": "None", "depreciationAndAmortization": "38378000", "incomeBeforeTax": "83983000", "incomeTaxExpense": "14457000", "interestAndDebtExpense": "None", "netIncomeFromContinuingOperations": "69526000", "comprehensiveIncomeNetOfTax": "None", "ebit": "95543000", "ebitda": "133921000", "netIncome": "69526000"}, {"fiscalDateEnding": "2023-03-31", "reportedCurrency": "USD", "grossProfit": "441795000", "totalRevenue": "509447000", "costOfRevenue": "67652000", "costofGoodsAndServicesSold": "67652000", "operatingIncome": "127695000", "sellingGeneralAndAdministrative": "188584000", "researchAndDevelopment": "120335000", "operatingExpenses": "314100000", "investmentIncomeNet": "None", "netInterestIncome": "-6680000", "interestIncome": "4078000", "interestExpense": "10758000", "nonInterestIncome": "None", "otherNonOperatingIncome": "3901000", "depreciation": "None", "depreciationAndAmortization": "37505000", "incomeBeforeTax": "120838000", "incomeTaxExpense": "20216000", "interestAndDebtExpense": "None", "netIncomeFromContinuingOperations": "100622000", "comprehensiveIncomeNetOfTax": "None", "ebit": "122314000", "ebitda": "159819000", "netIncome": "100622000"}, {"fiscalDateEnding": "2022-12-31", "reportedCurrency": "USD", "grossProfit": "632688000", "totalRevenue": "694115000", "costOfRevenue": "61427000", "costofGoodsAndServicesSold": "61427000", "operatingIncome": "260101000", "sellingGeneralAndAdministrative": "257450000", "researchAndDevelopment": "111390000", "operatingExpenses": "372587000", "investmentIncomeNet": "None", "netInterestIncome": "-5482000", "interestIncome": "3576000", "interestExpense": "9058000", "nonInterestIncome": "None", "otherNonOperatingIncome": "5368000", "depreciation": "None", "depreciationAndAmortization": "33689000", "incomeBeforeTax": "256411000", "incomeTaxExpense": "-1536000", "interestAndDebtExpense": "None", "netIncomeFromContinuingOperations": "257947000", "comprehensiveIncomeNetOfTax": "None", "ebit": "254736000", "ebitda": "288425000", "netIncome": "257947000"}, {"fiscalDateEnding": "2022-09-30", "reportedCurrency": "USD", "grossProfit": "410544000", "totalRevenue": "472511000", "costOfRevenue": "61967000", "costofGoodsAndServicesSold": "61967000", "operatingIncome": "123384000", "sellingGeneralAndAdministrative": "175283000", "researchAndDevelopment": "108056000", "operatingExpenses": "287160000", "investmentIncomeNet": "None", "netInterestIncome": "-4747000", "interestIncome": "1345000", "interestExpense": "6092000", "nonInterestIncome": "None", "otherNonOperatingIncome": "689000", "depreciation": "None", "depreciationAndAmortization": "34209000", "incomeBeforeTax": "117981000", "incomeTaxExpense": "22006000", "interestAndDebtExpense": "None", "netIncomeFromContinuingOperations": "95975000", "comprehensiveIncomeNetOfTax": "None", "ebit": "117402000", "ebitda": "151611000", "netIncome": "95975000"}, {"fiscalDateEnding": "2022-06-30", "reportedCurrency": "USD", "grossProfit": "411363000", "totalRevenue": "473850000", "costOfRevenue": "62487000", "costofGoodsAndServicesSold": "62487000", "operatingIncome": "128010000", "sellingGeneralAndAdministrative": "170383000", "researchAndDevelopment": "108941000", "operatingExpenses": "283353000", "investmentIncomeNet": "None", "netInterestIncome": "-4340000", "interestIncome": "269000", "interestExpense": "4609000", "nonInterestIncome": "None", "otherNonOperatingIncome": "-507000", "depreciation": "None", "depreciationAndAmortization": "34753000", "incomeBeforeTax": "122894000", "incomeTaxExpense": "24094000", "interestAndDebtExpense": "None", "netIncomeFromContinuingOperations": "98800000", "comprehensiveIncomeNetOfTax": "None", "ebit": "122189000", "ebitda": "156942000", "netIncome": "98800000"}, {"fiscalDateEnding": "2022-03-31", "reportedCurrency": "USD", "grossProfit": "360317000", "totalRevenue": "425077000", "costOfRevenue": "64760000", "costofGoodsAndServicesSold": "64760000", "operatingIncome": "81163000", "sellingGeneralAndAdministrative": "169755000", "researchAndDevelopment": "105274000", "operatingExpenses": "279154000", "investmentIncomeNet": "None", "netInterestIncome": "-2440000", "interestIncome": "527000", "interestExpense": "2967000", "nonInterestIncome": "None", "otherNonOperatingIncome": "-167000", "depreciation": "None", "depreciationAndAmortization": "34633000", "incomeBeforeTax": "78029000", "incomeTaxExpense": "7041000", "interestAndDebtExpense": "None", "netIncomeFromContinuingOperations": "70988000", "comprehensiveIncomeNetOfTax": "None", "ebit": "75610000", "ebitda": "110243000", "netIncome": "70988000"}, {"fiscalDateEnding": "2021-12-31", "reportedCurrency": "USD", "grossProfit": "586690000", "totalRevenue": "655667000", "costOfRevenue": "68977000", "costofGoodsAndServicesSold": "68977000", "operatingIncome": "238848000", "sellingGeneralAndAdministrative": "243384000", "researchAndDevelopment": "101489000", "operatingExpenses": "347842000", "investmentIncomeNet": "None", "netInterestIncome": "-2277000", "interestIncome": "534000", "interestExpense": "2811000", "nonInterestIncome": "None", "otherNonOperatingIncome": "-1064000", "depreciation": "None", "depreciationAndAmortization": "31664000", "incomeBeforeTax": "234973000", "incomeTaxExpense": "31802000", "interestAndDebtExpense": "None", "netIncomeFromContinuingOperations": "203171000", "comprehensiveIncomeNetOfTax": "None", "ebit": "237784000", "ebitda": "269448000", "netIncome": "203171000"}, {"fiscalDateEnding": "2021-09-30", "reportedCurrency": "USD", "grossProfit": "378422000", "totalRevenue": "441168000", "costOfRevenue": "62746000", "costofGoodsAndServicesSold": "62746000", "operatingIncome": "107628000", "sellingGeneralAndAdministrative": "165368000", "researchAndDevelopment": "102023000", "operatingExpenses": "270794000", "investmentIncomeNet": "None", "netInterestIncome": "-2402000", "interestIncome": "541000", "interestExpense": "2943000", "nonInterestIncome": "None", "otherNonOperatingIncome": "-787000", "depreciation": "None", "depreciationAndAmortization": "32150000", "incomeBeforeTax": "103898000", "incomeTaxExpense": "18556000", "interestAndDebtExpense": "None", "netIncomeFromContinuingOperations": "85342000", "comprehensiveIncomeNetOfTax": "None", "ebit": "101832000", "ebitda": "133982000", "netIncome": "85342000"}, {"fiscalDateEnding": "2021-06-30", "reportedCurrency": "USD", "grossProfit": "382496000", "totalRevenue": "446654000", "costOfRevenue": "64158000", "costofGoodsAndServicesSold": "64158000", "operatingIncome": "116773000", "sellingGeneralAndAdministrative": "160410000", "researchAndDevelopment": "100879000", "operatingExpenses": "265723000", "investmentIncomeNet": "None", "netInterestIncome": "-2850000", "interestIncome": "486000", "interestExpense": "3336000", "nonInterestIncome": "None", "otherNonOperatingIncome": "15423000", "depreciation": "None", "depreciationAndAmortization": "32465000", "incomeBeforeTax": "128860000", "incomeTaxExpense": "35144000", "interestAndDebtExpense": "None", "netIncomeFromContinuingOperations": "93716000", "comprehensiveIncomeNetOfTax": "None", "ebit": "111372000", "ebitda": "143837000", "netIncome": "93716000"}, {"fiscalDateEnding": "2021-03-31", "reportedCurrency": "USD", "grossProfit": "301123000", "totalRevenue": "363226000", "costOfRevenue": "62103000", "costofGoodsAndServicesSold": "62103000", "operatingIncome": "50022000", "sellingGeneralAndAdministrative": "146215000", "researchAndDevelopment": "100479000", "operatingExpenses": "251101000", "investmentIncomeNet": "None", "netInterestIncome": "-2798000", "interestIncome": "517000", "interestExpense": "3315000", "nonInterestIncome": "None", "otherNonOperatingIncome": "916000", "depreciation": "None", "depreciationAndAmortization": "32781000", "incomeBeforeTax": "47623000", "incomeTaxExpense": "-24775000", "interestAndDebtExpense": "None", "netIncomeFromContinuingOperations": "72398000", "comprehensiveIncomeNetOfTax": "None", "ebit": "50938000", "ebitda": "83719000", "netIncome": "72398000"}, {"fiscalDateEnding": "2020-12-31", "reportedCurrency": "USD", "grossProfit": "555783000", "totalRevenue": "623686000", "costOfRevenue": "67903000", "costofGoodsAndServicesSold": "67903000", "operatingIncome": "259391000", "sellingGeneralAndAdministrative": "130522000", "researchAndDevelopment": "96510000", "operatingExpenses": "296392000", "investmentIncomeNet": "None", "netInterestIncome": "-1834000", "interestIncome": "610000", "interestExpense": "2444000", "nonInterestIncome": "None", "otherNonOperatingIncome": "925000", "depreciation": "None", "depreciationAndAmortization": "4037000", "incomeBeforeTax": "257872000", "incomeTaxExpense": "42240000", "interestAndDebtExpense": "None", "netIncomeFromContinuingOperations": "215632000", "comprehensiveIncomeNetOfTax": "None", "ebit": "284992000", "ebitda": "289029000", "netIncome": "215632000"}, {"fiscalDateEnding": "2020-09-30", "reportedCurrency": "USD", "grossProfit": "313580000", "totalRevenue": "366965000", "costOfRevenue": "53385000", "costofGoodsAndServicesSold": "53385000", "operatingIncome": "90085000", "sellingGeneralAndAdministrative": "132642000", "researchAndDevelopment": "86616000", "operatingExpenses": "223495000", "investmentIncomeNet": "None", "netInterestIncome": "-1099000", "interestIncome": "754000", "interestExpense": "1853000", "nonInterestIncome": "None", "otherNonOperatingIncome": "1912000", "depreciation": "None", "depreciationAndAmortization": "20841000", "incomeBeforeTax": "90144000", "incomeTaxExpense": "14517000", "interestAndDebtExpense": "None", "netIncomeFromContinuingOperations": "75627000", "comprehensiveIncomeNetOfTax": "None", "ebit": "91634000", "ebitda": "112475000", "netIncome": "75627000"}, {"fiscalDateEnding": "2020-06-30", "reportedCurrency": "USD", "grossProfit": "331801000", "totalRevenue": "385661000", "costOfRevenue": "53860000", "costofGoodsAndServicesSold": "53860000", "operatingIncome": "112807000", "sellingGeneralAndAdministrative": "128698000", "researchAndDevelopment": "86133000", "operatingExpenses": "218994000", "investmentIncomeNet": "None", "netInterestIncome": "-2106000", "interestIncome": "934000", "interestExpense": "3040000", "nonInterestIncome": "None", "otherNonOperatingIncome": "2818000", "depreciation": "None", "depreciationAndAmortization": "20654000", "incomeBeforeTax": "112585000", "incomeTaxExpense": "16021000", "interestAndDebtExpense": "None", "netIncomeFromContinuingOperations": "96564000", "comprehensiveIncomeNetOfTax": "None", "ebit": "113116000", "ebitda": "133770000", "netIncome": "96564000"}, {"fiscalDateEnding": "2020-03-31", "reportedCurrency": "USD", "grossProfit": "254869000", "totalRevenue": "304985000", "costOfRevenue": "50116000", "costofGoodsAndServicesSold": "50116000", "operatingIncome": "34073000", "sellingGeneralAndAdministrative": "130522000", "researchAndDevelopment": "86112000", "operatingExpenses": "220796000", "investmentIncomeNet": "None", "netInterestIncome": "-876000", "interestIncome": "2775000", "interestExpense": "3651000", "nonInterestIncome": "None", "otherNonOperatingIncome": "2902000", "depreciation": "None", "depreciationAndAmortization": "20702000", "incomeBeforeTax": "33324000", "incomeTaxExpense": "-12740000", "interestAndDebtExpense": "None", "netIncomeFromContinuingOperations": "46064000", "comprehensiveIncomeNetOfTax": "None", "ebit": "35023000", "ebitda": "55725000", "netIncome": "46064000"}, {"fiscalDateEnding": "2019-12-31", "reportedCurrency": "USD", "grossProfit": "436632000", "totalRevenue": "486228000", "costOfRevenue": "49596000", "costofGoodsAndServicesSold": "49596000", "operatingIncome": "185716000", "sellingGeneralAndAdministrative": "167937000", "researchAndDevelopment": "79152000", "operatingExpenses": "250916000", "investmentIncomeNet": "None", "netInterestIncome": "-275000", "interestIncome": "3186000", "interestExpense": "2900000", "nonInterestIncome": "None", "otherNonOperatingIncome": "2892000", "depreciation": "None", "depreciationAndAmortization": "3827000", "incomeBeforeTax": "185147000", "incomeTaxExpense": "19295000", "interestAndDebtExpense": "None", "netIncomeFromContinuingOperations": "165852000", "comprehensiveIncomeNetOfTax": "None", "ebit": "204167000", "ebitda": "207994000", "netIncome": "165852000"}, {"fiscalDateEnding": "2019-09-30", "reportedCurrency": "USD", "grossProfit": "302534000", "totalRevenue": "343899000", "costOfRevenue": "41365000", "costofGoodsAndServicesSold": "41365000", "operatingIncome": "105047000", "sellingGeneralAndAdministrative": "120682000", "researchAndDevelopment": "73018000", "operatingExpenses": "197487000", "investmentIncomeNet": "None", "netInterestIncome": "3188000", "interestIncome": "3188000", "interestExpense": "239000", "nonInterestIncome": "None", "otherNonOperatingIncome": "3782000", "depreciation": "None", "depreciationAndAmortization": "3787000", "incomeBeforeTax": "108829000", "incomeTaxExpense": "19366000", "interestAndDebtExpense": "None", "netIncomeFromContinuingOperations": "89463000", "comprehensiveIncomeNetOfTax": "None", "ebit": "118489000", "ebitda": "122276000", "netIncome": "89463000"}, {"fiscalDateEnding": "2019-06-30", "reportedCurrency": "USD", "grossProfit": "328138000", "totalRevenue": "368635000", "costOfRevenue": "40497000", "costofGoodsAndServicesSold": "40497000", "operatingIncome": "128628000", "sellingGeneralAndAdministrative": "120412000", "researchAndDevelopment": "75302000", "operatingExpenses": "199510000", "investmentIncomeNet": "None", "netInterestIncome": "2980000", "interestIncome": "2980000", "interestExpense": "231000", "nonInterestIncome": "None", "otherNonOperatingIncome": "1313000", "depreciation": "None", "depreciationAndAmortization": "3796000", "incomeBeforeTax": "129941000", "incomeTaxExpense": "20191000", "interestAndDebtExpense": "None", "netIncomeFromContinuingOperations": "109750000", "comprehensiveIncomeNetOfTax": "None", "ebit": "139385000", "ebitda": "143181000", "netIncome": "109750000"}, {"fiscalDateEnding": "2019-03-31", "reportedCurrency": "USD", "grossProfit": "282315000", "totalRevenue": "317130000", "costOfRevenue": "34815000", "costofGoodsAndServicesSold": "34815000", "operatingIncome": "95649000", "sellingGeneralAndAdministrative": "112169000", "researchAndDevelopment": "70738000", "operatingExpenses": "186666000", "investmentIncomeNet": "None", "netInterestIncome": "3442000", "interestIncome": "2929000", "interestExpense": "91000", "nonInterestIncome": "None", "otherNonOperatingIncome": "3017000", "depreciation": "None", "depreciationAndAmortization": "3759000", "incomeBeforeTax": "98666000", "incomeTaxExpense": "12436000", "interestAndDebtExpense": "None", "netIncomeFromContinuingOperations": "86230000", "comprehensiveIncomeNetOfTax": "None", "ebit": "108005000", "ebitda": "111764000", "netIncome": "86230000"}, {"fiscalDateEnding": "2018-12-31", "reportedCurrency": "USD", "grossProfit": "375343000", "totalRevenue": "415432000", "costOfRevenue": "40089000", "costofGoodsAndServicesSold": "40089000", "operatingIncome": "179936000", "sellingGeneralAndAdministrative": "133137000", "researchAndDevelopment": "58896000", "operatingExpenses": "195407000", "investmentIncomeNet": "None", "netInterestIncome": "None", "interestIncome": "None", "interestExpense": "0", "nonInterestIncome": "None", "otherNonOperatingIncome": "5126000", "depreciation": "None", "depreciationAndAmortization": "3374000", "incomeBeforeTax": "185062000", "incomeTaxExpense": "31899000", "interestAndDebtExpense": "None", "netIncomeFromContinuingOperations": "153163000", "comprehensiveIncomeNetOfTax": "None", "ebit": "188476000", "ebitda": "191850000", "netIncome": "153163000"}, {"fiscalDateEnding": "2018-09-30", "reportedCurrency": "USD", "grossProfit": "253110000", "totalRevenue": "289418000", "costOfRevenue": "36308000", "costofGoodsAndServicesSold": "36308000", "operatingIncome": "93024000", "sellingGeneralAndAdministrative": "97576000", "researchAndDevelopment": "59019000", "operatingExpenses": "160086000", "investmentIncomeNet": "None", "netInterestIncome": "None", "interestIncome": "None", "interestExpense": "0", "nonInterestIncome": "None", "otherNonOperatingIncome": "2239000", "depreciation": "None", "depreciationAndAmortization": "3491000", "incomeBeforeTax": "95263000", "incomeTaxExpense": "5927000", "interestAndDebtExpense": "None", "netIncomeFromContinuingOperations": "89336000", "comprehensiveIncomeNetOfTax": "None", "ebit": "103136000", "ebitda": "106627000", "netIncome": "89336000"}, {"fiscalDateEnding": "2018-06-30", "reportedCurrency": "USD", "grossProfit": "265463000", "totalRevenue": "305913000", "costOfRevenue": "40450000", "costofGoodsAndServicesSold": "40450000", "operatingIncome": "108553000", "sellingGeneralAndAdministrative": "95058000", "researchAndDevelopment": "58357000", "operatingExpenses": "156910000", "investmentIncomeNet": "None", "netInterestIncome": "None", "interestIncome": "None", "interestExpense": "2692000", "nonInterestIncome": "None", "otherNonOperatingIncome": "1169000", "depreciation": "None", "depreciationAndAmortization": "3495000", "incomeBeforeTax": "109722000", "incomeTaxExpense": "17126000", "interestAndDebtExpense": "None", "netIncomeFromContinuingOperations": "92596000", "comprehensiveIncomeNetOfTax": "None", "ebit": "122183000", "ebitda": "125678000", "netIncome": "92596000"}, {"fiscalDateEnding": "2018-03-31", "reportedCurrency": "USD", "grossProfit": "243835000", "totalRevenue": "282873000", "costOfRevenue": "39038000", "costofGoodsAndServicesSold": "39038000", "operatingIncome": "95061000", "sellingGeneralAndAdministrative": "87809000", "researchAndDevelopment": "57530000", "operatingExpenses": "148774000", "investmentIncomeNet": "None", "netInterestIncome": "None", "interestIncome": "None", "interestExpense": "2692000", "nonInterestIncome": "None", "otherNonOperatingIncome": "1977000", "depreciation": "None", "depreciationAndAmortization": "3435000", "incomeBeforeTax": "97038000", "incomeTaxExpense": "12758000", "interestAndDebtExpense": "None", "netIncomeFromContinuingOperations": "84280000", "comprehensiveIncomeNetOfTax": "None", "ebit": "108239000", "ebitda": "111674000", "netIncome": "84280000"}, {"fiscalDateEnding": "2017-12-31", "reportedCurrency": "USD", "grossProfit": "261524000", "totalRevenue": "302336000", "costOfRevenue": "40812000", "costofGoodsAndServicesSold": "40812000", "operatingIncome": "100679000", "sellingGeneralAndAdministrative": "108157000", "researchAndDevelopment": "49222000", "operatingExpenses": "160845000", "investmentIncomeNet": "None", "netInterestIncome": "None", "interestIncome": "None", "interestExpense": "4491000", "nonInterestIncome": "None", "otherNonOperatingIncome": "1651000", "depreciation": "None", "depreciationAndAmortization": "3466000", "incomeBeforeTax": "102330000", "incomeTaxExpense": "49745000", "interestAndDebtExpense": "None", "netIncomeFromContinuingOperations": "52585000", "comprehensiveIncomeNetOfTax": "None", "ebit": "114952000", "ebitda": "118418000", "netIncome": "52585000"}, {"fiscalDateEnding": "2017-09-30", "reportedCurrency": "USD", "grossProfit": "239602000", "totalRevenue": "275585000", "costOfRevenue": "35983000", "costofGoodsAndServicesSold": "35983000", "operatingIncome": "106183000", "sellingGeneralAndAdministrative": "80015000", "researchAndDevelopment": "50144000", "operatingExpenses": "133419000", "investmentIncomeNet": "None", "netInterestIncome": "None", "interestIncome": "None", "interestExpense": "5843000", "nonInterestIncome": "None", "otherNonOperatingIncome": "1742000", "depreciation": "None", "depreciationAndAmortization": "3260000", "incomeBeforeTax": "107925000", "incomeTaxExpense": "34295000", "interestAndDebtExpense": "None", "netIncomeFromContinuingOperations": "73630000", "comprehensiveIncomeNetOfTax": "None", "ebit": "119853000", "ebitda": "123113000", "netIncome": "73630000"}, {"fiscalDateEnding": "2017-06-30", "reportedCurrency": "USD", "grossProfit": "227586000", "totalRevenue": "263924000", "costOfRevenue": "36338000", "costofGoodsAndServicesSold": "36338000", "operatingIncome": "98394000", "sellingGeneralAndAdministrative": "77051000", "researchAndDevelopment": "49002000", "operatingExpenses": "129192000", "investmentIncomeNet": "None", "netInterestIncome": "None", "interestIncome": "None", "interestExpense": "2849000", "nonInterestIncome": "None", "otherNonOperatingIncome": "1478000", "depreciation": "None", "depreciationAndAmortization": "3139000", "incomeBeforeTax": "99872000", "incomeTaxExpense": "30142000", "interestAndDebtExpense": "None", "netIncomeFromContinuingOperations": "69730000", "comprehensiveIncomeNetOfTax": "None", "ebit": "111673000", "ebitda": "114812000", "netIncome": "69730000"}, {"fiscalDateEnding": "2017-03-31", "reportedCurrency": "USD", "grossProfit": "216374000", "totalRevenue": "253405000", "costOfRevenue": "37031000", "costofGoodsAndServicesSold": "37031000", "operatingIncome": "85472000", "sellingGeneralAndAdministrative": "73417000", "researchAndDevelopment": "54378000", "operatingExpenses": "130902000", "investmentIncomeNet": "None", "netInterestIncome": "None", "interestIncome": "None", "interestExpense": "1352000", "nonInterestIncome": "None", "otherNonOperatingIncome": "95000", "depreciation": "None", "depreciationAndAmortization": "3107000", "incomeBeforeTax": "85567000", "incomeTaxExpense": "22261000", "interestAndDebtExpense": "None", "netIncomeFromContinuingOperations": "63306000", "comprehensiveIncomeNetOfTax": "None", "ebit": "98956000", "ebitda": "102063000", "netIncome": "63306000"}, {"fiscalDateEnding": "2016-12-31", "reportedCurrency": "USD", "grossProfit": "231650000", "totalRevenue": "270628000", "costOfRevenue": "38978000", "costofGoodsAndServicesSold": "38978000", "operatingIncome": "96966000", "sellingGeneralAndAdministrative": "85950000", "researchAndDevelopment": "45560000", "operatingExpenses": "134684000", "investmentIncomeNet": "None", "netInterestIncome": "None", "interestIncome": "None", "interestExpense": "46000", "nonInterestIncome": "None", "otherNonOperatingIncome": "1146000", "depreciation": "None", "depreciationAndAmortization": "3174000", "incomeBeforeTax": "98066000", "incomeTaxExpense": "28083000", "interestAndDebtExpense": "None", "netIncomeFromContinuingOperations": "69983000", "comprehensiveIncomeNetOfTax": "None", "ebit": "110859000", "ebitda": "114033000", "netIncome": "69983000"}, {"fiscalDateEnding": "2016-09-30", "reportedCurrency": "USD", "grossProfit": "210276000", "totalRevenue": "245862000", "costOfRevenue": "35586000", "costofGoodsAndServicesSold": "35586000", "operatingIncome": "100099000", "sellingGeneralAndAdministrative": "61537000", "researchAndDevelopment": "45418000", "operatingExpenses": "110177000", "investmentIncomeNet": "None", "netInterestIncome": "None", "interestIncome": "None", "interestExpense": "30000", "nonInterestIncome": "None", "otherNonOperatingIncome": "924000", "depreciation": "None", "depreciationAndAmortization": "17444000", "incomeBeforeTax": "100993000", "incomeTaxExpense": "31436000", "interestAndDebtExpense": "None", "netIncomeFromContinuingOperations": "69557000", "comprehensiveIncomeNetOfTax": "None", "ebit": "100099000", "ebitda": "117543000", "netIncome": "69557000"}, {"fiscalDateEnding": "2016-06-30", "reportedCurrency": "USD", "grossProfit": "209058000", "totalRevenue": "246069000", "costOfRevenue": "37011000", "costofGoodsAndServicesSold": "37011000", "operatingIncome": "94155000", "sellingGeneralAndAdministrative": "64259000", "researchAndDevelopment": "47443000", "operatingExpenses": "114903000", "investmentIncomeNet": "None", "netInterestIncome": "None", "interestIncome": "None", "interestExpense": "59000", "nonInterestIncome": "None", "otherNonOperatingIncome": "1382000", "depreciation": "None", "depreciationAndAmortization": "17444000", "incomeBeforeTax": "95478000", "incomeTaxExpense": "25850000", "interestAndDebtExpense": "None", "netIncomeFromContinuingOperations": "69628000", "comprehensiveIncomeNetOfTax": "None", "ebit": "94155000", "ebitda": "111599000", "netIncome": "69628000"}, {"fiscalDateEnding": "2016-03-31", "reportedCurrency": "USD", "grossProfit": "190621000", "totalRevenue": "225906000", "costOfRevenue": "35285000", "costofGoodsAndServicesSold": "35285000", "operatingIncome": "85022000", "sellingGeneralAndAdministrative": "57769000", "researchAndDevelopment": "44672000", "operatingExpenses": "105599000", "investmentIncomeNet": "None", "netInterestIncome": "None", "interestIncome": "None", "interestExpense": "86000", "nonInterestIncome": "None", "otherNonOperatingIncome": "842000", "depreciation": "None", "depreciationAndAmortization": "17432000", "incomeBeforeTax": "85778000", "incomeTaxExpense": "29310000", "interestAndDebtExpense": "None", "netIncomeFromContinuingOperations": "56468000", "comprehensiveIncomeNetOfTax": "None", "ebit": "85022000", "ebitda": "102454000", "netIncome": "56468000"}, {"fiscalDateEnding": "2015-12-31", "reportedCurrency": "USD", "grossProfit": "214655000", "totalRevenue": "251647000", "costOfRevenue": "36992000", "costofGoodsAndServicesSold": "36992000", "operatingIncome": "96943000", "sellingGeneralAndAdministrative": "71963000", "researchAndDevelopment": "41392000", "operatingExpenses": "117712000", "investmentIncomeNet": "None", "netInterestIncome": "None", "interestIncome": "None", "interestExpense": "46000", "nonInterestIncome": "None", "otherNonOperatingIncome": "811000", "depreciation": "None", "depreciationAndAmortization": "4357000", "incomeBeforeTax": "97800000", "incomeTaxExpense": "29779000", "interestAndDebtExpense": "None", "netIncomeFromContinuingOperations": "68021000", "comprehensiveIncomeNetOfTax": "None", "ebit": "96943000", "ebitda": "101300000", "netIncome": "68021000"}, {"fiscalDateEnding": "2015-09-30", "reportedCurrency": "USD", "grossProfit": "201259000", "totalRevenue": "237840000", "costOfRevenue": "36581000", "costofGoodsAndServicesSold": "36581000", "operatingIncome": "90183000", "sellingGeneralAndAdministrative": "61367000", "researchAndDevelopment": "44784000", "operatingExpenses": "111076000", "investmentIncomeNet": "None", "netInterestIncome": "None", "interestIncome": "None", "interestExpense": "95000", "nonInterestIncome": "None", "otherNonOperatingIncome": "291000", "depreciation": "None", "depreciationAndAmortization": "19647000", "incomeBeforeTax": "90379000", "incomeTaxExpense": "24346000", "interestAndDebtExpense": "None", "netIncomeFromContinuingOperations": "66033000", "comprehensiveIncomeNetOfTax": "None", "ebit": "90483000", "ebitda": "110130000", "netIncome": "66033000"}, {"fiscalDateEnding": "2015-06-30", "reportedCurrency": "USD", "grossProfit": "197700000", "totalRevenue": "235485000", "costOfRevenue": "37785000", "costofGoodsAndServicesSold": "37785000", "operatingIncome": "86495000", "sellingGeneralAndAdministrative": "63524000", "researchAndDevelopment": "42646000", "operatingExpenses": "111205000", "investmentIncomeNet": "None", "netInterestIncome": "None", "interestIncome": "None", "interestExpense": "122000", "nonInterestIncome": "None", "otherNonOperatingIncome": "886000", "depreciation": "None", "depreciationAndAmortization": "19707000", "incomeBeforeTax": "87259000", "incomeTaxExpense": "24924000", "interestAndDebtExpense": "None", "netIncomeFromContinuingOperations": "62335000", "comprehensiveIncomeNetOfTax": "None", "ebit": "86795000", "ebitda": "106502000", "netIncome": "62335000"}, {"fiscalDateEnding": "2015-03-31", "reportedCurrency": "USD", "grossProfit": "181893000", "totalRevenue": "217781000", "costOfRevenue": "35888000", "costofGoodsAndServicesSold": "35888000", "operatingIncome": "80058000", "sellingGeneralAndAdministrative": "56749000", "researchAndDevelopment": "40009000", "operatingExpenses": "101835000", "investmentIncomeNet": "None", "netInterestIncome": "None", "interestIncome": "None", "interestExpense": "154000", "nonInterestIncome": "None", "otherNonOperatingIncome": "1423000", "depreciation": "None", "depreciationAndAmortization": "19428000", "incomeBeforeTax": "81327000", "incomeTaxExpense": "25195000", "interestAndDebtExpense": "None", "netIncomeFromContinuingOperations": "56132000", "comprehensiveIncomeNetOfTax": "None", "ebit": "80358000", "ebitda": "99786000", "netIncome": "56132000"}, {"fiscalDateEnding": "2014-12-31", "reportedCurrency": "USD", "grossProfit": "214606000", "totalRevenue": "254375000", "costOfRevenue": "39769000", "costofGoodsAndServicesSold": "39769000", "operatingIncome": "94048000", "sellingGeneralAndAdministrative": "72374000", "researchAndDevelopment": "42170000", "operatingExpenses": "120558000", "investmentIncomeNet": "None", "netInterestIncome": "None", "interestIncome": "None", "interestExpense": "201000", "nonInterestIncome": "None", "otherNonOperatingIncome": "34000", "depreciation": "None", "depreciationAndAmortization": "6014000", "incomeBeforeTax": "93881000", "incomeTaxExpense": "24248000", "interestAndDebtExpense": "None", "netIncomeFromContinuingOperations": "69633000", "comprehensiveIncomeNetOfTax": "None", "ebit": "108835000", "ebitda": "114849000", "netIncome": "69633000"}, {"fiscalDateEnding": "2014-09-30", "reportedCurrency": "USD", "grossProfit": "196806000", "totalRevenue": "234000000", "costOfRevenue": "37194000", "costofGoodsAndServicesSold": "37194000", "operatingIncome": "90808000", "sellingGeneralAndAdministrative": "58172000", "researchAndDevelopment": "41033000", "operatingExpenses": "105998000", "investmentIncomeNet": "None", "netInterestIncome": "None", "interestIncome": "None", "interestExpense": "149000", "nonInterestIncome": "None", "otherNonOperatingIncome": "260000", "depreciation": "None", "depreciationAndAmortization": "21351000", "incomeBeforeTax": "90919000", "incomeTaxExpense": "25440000", "interestAndDebtExpense": "None", "netIncomeFromContinuingOperations": "65479000", "comprehensiveIncomeNetOfTax": "None", "ebit": "90808000", "ebitda": "112159000", "netIncome": "65479000"}, {"fiscalDateEnding": "2014-06-30", "reportedCurrency": "USD", "grossProfit": "193697000", "totalRevenue": "232375000", "costOfRevenue": "38678000", "costofGoodsAndServicesSold": "38678000", "operatingIncome": "83532000", "sellingGeneralAndAdministrative": "62280000", "researchAndDevelopment": "42098000", "operatingExpenses": "110165000", "investmentIncomeNet": "None", "netInterestIncome": "None", "interestIncome": "None", "interestExpense": "181000", "nonInterestIncome": "None", "otherNonOperatingIncome": "531000", "depreciation": "None", "depreciationAndAmortization": "20414000", "incomeBeforeTax": "83882000", "incomeTaxExpense": "20846000", "interestAndDebtExpense": "None", "netIncomeFromContinuingOperations": "63036000", "comprehensiveIncomeNetOfTax": "None", "ebit": "84132000", "ebitda": "104546000", "netIncome": "63036000"}, {"fiscalDateEnding": "2014-03-31", "reportedCurrency": "USD", "grossProfit": "177526000", "totalRevenue": "215271000", "costOfRevenue": "37745000", "costofGoodsAndServicesSold": "37745000", "operatingIncome": "79062000", "sellingGeneralAndAdministrative": "53550000", "researchAndDevelopment": "40120000", "operatingExpenses": "98464000", "investmentIncomeNet": "None", "netInterestIncome": "None", "interestIncome": "None", "interestExpense": "248000", "nonInterestIncome": "None", "otherNonOperatingIncome": "643000", "depreciation": "None", "depreciationAndAmortization": "19458000", "incomeBeforeTax": "79457000", "incomeTaxExpense": "22915000", "interestAndDebtExpense": "None", "netIncomeFromContinuingOperations": "56542000", "comprehensiveIncomeNetOfTax": "None", "ebit": "79362000", "ebitda": "98820000", "netIncome": "56542000"}, {"fiscalDateEnding": "2013-12-31", "reportedCurrency": "USD", "grossProfit": "197411000", "totalRevenue": "236020000", "costOfRevenue": "38609000", "costofGoodsAndServicesSold": "38609000", "operatingIncome": "92252000", "sellingGeneralAndAdministrative": "62287000", "researchAndDevelopment": "37880000", "operatingExpenses": "105159000", "investmentIncomeNet": "None", "netInterestIncome": "None", "interestIncome": "None", "interestExpense": "202000", "nonInterestIncome": "None", "otherNonOperatingIncome": "515000", "depreciation": "None", "depreciationAndAmortization": "19438000", "incomeBeforeTax": "92565000", "incomeTaxExpense": "16636000", "interestAndDebtExpense": "None", "netIncomeFromContinuingOperations": "75929000", "comprehensiveIncomeNetOfTax": "None", "ebit": "92767000", "ebitda": "112205000", "netIncome": "75929000"}, {"fiscalDateEnding": "2013-09-30", "reportedCurrency": "USD", "grossProfit": "177489000", "totalRevenue": "212658000", "costOfRevenue": "35169000", "costofGoodsAndServicesSold": "35169000", "operatingIncome": "81637000", "sellingGeneralAndAdministrative": "51345000", "researchAndDevelopment": "38882000", "operatingExpenses": "95852000", "investmentIncomeNet": "None", "netInterestIncome": "None", "interestIncome": "None", "interestExpense": "226000", "nonInterestIncome": "None", "otherNonOperatingIncome": "299000", "depreciation": "None", "depreciationAndAmortization": "19878000", "incomeBeforeTax": "81710000", "incomeTaxExpense": "19280000", "interestAndDebtExpense": "None", "netIncomeFromContinuingOperations": "62430000", "comprehensiveIncomeNetOfTax": "None", "ebit": "81637000", "ebitda": "101515000", "netIncome": "62430000"}, {"fiscalDateEnding": "2013-06-30", "reportedCurrency": "USD", "grossProfit": "178170000", "totalRevenue": "214850000", "costOfRevenue": "36680000", "costofGoodsAndServicesSold": "36680000", "operatingIncome": "78425000", "sellingGeneralAndAdministrative": "55262000", "researchAndDevelopment": "38670000", "operatingExpenses": "99745000", "investmentIncomeNet": "None", "netInterestIncome": "None", "interestIncome": "None", "interestExpense": "370000", "nonInterestIncome": "None", "otherNonOperatingIncome": "570000", "depreciation": "None", "depreciationAndAmortization": "20702000", "incomeBeforeTax": "78625000", "incomeTaxExpense": "22680000", "interestAndDebtExpense": "None", "netIncomeFromContinuingOperations": "55945000", "comprehensiveIncomeNetOfTax": "None", "ebit": "78995000", "ebitda": "99697000", "netIncome": "55945000"}, {"fiscalDateEnding": "2013-03-31", "reportedCurrency": "USD", "grossProfit": "161498000", "totalRevenue": "197732000", "costOfRevenue": "36234000", "costofGoodsAndServicesSold": "36234000", "operatingIncome": "69549000", "sellingGeneralAndAdministrative": "50013000", "researchAndDevelopment": "36007000", "operatingExpenses": "91949000", "investmentIncomeNet": "None", "netInterestIncome": "None", "interestIncome": "None", "interestExpense": "371000", "nonInterestIncome": "None", "otherNonOperatingIncome": "411000", "depreciation": "None", "depreciationAndAmortization": "5929000", "incomeBeforeTax": "69589000", "incomeTaxExpense": "18566000", "interestAndDebtExpense": "None", "netIncomeFromContinuingOperations": "51023000", "comprehensiveIncomeNetOfTax": "None", "ebit": "69960000", "ebitda": "75889000", "netIncome": "51023000"}, {"fiscalDateEnding": "2012-12-31", "reportedCurrency": "USD", "grossProfit": "184067000", "totalRevenue": "220748000", "costOfRevenue": "36681000", "costofGoodsAndServicesSold": "36681000", "operatingIncome": "81639000", "sellingGeneralAndAdministrative": "61754000", "researchAndDevelopment": "34206000", "operatingExpenses": "102428000", "investmentIncomeNet": "None", "netInterestIncome": "None", "interestIncome": "None", "interestExpense": "488000", "nonInterestIncome": "None", "otherNonOperatingIncome": "403000", "depreciation": "None", "depreciationAndAmortization": "6468000", "incomeBeforeTax": "81554000", "incomeTaxExpense": "25491000", "interestAndDebtExpense": "None", "netIncomeFromContinuingOperations": "56063000", "comprehensiveIncomeNetOfTax": "None", "ebit": "82042000", "ebitda": "88510000", "netIncome": "56063000"}, {"fiscalDateEnding": "2012-09-30", "reportedCurrency": "USD", "grossProfit": "163153000", "totalRevenue": "196909000", "costOfRevenue": "33756000", "costofGoodsAndServicesSold": "33756000", "operatingIncome": "73652000", "sellingGeneralAndAdministrative": "49195000", "researchAndDevelopment": "33506000", "operatingExpenses": "89501000", "investmentIncomeNet": "None", "netInterestIncome": "None", "interestIncome": "None", "interestExpense": "632000", "nonInterestIncome": "None", "otherNonOperatingIncome": "419000", "depreciation": "None", "depreciationAndAmortization": "21752000", "incomeBeforeTax": "73439000", "incomeTaxExpense": "21820000", "interestAndDebtExpense": "None", "netIncomeFromContinuingOperations": "51619000", "comprehensiveIncomeNetOfTax": "None", "ebit": "74071000", "ebitda": "95823000", "netIncome": "51619000"}, {"fiscalDateEnding": "2012-06-30", "reportedCurrency": "USD", "grossProfit": "160279000", "totalRevenue": "195016000", "costOfRevenue": "34737000", "costofGoodsAndServicesSold": "34737000", "operatingIncome": "71134000", "sellingGeneralAndAdministrative": "48980000", "researchAndDevelopment": "33415000", "operatingExpenses": "89145000", "investmentIncomeNet": "None", "netInterestIncome": "None", "interestIncome": "None", "interestExpense": "723000", "nonInterestIncome": "None", "otherNonOperatingIncome": "848000", "depreciation": "None", "depreciationAndAmortization": "21205000", "incomeBeforeTax": "71259000", "incomeTaxExpense": "20997000", "interestAndDebtExpense": "None", "netIncomeFromContinuingOperations": "50262000", "comprehensiveIncomeNetOfTax": "None", "ebit": "71982000", "ebitda": "93187000", "netIncome": "50262000"}, {"fiscalDateEnding": "2012-03-31", "reportedCurrency": "USD", "grossProfit": "151003000", "totalRevenue": "185345000", "costOfRevenue": "34342000", "costofGoodsAndServicesSold": "34342000", "operatingIncome": "67828000", "sellingGeneralAndAdministrative": "45249000", "researchAndDevelopment": "31501000", "operatingExpenses": "83175000", "investmentIncomeNet": "None", "netInterestIncome": "None", "interestIncome": "None", "interestExpense": "818000", "nonInterestIncome": "None", "otherNonOperatingIncome": "285000", "depreciation": "None", "depreciationAndAmortization": "6425000", "incomeBeforeTax": "67295000", "incomeTaxExpense": "21756000", "interestAndDebtExpense": "None", "netIncomeFromContinuingOperations": "45539000", "comprehensiveIncomeNetOfTax": "None", "ebit": "68729000", "ebitda": "75154000", "netIncome": "45539000"}, {"fiscalDateEnding": "2011-12-31", "reportedCurrency": "USD", "grossProfit": "164867000", "totalRevenue": "198209000", "costOfRevenue": "33342000", "costofGoodsAndServicesSold": "33342000", "operatingIncome": "73143000", "sellingGeneralAndAdministrative": "56571000", "researchAndDevelopment": "29751000", "operatingExpenses": "91724000", "investmentIncomeNet": "None", "netInterestIncome": "None", "interestIncome": "None", "interestExpense": "1002000", "nonInterestIncome": "None", "otherNonOperatingIncome": "979000", "depreciation": "None", "depreciationAndAmortization": "19039000", "incomeBeforeTax": "73120000", "incomeTaxExpense": "25663000", "interestAndDebtExpense": "None", "netIncomeFromContinuingOperations": "47457000", "comprehensiveIncomeNetOfTax": "None", "ebit": "74122000", "ebitda": "93161000", "netIncome": "47457000"}, {"fiscalDateEnding": "2011-09-30", "reportedCurrency": "USD", "grossProfit": "141908000", "totalRevenue": "172935000", "costOfRevenue": "31027000", "costofGoodsAndServicesSold": "31027000", "operatingIncome": "65329000", "sellingGeneralAndAdministrative": "43180000", "researchAndDevelopment": "28899000", "operatingExpenses": "76579000", "investmentIncomeNet": "None", "netInterestIncome": "None", "interestIncome": "None", "interestExpense": "753000", "nonInterestIncome": "None", "otherNonOperatingIncome": "867000", "depreciation": "None", "depreciationAndAmortization": "17091000", "incomeBeforeTax": "65443000", "incomeTaxExpense": "19897000", "interestAndDebtExpense": "None", "netIncomeFromContinuingOperations": "45546000", "comprehensiveIncomeNetOfTax": "None", "ebit": "66196000", "ebitda": "83287000", "netIncome": "45546000"}, {"fiscalDateEnding": "2011-06-30", "reportedCurrency": "USD", "grossProfit": "134195000", "totalRevenue": "162258000", "costOfRevenue": "28063000", "costofGoodsAndServicesSold": "28063000", "operatingIncome": "64813000", "sellingGeneralAndAdministrative": "40130000", "researchAndDevelopment": "25182000", "operatingExpenses": "69382000", "investmentIncomeNet": "None", "netInterestIncome": "None", "interestIncome": "None", "interestExpense": "774000", "nonInterestIncome": "None", "otherNonOperatingIncome": "604000", "depreciation": "None", "depreciationAndAmortization": "14994000", "incomeBeforeTax": "64643000", "incomeTaxExpense": "19212000", "interestAndDebtExpense": "None", "netIncomeFromContinuingOperations": "45431000", "comprehensiveIncomeNetOfTax": "None", "ebit": "65417000", "ebitda": "80411000", "netIncome": "45431000"}, {"fiscalDateEnding": "2011-03-31", "reportedCurrency": "USD", "grossProfit": "131465000", "totalRevenue": "158047000", "costOfRevenue": "26582000", "costofGoodsAndServicesSold": "26582000", "operatingIncome": "62274000", "sellingGeneralAndAdministrative": "40476000", "researchAndDevelopment": "24698000", "operatingExpenses": "69191000", "investmentIncomeNet": "None", "netInterestIncome": "None", "interestIncome": "None", "interestExpense": "803000", "nonInterestIncome": "None", "otherNonOperatingIncome": "181000", "depreciation": "None", "depreciationAndAmortization": "14831000", "incomeBeforeTax": "61652000", "incomeTaxExpense": "19411000", "interestAndDebtExpense": "None", "netIncomeFromContinuingOperations": "42241000", "comprehensiveIncomeNetOfTax": "None", "ebit": "62455000", "ebitda": "77286000", "netIncome": "42241000"}, {"fiscalDateEnding": "2010-12-31", "reportedCurrency": "USD", "grossProfit": "139766000", "totalRevenue": "166573000", "costOfRevenue": "26807000", "costofGoodsAndServicesSold": "26807000", "operatingIncome": "65385000", "sellingGeneralAndAdministrative": "46935000", "researchAndDevelopment": "23317000", "operatingExpenses": "74381000", "investmentIncomeNet": "None", "netInterestIncome": "None", "interestIncome": "None", "interestExpense": "792000", "nonInterestIncome": "None", "otherNonOperatingIncome": "None", "depreciation": "None", "depreciationAndAmortization": "15409000", "incomeBeforeTax": "65868000", "incomeTaxExpense": "16728000", "interestAndDebtExpense": "None", "netIncomeFromContinuingOperations": "0", "comprehensiveIncomeNetOfTax": "None", "ebit": "66660000", "ebitda": "82069000", "netIncome": "49140000"}, {"fiscalDateEnding": "2010-09-30", "reportedCurrency": "USD", "grossProfit": "114564000", "totalRevenue": "139843000", "costOfRevenue": "25279000", "costofGoodsAndServicesSold": "25279000", "operatingIncome": "51877000", "sellingGeneralAndAdministrative": "36954000", "researchAndDevelopment": "21696000", "operatingExpenses": "62687000", "investmentIncomeNet": "None", "netInterestIncome": "None", "interestIncome": "None", "interestExpense": "902000", "nonInterestIncome": "None", "otherNonOperatingIncome": "-83000", "depreciation": "None", "depreciationAndAmortization": "15152000", "incomeBeforeTax": "50892000", "incomeTaxExpense": "14762000", "interestAndDebtExpense": "None", "netIncomeFromContinuingOperations": "36130000", "comprehensiveIncomeNetOfTax": "None", "ebit": "51794000", "ebitda": "66946000", "netIncome": "36130000"}, {"fiscalDateEnding": "2010-06-30", "reportedCurrency": "USD", "grossProfit": "113627000", "totalRevenue": "137767000", "costOfRevenue": "24140000", "costofGoodsAndServicesSold": "24140000", "operatingIncome": "52383000", "sellingGeneralAndAdministrative": "35979000", "researchAndDevelopment": "21390000", "operatingExpenses": "61244000", "investmentIncomeNet": "None", "netInterestIncome": "None", "interestIncome": "None", "interestExpense": "1245000", "nonInterestIncome": "None", "otherNonOperatingIncome": "561000", "depreciation": "None", "depreciationAndAmortization": "15049000", "incomeBeforeTax": "51699000", "incomeTaxExpense": "16206000", "interestAndDebtExpense": "None", "netIncomeFromContinuingOperations": "35493000", "comprehensiveIncomeNetOfTax": "None", "ebit": "52944000", "ebitda": "67993000", "netIncome": "35493000"}, {"fiscalDateEnding": "2010-03-31", "reportedCurrency": "USD", "grossProfit": "111400000", "totalRevenue": "136053000", "costOfRevenue": "24653000", "costofGoodsAndServicesSold": "24653000", "operatingIncome": "49623000", "sellingGeneralAndAdministrative": "35228000", "researchAndDevelopment": "22587000", "operatingExpenses": "61777000", "investmentIncomeNet": "None", "netInterestIncome": "None", "interestIncome": "None", "interestExpense": "1549000", "nonInterestIncome": "None", "otherNonOperatingIncome": "None", "depreciation": "None", "depreciationAndAmortization": "15216000", "incomeBeforeTax": "47935000", "incomeTaxExpense": "15566000", "interestAndDebtExpense": "None", "netIncomeFromContinuingOperations": "0", "comprehensiveIncomeNetOfTax": "None", "ebit": "49484000", "ebitda": "64700000", "netIncome": "32369000"}, {"fiscalDateEnding": "2009-12-31", "reportedCurrency": "USD", "grossProfit": "124701000", "totalRevenue": "150362000", "costOfRevenue": "25661000", "costofGoodsAndServicesSold": "25661000", "operatingIncome": "60356000", "sellingGeneralAndAdministrative": "39150000", "researchAndDevelopment": "20455000", "operatingExpenses": "63797000", "investmentIncomeNet": "None", "netInterestIncome": "None", "interestIncome": "None", "interestExpense": "1870000", "nonInterestIncome": "None", "otherNonOperatingIncome": "None", "depreciation": "None", "depreciationAndAmortization": "16235000", "incomeBeforeTax": "58836000", "incomeTaxExpense": "21206000", "interestAndDebtExpense": "None", "netIncomeFromContinuingOperations": "0", "comprehensiveIncomeNetOfTax": "None", "ebit": "60706000", "ebitda": "76941000", "netIncome": "37630000"}, {"fiscalDateEnding": "2009-09-30", "reportedCurrency": "USD", "grossProfit": "104298000", "totalRevenue": "128187000", "costOfRevenue": "23889000", "costofGoodsAndServicesSold": "23889000", "operatingIncome": "47632000", "sellingGeneralAndAdministrative": "31719000", "researchAndDevelopment": "19462000", "operatingExpenses": "55296000", "investmentIncomeNet": "None", "netInterestIncome": "None", "interestIncome": "None", "interestExpense": "2313000", "nonInterestIncome": "None", "otherNonOperatingIncome": "None", "depreciation": "None", "depreciationAndAmortization": "4115000", "incomeBeforeTax": "45798000", "incomeTaxExpense": "15269000", "interestAndDebtExpense": "None", "netIncomeFromContinuingOperations": "0", "comprehensiveIncomeNetOfTax": "None", "ebit": "49427000", "ebitda": "53542000", "netIncome": "30529000"}, {"fiscalDateEnding": "2009-06-30", "reportedCurrency": "USD", "grossProfit": "97968000", "totalRevenue": "122026000", "costOfRevenue": "24058000", "costofGoodsAndServicesSold": "24058000", "operatingIncome": "40660000", "sellingGeneralAndAdministrative": "32570000", "researchAndDevelopment": "19909000", "operatingExpenses": "56500000", "investmentIncomeNet": "None", "netInterestIncome": "None", "interestIncome": "None", "interestExpense": "2941000", "nonInterestIncome": "None", "otherNonOperatingIncome": "None", "depreciation": "None", "depreciationAndAmortization": "4021000", "incomeBeforeTax": "37262000", "incomeTaxExpense": "10125000", "interestAndDebtExpense": "None", "netIncomeFromContinuingOperations": "0", "comprehensiveIncomeNetOfTax": "None", "ebit": "41828000", "ebitda": "45849000", "netIncome": "27137000"}, {"fiscalDateEnding": "2009-03-31", "reportedCurrency": "USD", "grossProfit": "92682000", "totalRevenue": "116310000", "costOfRevenue": "23628000", "costofGoodsAndServicesSold": "23628000", "operatingIncome": "34829000", "sellingGeneralAndAdministrative": "33825000", "researchAndDevelopment": "20030000", "operatingExpenses": "57853000", "investmentIncomeNet": "None", "netInterestIncome": "None", "interestIncome": "None", "interestExpense": "3277000", "nonInterestIncome": "None", "otherNonOperatingIncome": "None", "depreciation": "None", "depreciationAndAmortization": "15815000", "incomeBeforeTax": "31633000", "incomeTaxExpense": "10538000", "interestAndDebtExpense": "None", "netIncomeFromContinuingOperations": "0", "comprehensiveIncomeNetOfTax": "None", "ebit": "34910000", "ebitda": "50725000", "netIncome": "21095000"}, {"fiscalDateEnding": "2008-12-31", "reportedCurrency": "USD", "grossProfit": "109911000", "totalRevenue": "135301000", "costOfRevenue": "25390000", "costofGoodsAndServicesSold": "25390000", "operatingIncome": "45780000", "sellingGeneralAndAdministrative": "41954000", "researchAndDevelopment": "18826000", "operatingExpenses": "64131000", "investmentIncomeNet": "None", "netInterestIncome": "None", "interestIncome": "None", "interestExpense": "12464000", "nonInterestIncome": "None", "otherNonOperatingIncome": "None", "depreciation": "None", "depreciationAndAmortization": "15946000", "incomeBeforeTax": "43328000", "incomeTaxExpense": "11415000", "interestAndDebtExpense": "None", "netIncomeFromContinuingOperations": "0", "comprehensiveIncomeNetOfTax": "None", "ebit": "45780000", "ebitda": "61726000", "netIncome": "31913000"}, {"fiscalDateEnding": "2008-09-30", "reportedCurrency": "USD", "grossProfit": "97660000", "totalRevenue": "122247000", "costOfRevenue": "24587000", "costofGoodsAndServicesSold": "24587000", "operatingIncome": "38296000", "sellingGeneralAndAdministrative": "36071000", "researchAndDevelopment": "20282000", "operatingExpenses": "59364000", "investmentIncomeNet": "None", "netInterestIncome": "None", "interestIncome": "None", "interestExpense": "3122000", "nonInterestIncome": "None", "otherNonOperatingIncome": "None", "depreciation": "None", "depreciationAndAmortization": "14594000", "incomeBeforeTax": "36573000", "incomeTaxExpense": "10798000", "interestAndDebtExpense": "None", "netIncomeFromContinuingOperations": "0", "comprehensiveIncomeNetOfTax": "None", "ebit": "23702000", "ebitda": "38296000", "netIncome": "25775000"}, {"fiscalDateEnding": "2008-06-30", "reportedCurrency": "USD", "grossProfit": "90716000", "totalRevenue": "111246000", "costOfRevenue": "20530000", "costofGoodsAndServicesSold": "20530000", "operatingIncome": "43854000", "sellingGeneralAndAdministrative": "28153000", "researchAndDevelopment": "16528000", "operatingExpenses": "46862000", "investmentIncomeNet": "None", "netInterestIncome": "None", "interestIncome": "None", "interestExpense": "1242000", "nonInterestIncome": "None", "otherNonOperatingIncome": "None", "depreciation": "None", "depreciationAndAmortization": "9881000", "incomeBeforeTax": "43446000", "incomeTaxExpense": "15317000", "interestAndDebtExpense": "None", "netIncomeFromContinuingOperations": "0", "comprehensiveIncomeNetOfTax": "None", "ebit": "33973000", "ebitda": "43854000", "netIncome": "28129000"}, {"fiscalDateEnding": "2008-03-31", "reportedCurrency": "USD", "grossProfit": "88638000", "totalRevenue": "109545000", "costOfRevenue": "20907000", "costofGoodsAndServicesSold": "20907000", "operatingIncome": "41801000", "sellingGeneralAndAdministrative": "28709000", "researchAndDevelopment": "15958000", "operatingExpenses": "46837000", "investmentIncomeNet": "None", "netInterestIncome": "None", "interestIncome": "None", "interestExpense": "985000", "nonInterestIncome": "None", "otherNonOperatingIncome": "None", "depreciation": "None", "depreciationAndAmortization": "9672000", "incomeBeforeTax": "43344000", "incomeTaxExpense": "17490000", "interestAndDebtExpense": "None", "netIncomeFromContinuingOperations": "0", "comprehensiveIncomeNetOfTax": "None", "ebit": "32129000", "ebitda": "41801000", "netIncome": "25854000"}, {"fiscalDateEnding": "2007-12-31", "reportedCurrency": "USD", "grossProfit": "90391000", "totalRevenue": "111236000", "costOfRevenue": "20845000", "costofGoodsAndServicesSold": "20845000", "operatingIncome": "37942000", "sellingGeneralAndAdministrative": "34526000", "researchAndDevelopment": "15635000", "operatingExpenses": "52449000", "investmentIncomeNet": "None", "netInterestIncome": "None", "interestIncome": "None", "interestExpense": "8788000", "nonInterestIncome": "None", "otherNonOperatingIncome": "None", "depreciation": "None", "depreciationAndAmortization": "10010000", "incomeBeforeTax": "38472000", "incomeTaxExpense": "9183000", "interestAndDebtExpense": "None", "netIncomeFromContinuingOperations": "0", "comprehensiveIncomeNetOfTax": "None", "ebit": "37942000", "ebitda": "47952000", "netIncome": "29289000"}, {"fiscalDateEnding": "2007-09-30", "reportedCurrency": "USD", "grossProfit": "74643000", "totalRevenue": "94034000", "costOfRevenue": "19391000", "costofGoodsAndServicesSold": "19391000", "operatingIncome": "31610000", "sellingGeneralAndAdministrative": "26596000", "researchAndDevelopment": "14198000", "operatingExpenses": "43033000", "investmentIncomeNet": "None", "netInterestIncome": "None", "interestIncome": "None", "interestExpense": "1600000", "nonInterestIncome": "None", "otherNonOperatingIncome": "None", "depreciation": "None", "depreciationAndAmortization": "9570000", "incomeBeforeTax": "30946000", "incomeTaxExpense": "12250000", "interestAndDebtExpense": "None", "netIncomeFromContinuingOperations": "0", "comprehensiveIncomeNetOfTax": "None", "ebit": "22040000", "ebitda": "31610000", "netIncome": "18696000"}, {"fiscalDateEnding": "2007-06-30", "reportedCurrency": "USD", "grossProfit": "73280000", "totalRevenue": "92211000", "costOfRevenue": "18931000", "costofGoodsAndServicesSold": "18931000", "operatingIncome": "30396000", "sellingGeneralAndAdministrative": "27095000", "researchAndDevelopment": "13576000", "operatingExpenses": "42884000", "investmentIncomeNet": "None", "netInterestIncome": "None", "interestIncome": "None", "interestExpense": "1966000", "nonInterestIncome": "None", "otherNonOperatingIncome": "None", "depreciation": "None", "depreciationAndAmortization": "9891000", "incomeBeforeTax": "29061000", "incomeTaxExpense": "10805000", "interestAndDebtExpense": "None", "netIncomeFromContinuingOperations": "0", "comprehensiveIncomeNetOfTax": "None", "ebit": "20505000", "ebitda": "30396000", "netIncome": "18256000"}, {"fiscalDateEnding": "2007-03-31", "reportedCurrency": "USD", "grossProfit": "68979000", "totalRevenue": "87859000", "costOfRevenue": "18880000", "costofGoodsAndServicesSold": "18880000", "operatingIncome": "26821000", "sellingGeneralAndAdministrative": "26891000", "researchAndDevelopment": "13072000", "operatingExpenses": "42158000", "investmentIncomeNet": "None", "netInterestIncome": "None", "interestIncome": "None", "interestExpense": "1121000", "nonInterestIncome": "None", "otherNonOperatingIncome": "None", "depreciation": "None", "depreciationAndAmortization": "9478000", "incomeBeforeTax": "25784000", "incomeTaxExpense": "9633000", "interestAndDebtExpense": "None", "netIncomeFromContinuingOperations": "0", "comprehensiveIncomeNetOfTax": "None", "ebit": "17343000", "ebitda": "26821000", "netIncome": "16151000"}, {"fiscalDateEnding": "2006-12-31", "reportedCurrency": "USD", "grossProfit": "66162000", "totalRevenue": "85248000", "costOfRevenue": "19086000", "costofGoodsAndServicesSold": "19086000", "operatingIncome": "19989000", "sellingGeneralAndAdministrative": "28709000", "researchAndDevelopment": "15132000", "operatingExpenses": "46173000", "investmentIncomeNet": "None", "netInterestIncome": "None", "interestIncome": "None", "interestExpense": "1551000", "nonInterestIncome": "None", "otherNonOperatingIncome": "None", "depreciation": "None", "depreciationAndAmortization": "9523000", "incomeBeforeTax": "18021000", "incomeTaxExpense": "5757000", "interestAndDebtExpense": "None", "netIncomeFromContinuingOperations": "0", "comprehensiveIncomeNetOfTax": "None", "ebit": "19989000", "ebitda": "29512000", "netIncome": "12264000"}, {"fiscalDateEnding": "2006-09-30", "reportedCurrency": "USD", "grossProfit": "52797000", "totalRevenue": "70117000", "costOfRevenue": "17320000", "costofGoodsAndServicesSold": "17320000", "operatingIncome": "12855000", "sellingGeneralAndAdministrative": "24333000", "researchAndDevelopment": "13295000", "operatingExpenses": "39942000", "investmentIncomeNet": "None", "netInterestIncome": "None", "interestIncome": "None", "interestExpense": "2996000", "nonInterestIncome": "None", "otherNonOperatingIncome": "None", "depreciation": "None", "depreciationAndAmortization": "9282000", "incomeBeforeTax": "11212000", "incomeTaxExpense": "2840000", "interestAndDebtExpense": "None", "netIncomeFromContinuingOperations": "0", "comprehensiveIncomeNetOfTax": "None", "ebit": "12855000", "ebitda": "22137000", "netIncome": "8372000"}, {"fiscalDateEnding": "2006-06-30", "reportedCurrency": "USD", "grossProfit": "48811000", "totalRevenue": "62264000", "costOfRevenue": "13453000", "costofGoodsAndServicesSold": "13453000", "operatingIncome": "-14507000", "sellingGeneralAndAdministrative": "22020000", "researchAndDevelopment": "11622000", "operatingExpenses": "35218000", "investmentIncomeNet": "None", "netInterestIncome": "None", "interestIncome": "None", "interestExpense": "919000", "nonInterestIncome": "None", "otherNonOperatingIncome": "None", "depreciation": "None", "depreciationAndAmortization": "6786000", "incomeBeforeTax": "-15689000", "incomeTaxExpense": "3704000", "interestAndDebtExpense": "None", "netIncomeFromContinuingOperations": "0", "comprehensiveIncomeNetOfTax": "None", "ebit": "13593000", "ebitda": "20379000", "netIncome": "-19393000"}, {"fiscalDateEnding": "2006-03-31", "reportedCurrency": "USD", "grossProfit": "40051000", "totalRevenue": "46011000", "costOfRevenue": "5960000", "costofGoodsAndServicesSold": "5960000", "operatingIncome": "17819000", "sellingGeneralAndAdministrative": "11839000", "researchAndDevelopment": "9357000", "operatingExpenses": "21324000", "investmentIncomeNet": "None", "netInterestIncome": "None", "interestIncome": "None", "interestExpense": "4000", "nonInterestIncome": "None", "otherNonOperatingIncome": "None", "depreciation": "None", "depreciationAndAmortization": "1872000", "incomeBeforeTax": "19517000", "incomeTaxExpense": "6604000", "interestAndDebtExpense": "None", "netIncomeFromContinuingOperations": "0", "comprehensiveIncomeNetOfTax": "None", "ebit": "17029000", "ebitda": "18901000", "netIncome": "12913000"}, {"fiscalDateEnding": "2005-12-31", "reportedCurrency": "USD", "grossProfit": "38481000", "totalRevenue": "43721000", "costOfRevenue": "5240000", "costofGoodsAndServicesSold": "5240000", "operatingIncome": "17762000", "sellingGeneralAndAdministrative": "11431000", "researchAndDevelopment": "8202000", "operatingExpenses": "98347000", "investmentIncomeNet": "None", "netInterestIncome": "None", "interestIncome": "None", "interestExpense": "0", "nonInterestIncome": "None", "otherNonOperatingIncome": "None", "depreciation": "None", "depreciationAndAmortization": "1948000", "incomeBeforeTax": "19233000", "incomeTaxExpense": "5962000", "interestAndDebtExpense": "None", "netIncomeFromContinuingOperations": "0", "comprehensiveIncomeNetOfTax": "None", "ebit": "-51985000", "ebitda": "-50037000", "netIncome": "13271000"}, {"fiscalDateEnding": "2005-09-30", "reportedCurrency": "USD", "grossProfit": "33879000", "totalRevenue": "39035000", "costOfRevenue": "5156000", "costofGoodsAndServicesSold": "5156000", "operatingIncome": "14329000", "sellingGeneralAndAdministrative": "10708000", "researchAndDevelopment": "7667000", "operatingExpenses": "18673000", "investmentIncomeNet": "None", "netInterestIncome": "None", "interestIncome": "None", "interestExpense": "0", "nonInterestIncome": "None", "otherNonOperatingIncome": "None", "depreciation": "None", "depreciationAndAmortization": "2027000", "incomeBeforeTax": "15470000", "incomeTaxExpense": "4296000", "interestAndDebtExpense": "None", "netIncomeFromContinuingOperations": "0", "comprehensiveIncomeNetOfTax": "None", "ebit": "15206000", "ebitda": "17233000", "netIncome": "11174000"}, {"fiscalDateEnding": "2005-06-30", "reportedCurrency": "USD", "grossProfit": "32700000", "totalRevenue": "37656000", "costOfRevenue": "4956000", "costofGoodsAndServicesSold": "4956000", "operatingIncome": "13328000", "sellingGeneralAndAdministrative": "10600000", "researchAndDevelopment": "7506000", "operatingExpenses": "18491000", "investmentIncomeNet": "None", "netInterestIncome": "None", "interestIncome": "None", "interestExpense": "0", "nonInterestIncome": "None", "otherNonOperatingIncome": "None", "depreciation": "None", "depreciationAndAmortization": "2111000", "incomeBeforeTax": "14374000", "incomeTaxExpense": "4599000", "interestAndDebtExpense": "None", "netIncomeFromContinuingOperations": "0", "comprehensiveIncomeNetOfTax": "None", "ebit": "14209000", "ebitda": "16320000", "netIncome": "9775000"}, {"fiscalDateEnding": "2005-03-31", "reportedCurrency": "USD", "grossProfit": "32513000", "totalRevenue": "37624000", "costOfRevenue": "5111000", "costofGoodsAndServicesSold": "5111000", "operatingIncome": "13421000", "sellingGeneralAndAdministrative": "10546000", "researchAndDevelopment": "7313000", "operatingExpenses": "18185000", "investmentIncomeNet": "None", "netInterestIncome": "None", "interestIncome": "None", "interestExpense": "0", "nonInterestIncome": "None", "otherNonOperatingIncome": "None", "depreciation": "None", "depreciationAndAmortization": "2021000", "incomeBeforeTax": "14034000", "incomeTaxExpense": "4351000", "interestAndDebtExpense": "None", "netIncomeFromContinuingOperations": "0", "comprehensiveIncomeNetOfTax": "None", "ebit": "14328000", "ebitda": "16349000", "netIncome": "9683000"}, {"fiscalDateEnding": "2004-12-31", "reportedCurrency": "USD", "grossProfit": "33937000", "totalRevenue": "38887000", "costOfRevenue": "4950000", "costofGoodsAndServicesSold": "4950000", "operatingIncome": "14869000", "sellingGeneralAndAdministrative": "11173000", "researchAndDevelopment": "6840000", "operatingExpenses": "38305000", "investmentIncomeNet": "None", "netInterestIncome": "None", "interestIncome": "None", "interestExpense": "0", "nonInterestIncome": "None", "otherNonOperatingIncome": "None", "depreciation": "None", "depreciationAndAmortization": "1967000", "incomeBeforeTax": "16001000", "incomeTaxExpense": "3750000", "interestAndDebtExpense": "None", "netIncomeFromContinuingOperations": "0", "comprehensiveIncomeNetOfTax": "None", "ebit": "-4368000", "ebitda": "-2401000", "netIncome": "12251000"}]}