{"symbol": "CARR", "annualReports": [{"fiscalDateEnding": "2024-12-31", "reportedCurrency": "USD", "grossProfit": "5981000000", "totalRevenue": "22486000000", "costOfRevenue": "16505000000", "costofGoodsAndServicesSold": "16505000000", "operatingIncome": "2646000000", "sellingGeneralAndAdministrative": "3197000000", "researchAndDevelopment": "686000000", "operatingExpenses": "3335000000", "investmentIncomeNet": "None", "netInterestIncome": "-371000000", "interestIncome": "209000000", "interestExpense": "580000000", "nonInterestIncome": "None", "otherNonOperatingIncome": "None", "depreciation": "None", "depreciationAndAmortization": "1232000000", "incomeBeforeTax": "2274000000", "incomeTaxExpense": "1062000000", "interestAndDebtExpense": "None", "netIncomeFromContinuingOperations": "1212000000", "comprehensiveIncomeNetOfTax": "None", "ebit": "2854000000", "ebitda": "4086000000", "netIncome": "3336000000"}, {"fiscalDateEnding": "2023-12-31", "reportedCurrency": "USD", "grossProfit": "6383000000", "totalRevenue": "22098000000", "costOfRevenue": "15715000000", "costofGoodsAndServicesSold": "15715000000", "operatingIncome": "2296000000", "sellingGeneralAndAdministrative": "3009000000", "researchAndDevelopment": "617000000", "operatingExpenses": "3914000000", "investmentIncomeNet": "None", "netInterestIncome": "-218000000", "interestIncome": "109000000", "interestExpense": "211000000", "nonInterestIncome": "None", "otherNonOperatingIncome": "None", "depreciation": "None", "depreciationAndAmortization": "542000000", "incomeBeforeTax": "2084000000", "incomeTaxExpense": "-644000000", "interestAndDebtExpense": "None", "netIncomeFromContinuingOperations": "1279000000", "comprehensiveIncomeNetOfTax": "None", "ebit": "2296000000", "ebitda": "2296000000", "netIncome": "1440000000"}, {"fiscalDateEnding": "2022-12-31", "reportedCurrency": "USD", "grossProfit": "5464000000", "totalRevenue": "20421000000", "costOfRevenue": "14957000000", "costofGoodsAndServicesSold": "14957000000", "operatingIncome": "2413000000", "sellingGeneralAndAdministrative": "2516000000", "researchAndDevelopment": "539000000", "operatingExpenses": "3051000000", "investmentIncomeNet": "None", "netInterestIncome": "-219000000", "interestIncome": "83000000", "interestExpense": "302000000", "nonInterestIncome": "None", "otherNonOperatingIncome": "None", "depreciation": "None", "depreciationAndAmortization": "380000000", "incomeBeforeTax": "4292000000", "incomeTaxExpense": "708000000", "interestAndDebtExpense": "None", "netIncomeFromContinuingOperations": "3584000000", "comprehensiveIncomeNetOfTax": "None", "ebit": "2521000000", "ebitda": "2901000000", "netIncome": "3534000000"}, {"fiscalDateEnding": "2021-12-31", "reportedCurrency": "USD", "grossProfit": "5980000000", "totalRevenue": "20613000000", "costOfRevenue": "14633000000", "costofGoodsAndServicesSold": "14633000000", "operatingIncome": "2645000000", "sellingGeneralAndAdministrative": "3059000000", "researchAndDevelopment": "503000000", "operatingExpenses": "3623000000", "investmentIncomeNet": "None", "netInterestIncome": "-306000000", "interestIncome": "13000000", "interestExpense": "319000000", "nonInterestIncome": "None", "otherNonOperatingIncome": "None", "depreciation": "None", "depreciationAndAmortization": "338000000", "incomeBeforeTax": "2400000000", "incomeTaxExpense": "699000000", "interestAndDebtExpense": "None", "netIncomeFromContinuingOperations": "1701000000", "comprehensiveIncomeNetOfTax": "None", "ebit": "2568000000", "ebitda": "2906000000", "netIncome": "1664000000"}, {"fiscalDateEnding": "2020-12-31", "reportedCurrency": "USD", "grossProfit": "5109000000", "totalRevenue": "17456000000", "costOfRevenue": "12347000000", "costofGoodsAndServicesSold": "12347000000", "operatingIncome": "2102000000", "sellingGeneralAndAdministrative": "2760000000", "researchAndDevelopment": "419000000", "operatingExpenses": "3239000000", "investmentIncomeNet": "None", "netInterestIncome": "-288000000", "interestIncome": "10000000", "interestExpense": "298000000", "nonInterestIncome": "None", "otherNonOperatingIncome": "None", "depreciation": "None", "depreciationAndAmortization": "336000000", "incomeBeforeTax": "2855000000", "incomeTaxExpense": "849000000", "interestAndDebtExpense": "None", "netIncomeFromContinuingOperations": "2006000000", "comprehensiveIncomeNetOfTax": "None", "ebit": "2075000000", "ebitda": "2411000000", "netIncome": "1982000000"}, {"fiscalDateEnding": "2019-12-31", "reportedCurrency": "USD", "grossProfit": "5419000000", "totalRevenue": "18608000000", "costOfRevenue": "13189000000", "costofGoodsAndServicesSold": "13189000000", "operatingIncome": "2491000000", "sellingGeneralAndAdministrative": "2761000000", "researchAndDevelopment": "401000000", "operatingExpenses": "3162000000", "investmentIncomeNet": "None", "netInterestIncome": "27000000", "interestIncome": "102000000", "interestExpense": "75000000", "nonInterestIncome": "None", "otherNonOperatingIncome": "None", "depreciation": "None", "depreciationAndAmortization": "335000000", "incomeBeforeTax": "2672000000", "incomeTaxExpense": "517000000", "interestAndDebtExpense": "None", "netIncomeFromContinuingOperations": "2155000000", "comprehensiveIncomeNetOfTax": "None", "ebit": "2643000000", "ebitda": "2978000000", "netIncome": "2116000000"}, {"fiscalDateEnding": "2018-12-31", "reportedCurrency": "USD", "grossProfit": "5569000000", "totalRevenue": "18914000000", "costOfRevenue": "13345000000", "costofGoodsAndServicesSold": "13345000000", "operatingIncome": "3637000000", "sellingGeneralAndAdministrative": "2689000000", "researchAndDevelopment": "400000000", "operatingExpenses": "3089000000", "investmentIncomeNet": "None", "netInterestIncome": "37000000", "interestIncome": "121000000", "interestExpense": "84000000", "nonInterestIncome": "None", "otherNonOperatingIncome": "None", "depreciation": "None", "depreciationAndAmortization": "357000000", "incomeBeforeTax": "3842000000", "incomeTaxExpense": "1073000000", "interestAndDebtExpense": "None", "netIncomeFromContinuingOperations": "2769000000", "comprehensiveIncomeNetOfTax": "None", "ebit": "2866000000", "ebitda": "3223000000", "netIncome": "2734000000"}, {"fiscalDateEnding": "2017-12-31", "reportedCurrency": "USD", "grossProfit": "5185000000", "totalRevenue": "17814000000", "costOfRevenue": "12629000000", "costofGoodsAndServicesSold": "12629000000", "operatingIncome": "3030000000", "sellingGeneralAndAdministrative": "2584000000", "researchAndDevelopment": "364000000", "operatingExpenses": "2948000000", "investmentIncomeNet": "None", "netInterestIncome": "-115000000", "interestIncome": "104000000", "interestExpense": "219000000", "nonInterestIncome": "None", "otherNonOperatingIncome": "None", "depreciation": "None", "depreciationAndAmortization": "372000000", "incomeBeforeTax": "3054000000", "incomeTaxExpense": "1787000000", "interestAndDebtExpense": "None", "netIncomeFromContinuingOperations": "1267000000", "comprehensiveIncomeNetOfTax": "None", "ebit": "2644000000", "ebitda": "3016000000", "netIncome": "1227000000"}], "quarterlyReports": [{"fiscalDateEnding": "2024-12-31", "reportedCurrency": "USD", "grossProfit": "1344000000", "totalRevenue": "5148000000", "costOfRevenue": "3804000000", "costofGoodsAndServicesSold": "3804000000", "operatingIncome": "774000000", "sellingGeneralAndAdministrative": "803000000", "researchAndDevelopment": "162000000", "operatingExpenses": "570000000", "investmentIncomeNet": "None", "netInterestIncome": "-81000000", "interestIncome": "37000000", "interestExpense": "118000000", "nonInterestIncome": "None", "otherNonOperatingIncome": "None", "depreciation": "None", "depreciationAndAmortization": "318000000", "incomeBeforeTax": "693000000", "incomeTaxExpense": "723000000", "interestAndDebtExpense": "None", "netIncomeFromContinuingOperations": "-30000000", "comprehensiveIncomeNetOfTax": "None", "ebit": "811000000", "ebitda": "1129000000", "netIncome": "1416000000"}, {"fiscalDateEnding": "2024-09-30", "reportedCurrency": "USD", "grossProfit": "1677000000", "totalRevenue": "5984000000", "costOfRevenue": "4307000000", "costofGoodsAndServicesSold": "4307000000", "operatingIncome": "763000000", "sellingGeneralAndAdministrative": "976000000", "researchAndDevelopment": "172000000", "operatingExpenses": "914000000", "investmentIncomeNet": "None", "netInterestIncome": "8000000", "interestIncome": "139000000", "interestExpense": "131000000", "nonInterestIncome": "None", "otherNonOperatingIncome": "None", "depreciation": "None", "depreciationAndAmortization": "289000000", "incomeBeforeTax": "770000000", "incomeTaxExpense": "172000000", "interestAndDebtExpense": "None", "netIncomeFromContinuingOperations": "598000000", "comprehensiveIncomeNetOfTax": "None", "ebit": "901000000", "ebitda": "1190000000", "netIncome": "447000000"}, {"fiscalDateEnding": "2024-06-30", "reportedCurrency": "USD", "grossProfit": "1891000000", "totalRevenue": "6689000000", "costOfRevenue": "4798000000", "costofGoodsAndServicesSold": "4798000000", "operatingIncome": "733000000", "sellingGeneralAndAdministrative": "976000000", "researchAndDevelopment": "187000000", "operatingExpenses": "1158000000", "investmentIncomeNet": "None", "netInterestIncome": "-166000000", "interestIncome": "19000000", "interestExpense": "185000000", "nonInterestIncome": "None", "otherNonOperatingIncome": "None", "depreciation": "None", "depreciationAndAmortization": "311000000", "incomeBeforeTax": "3524000000", "incomeTaxExpense": "1155000000", "interestAndDebtExpense": "None", "netIncomeFromContinuingOperations": "2369000000", "comprehensiveIncomeNetOfTax": "None", "ebit": "739000000", "ebitda": "1050000000", "netIncome": "2337000000"}, {"fiscalDateEnding": "2024-03-31", "reportedCurrency": "USD", "grossProfit": "1705000000", "totalRevenue": "6182000000", "costOfRevenue": "4477000000", "costofGoodsAndServicesSold": "4477000000", "operatingIncome": "469000000", "sellingGeneralAndAdministrative": "985000000", "researchAndDevelopment": "224000000", "operatingExpenses": "1236000000", "investmentIncomeNet": "None", "netInterestIncome": "-165000000", "interestIncome": "15000000", "interestExpense": "180000000", "nonInterestIncome": "None", "otherNonOperatingIncome": "None", "depreciation": "None", "depreciationAndAmortization": "314000000", "incomeBeforeTax": "335000000", "incomeTaxExpense": "46000000", "interestAndDebtExpense": "None", "netIncomeFromContinuingOperations": "289000000", "comprehensiveIncomeNetOfTax": "None", "ebit": "469000000", "ebitda": "783000000", "netIncome": "269000000"}, {"fiscalDateEnding": "2023-12-31", "reportedCurrency": "USD", "grossProfit": "1434000000", "totalRevenue": "5102000000", "costOfRevenue": "3668000000", "costofGoodsAndServicesSold": "3668000000", "operatingIncome": "607000000", "sellingGeneralAndAdministrative": "962000000", "researchAndDevelopment": "170000000", "operatingExpenses": "1132000000", "investmentIncomeNet": "None", "netInterestIncome": "-47000000", "interestIncome": "64000000", "interestExpense": "111000000", "nonInterestIncome": "None", "otherNonOperatingIncome": "None", "depreciation": "None", "depreciationAndAmortization": "135000000", "incomeBeforeTax": "559000000", "incomeTaxExpense": "120000000", "interestAndDebtExpense": "None", "netIncomeFromContinuingOperations": "439000000", "comprehensiveIncomeNetOfTax": "None", "ebit": "670000000", "ebitda": "805000000", "netIncome": "420000000"}, {"fiscalDateEnding": "2023-09-30", "reportedCurrency": "USD", "grossProfit": "1816000000", "totalRevenue": "5731000000", "costOfRevenue": "3915000000", "costofGoodsAndServicesSold": "3915000000", "operatingIncome": "645000000", "sellingGeneralAndAdministrative": "831000000", "researchAndDevelopment": "157000000", "operatingExpenses": "988000000", "investmentIncomeNet": "None", "netInterestIncome": "-51000000", "interestIncome": "35000000", "interestExpense": "86000000", "nonInterestIncome": "None", "otherNonOperatingIncome": "None", "depreciation": "None", "depreciationAndAmortization": "134000000", "incomeBeforeTax": "594000000", "incomeTaxExpense": "213000000", "interestAndDebtExpense": "None", "netIncomeFromContinuingOperations": "381000000", "comprehensiveIncomeNetOfTax": "None", "ebit": "855000000", "ebitda": "989000000", "netIncome": "357000000"}, {"fiscalDateEnding": "2023-06-30", "reportedCurrency": "USD", "grossProfit": "1755000000", "totalRevenue": "5992000000", "costOfRevenue": "4237000000", "costofGoodsAndServicesSold": "4237000000", "operatingIncome": "489000000", "sellingGeneralAndAdministrative": "784000000", "researchAndDevelopment": "151000000", "operatingExpenses": "935000000", "investmentIncomeNet": "None", "netInterestIncome": "-67000000", "interestIncome": "27000000", "interestExpense": "94000000", "nonInterestIncome": "None", "otherNonOperatingIncome": "None", "depreciation": "None", "depreciationAndAmortization": "137000000", "incomeBeforeTax": "422000000", "incomeTaxExpense": "189000000", "interestAndDebtExpense": "None", "netIncomeFromContinuingOperations": "233000000", "comprehensiveIncomeNetOfTax": "None", "ebit": "858000000", "ebitda": "995000000", "netIncome": "199000000"}, {"fiscalDateEnding": "2023-03-31", "reportedCurrency": "USD", "grossProfit": "1378000000", "totalRevenue": "5273000000", "costOfRevenue": "3895000000", "costofGoodsAndServicesSold": "3895000000", "operatingIncome": "555000000", "sellingGeneralAndAdministrative": "721000000", "researchAndDevelopment": "139000000", "operatingExpenses": "860000000", "investmentIncomeNet": "None", "netInterestIncome": "-46000000", "interestIncome": "25000000", "interestExpense": "46000000", "nonInterestIncome": "None", "otherNonOperatingIncome": "None", "depreciation": "None", "depreciationAndAmortization": "136000000", "incomeBeforeTax": "509000000", "incomeTaxExpense": "122000000", "interestAndDebtExpense": "None", "netIncomeFromContinuingOperations": "387000000", "comprehensiveIncomeNetOfTax": "None", "ebit": "540000000", "ebitda": "676000000", "netIncome": "373000000"}, {"fiscalDateEnding": "2022-12-31", "reportedCurrency": "USD", "grossProfit": "1247000000", "totalRevenue": "5105000000", "costOfRevenue": "3858000000", "costofGoodsAndServicesSold": "3858000000", "operatingIncome": "302000000", "sellingGeneralAndAdministrative": "675000000", "researchAndDevelopment": "149000000", "operatingExpenses": "822000000", "investmentIncomeNet": "None", "netInterestIncome": "-54000000", "interestIncome": "22000000", "interestExpense": "76000000", "nonInterestIncome": "None", "otherNonOperatingIncome": "None", "depreciation": "None", "depreciationAndAmortization": "123000000", "incomeBeforeTax": "377000000", "incomeTaxExpense": "99000000", "interestAndDebtExpense": "None", "netIncomeFromContinuingOperations": "278000000", "comprehensiveIncomeNetOfTax": "None", "ebit": "425000000", "ebitda": "548000000", "netIncome": "270000000"}, {"fiscalDateEnding": "2022-09-30", "reportedCurrency": "USD", "grossProfit": "1477000000", "totalRevenue": "5451000000", "costOfRevenue": "3974000000", "costofGoodsAndServicesSold": "3974000000", "operatingIncome": "1526000000", "sellingGeneralAndAdministrative": "624000000", "researchAndDevelopment": "143000000", "operatingExpenses": "767000000", "investmentIncomeNet": "None", "netInterestIncome": "-56000000", "interestIncome": "15000000", "interestExpense": "71000000", "nonInterestIncome": "None", "otherNonOperatingIncome": "None", "depreciation": "None", "depreciationAndAmortization": "102000000", "incomeBeforeTax": "1470000000", "incomeTaxExpense": "138000000", "interestAndDebtExpense": "None", "netIncomeFromContinuingOperations": "1332000000", "comprehensiveIncomeNetOfTax": "None", "ebit": "1541000000", "ebitda": "1643000000", "netIncome": "1312000000"}, {"fiscalDateEnding": "2022-06-30", "reportedCurrency": "USD", "grossProfit": "1447000000", "totalRevenue": "5211000000", "costOfRevenue": "3764000000", "costofGoodsAndServicesSold": "3764000000", "operatingIncome": "819000000", "sellingGeneralAndAdministrative": "614000000", "researchAndDevelopment": "122000000", "operatingExpenses": "736000000", "investmentIncomeNet": "None", "netInterestIncome": "-61000000", "interestIncome": "7000000", "interestExpense": "68000000", "nonInterestIncome": "None", "otherNonOperatingIncome": "None", "depreciation": "None", "depreciationAndAmortization": "76000000", "incomeBeforeTax": "757000000", "incomeTaxExpense": "170000000", "interestAndDebtExpense": "None", "netIncomeFromContinuingOperations": "587000000", "comprehensiveIncomeNetOfTax": "None", "ebit": "825000000", "ebitda": "901000000", "netIncome": "573000000"}, {"fiscalDateEnding": "2022-03-31", "reportedCurrency": "USD", "grossProfit": "1293000000", "totalRevenue": "4654000000", "costOfRevenue": "3361000000", "costofGoodsAndServicesSold": "3361000000", "operatingIncome": "1737000000", "sellingGeneralAndAdministrative": "601000000", "researchAndDevelopment": "125000000", "operatingExpenses": "726000000", "investmentIncomeNet": "None", "netInterestIncome": "-48000000", "interestIncome": "39000000", "interestExpense": "87000000", "nonInterestIncome": "None", "otherNonOperatingIncome": "None", "depreciation": "None", "depreciationAndAmortization": "79000000", "incomeBeforeTax": "1688000000", "incomeTaxExpense": "301000000", "interestAndDebtExpense": "None", "netIncomeFromContinuingOperations": "1387000000", "comprehensiveIncomeNetOfTax": "None", "ebit": "1775000000", "ebitda": "1854000000", "netIncome": "1379000000"}, {"fiscalDateEnding": "2021-12-31", "reportedCurrency": "USD", "grossProfit": "1366000000", "totalRevenue": "5133000000", "costOfRevenue": "3767000000", "costofGoodsAndServicesSold": "3767000000", "operatingIncome": "463000000", "sellingGeneralAndAdministrative": "816000000", "researchAndDevelopment": "134000000", "operatingExpenses": "950000000", "investmentIncomeNet": "None", "netInterestIncome": "-68000000", "interestIncome": "4000000", "interestExpense": "72000000", "nonInterestIncome": "None", "otherNonOperatingIncome": "None", "depreciation": "None", "depreciationAndAmortization": "87000000", "incomeBeforeTax": "405000000", "incomeTaxExpense": "73000000", "interestAndDebtExpense": "None", "netIncomeFromContinuingOperations": "332000000", "comprehensiveIncomeNetOfTax": "None", "ebit": "437000000", "ebitda": "524000000", "netIncome": "324000000"}, {"fiscalDateEnding": "2021-09-30", "reportedCurrency": "USD", "grossProfit": "1601000000", "totalRevenue": "5341000000", "costOfRevenue": "3740000000", "costofGoodsAndServicesSold": "3740000000", "operatingIncome": "828000000", "sellingGeneralAndAdministrative": "748000000", "researchAndDevelopment": "123000000", "operatingExpenses": "871000000", "investmentIncomeNet": "None", "netInterestIncome": "-74000000", "interestIncome": "2000000", "interestExpense": "76000000", "nonInterestIncome": "None", "otherNonOperatingIncome": "None", "depreciation": "None", "depreciationAndAmortization": "83000000", "incomeBeforeTax": "768000000", "incomeTaxExpense": "288000000", "interestAndDebtExpense": "None", "netIncomeFromContinuingOperations": "480000000", "comprehensiveIncomeNetOfTax": "None", "ebit": "844000000", "ebitda": "927000000", "netIncome": "469000000"}, {"fiscalDateEnding": "2021-06-30", "reportedCurrency": "USD", "grossProfit": "1619000000", "totalRevenue": "5440000000", "costOfRevenue": "3821000000", "costofGoodsAndServicesSold": "3821000000", "operatingIncome": "783000000", "sellingGeneralAndAdministrative": "813000000", "researchAndDevelopment": "125000000", "operatingExpenses": "938000000", "investmentIncomeNet": "None", "netInterestIncome": "-71000000", "interestIncome": "4000000", "interestExpense": "75000000", "nonInterestIncome": "None", "otherNonOperatingIncome": "None", "depreciation": "None", "depreciationAndAmortization": "85000000", "incomeBeforeTax": "731000000", "incomeTaxExpense": "234000000", "interestAndDebtExpense": "None", "netIncomeFromContinuingOperations": "497000000", "comprehensiveIncomeNetOfTax": "None", "ebit": "806000000", "ebitda": "891000000", "netIncome": "487000000"}, {"fiscalDateEnding": "2021-03-31", "reportedCurrency": "USD", "grossProfit": "1394000000", "totalRevenue": "4699000000", "costOfRevenue": "3305000000", "costofGoodsAndServicesSold": "3305000000", "operatingIncome": "571000000", "sellingGeneralAndAdministrative": "743000000", "researchAndDevelopment": "121000000", "operatingExpenses": "864000000", "investmentIncomeNet": "None", "netInterestIncome": "-93000000", "interestIncome": "3000000", "interestExpense": "96000000", "nonInterestIncome": "None", "otherNonOperatingIncome": "None", "depreciation": "None", "depreciationAndAmortization": "83000000", "incomeBeforeTax": "496000000", "incomeTaxExpense": "104000000", "interestAndDebtExpense": "None", "netIncomeFromContinuingOperations": "392000000", "comprehensiveIncomeNetOfTax": "None", "ebit": "592000000", "ebitda": "675000000", "netIncome": "384000000"}, {"fiscalDateEnding": "2020-12-31", "reportedCurrency": "USD", "grossProfit": "1285000000", "totalRevenue": "4594000000", "costOfRevenue": "3309000000", "costofGoodsAndServicesSold": "3309000000", "operatingIncome": "1245000000", "sellingGeneralAndAdministrative": "692000000", "researchAndDevelopment": "127000000", "operatingExpenses": "937000000", "investmentIncomeNet": "None", "netInterestIncome": "-82000000", "interestIncome": "3000000", "interestExpense": "85000000", "nonInterestIncome": "None", "otherNonOperatingIncome": "None", "depreciation": "None", "depreciationAndAmortization": "95000000", "incomeBeforeTax": "1176000000", "incomeTaxExpense": "289000000", "interestAndDebtExpense": "None", "netIncomeFromContinuingOperations": "887000000", "comprehensiveIncomeNetOfTax": "None", "ebit": "1261000000", "ebitda": "1356000000", "netIncome": "884000000"}, {"fiscalDateEnding": "2020-09-30", "reportedCurrency": "USD", "grossProfit": "1561000000", "totalRevenue": "5002000000", "costOfRevenue": "3441000000", "costofGoodsAndServicesSold": "3441000000", "operatingIncome": "1081000000", "sellingGeneralAndAdministrative": "681000000", "researchAndDevelopment": "100000000", "operatingExpenses": "781000000", "investmentIncomeNet": "None", "netInterestIncome": "-88000000", "interestIncome": "2000000", "interestExpense": "90000000", "nonInterestIncome": "None", "otherNonOperatingIncome": "None", "depreciation": "None", "depreciationAndAmortization": "82000000", "incomeBeforeTax": "1009000000", "incomeTaxExpense": "261000000", "interestAndDebtExpense": "None", "netIncomeFromContinuingOperations": "748000000", "comprehensiveIncomeNetOfTax": "None", "ebit": "1099000000", "ebitda": "1181000000", "netIncome": "741000000"}, {"fiscalDateEnding": "2020-06-30", "reportedCurrency": "USD", "grossProfit": "1141000000", "totalRevenue": "3972000000", "costOfRevenue": "2831000000", "costofGoodsAndServicesSold": "2831000000", "operatingIncome": "442000000", "sellingGeneralAndAdministrative": "637000000", "researchAndDevelopment": "94000000", "operatingExpenses": "731000000", "investmentIncomeNet": "None", "netInterestIncome": "-81000000", "interestIncome": "4000000", "interestExpense": "81000000", "nonInterestIncome": "None", "otherNonOperatingIncome": "None", "depreciation": "None", "depreciationAndAmortization": "78000000", "incomeBeforeTax": "375000000", "incomeTaxExpense": "106000000", "interestAndDebtExpense": "None", "netIncomeFromContinuingOperations": "269000000", "comprehensiveIncomeNetOfTax": "None", "ebit": "378000000", "ebitda": "456000000", "netIncome": "261000000"}, {"fiscalDateEnding": "2020-03-31", "reportedCurrency": "USD", "grossProfit": "1122000000", "totalRevenue": "3888000000", "costOfRevenue": "2766000000", "costofGoodsAndServicesSold": "2766000000", "operatingIncome": "315000000", "sellingGeneralAndAdministrative": "692000000", "researchAndDevelopment": "98000000", "operatingExpenses": "790000000", "investmentIncomeNet": "None", "netInterestIncome": "-37000000", "interestIncome": "1000000", "interestExpense": "38000000", "nonInterestIncome": "None", "otherNonOperatingIncome": "None", "depreciation": "None", "depreciationAndAmortization": "81000000", "incomeBeforeTax": "295000000", "incomeTaxExpense": "193000000", "interestAndDebtExpense": "None", "netIncomeFromContinuingOperations": "102000000", "comprehensiveIncomeNetOfTax": "None", "ebit": "333000000", "ebitda": "414000000", "netIncome": "96000000"}, {"fiscalDateEnding": "2019-12-31", "reportedCurrency": "USD", "grossProfit": "1273000000", "totalRevenue": "4501000000", "costOfRevenue": "3228000000", "costofGoodsAndServicesSold": "3228000000", "operatingIncome": "557000000", "sellingGeneralAndAdministrative": "695000000", "researchAndDevelopment": "99000000", "operatingExpenses": "794000000", "investmentIncomeNet": "None", "netInterestIncome": "4000000", "interestIncome": "24000000", "interestExpense": "20000000", "nonInterestIncome": "None", "otherNonOperatingIncome": "None", "depreciation": "None", "depreciationAndAmortization": "84000000", "incomeBeforeTax": "591000000", "incomeTaxExpense": "137000000", "interestAndDebtExpense": "None", "netIncomeFromContinuingOperations": "454000000", "comprehensiveIncomeNetOfTax": "None", "ebit": "652000000", "ebitda": "736000000", "netIncome": "440000000"}, {"fiscalDateEnding": "2019-09-30", "reportedCurrency": "USD", "grossProfit": "1446000000", "totalRevenue": "4822000000", "costOfRevenue": "3376000000", "costofGoodsAndServicesSold": "3376000000", "operatingIncome": "629000000", "sellingGeneralAndAdministrative": "702000000", "researchAndDevelopment": "102000000", "operatingExpenses": "804000000", "investmentIncomeNet": "None", "netInterestIncome": "3000000", "interestIncome": "23000000", "interestExpense": "20000000", "nonInterestIncome": "None", "otherNonOperatingIncome": "None", "depreciation": "None", "depreciationAndAmortization": "84000000", "incomeBeforeTax": "679000000", "incomeTaxExpense": "175000000", "interestAndDebtExpense": "None", "netIncomeFromContinuingOperations": "504000000", "comprehensiveIncomeNetOfTax": "None", "ebit": "699000000", "ebitda": "783000000", "netIncome": "492000000"}, {"fiscalDateEnding": "2019-06-30", "reportedCurrency": "USD", "grossProfit": "1474000000", "totalRevenue": "4962000000", "costOfRevenue": "3488000000", "costofGoodsAndServicesSold": "3488000000", "operatingIncome": "805000000", "sellingGeneralAndAdministrative": "680000000", "researchAndDevelopment": "103000000", "operatingExpenses": "783000000", "investmentIncomeNet": "None", "netInterestIncome": "16000000", "interestIncome": "25000000", "interestExpense": "9000000", "nonInterestIncome": "None", "otherNonOperatingIncome": "None", "depreciation": "None", "depreciationAndAmortization": "82000000", "incomeBeforeTax": "859000000", "incomeTaxExpense": "65000000", "interestAndDebtExpense": "None", "netIncomeFromContinuingOperations": "794000000", "comprehensiveIncomeNetOfTax": "None", "ebit": "868000000", "ebitda": "950000000", "netIncome": "784000000"}, {"fiscalDateEnding": "2019-03-31", "reportedCurrency": "USD", "grossProfit": "1226000000", "totalRevenue": "4323000000", "costOfRevenue": "3097000000", "costofGoodsAndServicesSold": "3097000000", "operatingIncome": "500000000", "sellingGeneralAndAdministrative": "656000000", "researchAndDevelopment": "97000000", "operatingExpenses": "781000000", "investmentIncomeNet": "None", "netInterestIncome": "4000000", "interestIncome": "4000000", "interestExpense": "26000000", "nonInterestIncome": "None", "otherNonOperatingIncome": "None", "depreciation": "None", "depreciationAndAmortization": "85000000", "incomeBeforeTax": "543000000", "incomeTaxExpense": "140000000", "interestAndDebtExpense": "None", "netIncomeFromContinuingOperations": "403000000", "comprehensiveIncomeNetOfTax": "None", "ebit": "569000000", "ebitda": "654000000", "netIncome": "400000000"}]}