{"symbol": "BMY", "annualReports": [{"fiscalDateEnding": "2024-12-31", "reportedCurrency": "USD", "grossProfit": "34332000000", "totalRevenue": "48300000000", "costOfRevenue": "13968000000", "costofGoodsAndServicesSold": "13968000000", "operatingIncome": "5887000000", "sellingGeneralAndAdministrative": "8414000000", "researchAndDevelopment": "11159000000", "operatingExpenses": "32397000000", "investmentIncomeNet": "None", "netInterestIncome": "-1947000000", "interestIncome": "None", "interestExpense": "1947000000", "nonInterestIncome": "None", "otherNonOperatingIncome": "None", "depreciation": "None", "depreciationAndAmortization": "9600000000", "incomeBeforeTax": "-8379000000", "incomeTaxExpense": "554000000", "interestAndDebtExpense": "None", "netIncomeFromContinuingOperations": "-8933000000", "comprehensiveIncomeNetOfTax": "None", "ebit": "-6432000000", "ebitda": "3168000000", "netIncome": "-8948000000"}, {"fiscalDateEnding": "2023-12-31", "reportedCurrency": "USD", "grossProfit": "34313000000", "totalRevenue": "45006000000", "costOfRevenue": "10693000000", "costofGoodsAndServicesSold": "10693000000", "operatingIncome": "17242000000", "sellingGeneralAndAdministrative": "6278000000", "researchAndDevelopment": "9299000000", "operatingExpenses": "17890000000", "investmentIncomeNet": "None", "netInterestIncome": "-1144000000", "interestIncome": "None", "interestExpense": "1166000000", "nonInterestIncome": "None", "otherNonOperatingIncome": "None", "depreciation": "None", "depreciationAndAmortization": "9811000000", "incomeBeforeTax": "8440000000", "incomeTaxExpense": "400000000", "interestAndDebtExpense": "None", "netIncomeFromContinuingOperations": "8303000000", "comprehensiveIncomeNetOfTax": "None", "ebit": "9606000000", "ebitda": "19417000000", "netIncome": "8025000000"}, {"fiscalDateEnding": "2022-12-31", "reportedCurrency": "USD", "grossProfit": "36022000000", "totalRevenue": "46159000000", "costOfRevenue": "10137000000", "costofGoodsAndServicesSold": "10137000000", "operatingIncome": "10328000000", "sellingGeneralAndAdministrative": "7808000000", "researchAndDevelopment": "9509000000", "operatingExpenses": "26918000000", "investmentIncomeNet": "None", "netInterestIncome": "-1232000000", "interestIncome": "1862000000", "interestExpense": "1232000000", "nonInterestIncome": "None", "otherNonOperatingIncome": "-576000000", "depreciation": "None", "depreciationAndAmortization": "10287000000", "incomeBeforeTax": "7713000000", "incomeTaxExpense": "1368000000", "interestAndDebtExpense": "None", "netIncomeFromContinuingOperations": "6345000000", "comprehensiveIncomeNetOfTax": "None", "ebit": "8945000000", "ebitda": "19232000000", "netIncome": "6327000000"}, {"fiscalDateEnding": "2021-12-31", "reportedCurrency": "USD", "grossProfit": "36445000000", "totalRevenue": "46385000000", "costOfRevenue": "9940000000", "costofGoodsAndServicesSold": "9940000000", "operatingIncome": "10159000000", "sellingGeneralAndAdministrative": "7688000000", "researchAndDevelopment": "10195000000", "operatingExpenses": "27908000000", "investmentIncomeNet": "None", "netInterestIncome": "-1334000000", "interestIncome": "550000000", "interestExpense": "1334000000", "nonInterestIncome": "None", "otherNonOperatingIncome": "720000000", "depreciation": "None", "depreciationAndAmortization": "10759000000", "incomeBeforeTax": "8098000000", "incomeTaxExpense": "1084000000", "interestAndDebtExpense": "None", "netIncomeFromContinuingOperations": "7014000000", "comprehensiveIncomeNetOfTax": "None", "ebit": "9432000000", "ebitda": "20191000000", "netIncome": "6994000000"}, {"fiscalDateEnding": "2020-12-31", "reportedCurrency": "USD", "grossProfit": "30745000000", "totalRevenue": "42518000000", "costOfRevenue": "11773000000", "costofGoodsAndServicesSold": "11773000000", "operatingIncome": "5128000000", "sellingGeneralAndAdministrative": "7661000000", "researchAndDevelopment": "11143000000", "operatingExpenses": "28568000000", "investmentIncomeNet": "None", "netInterestIncome": "-1420000000", "interestIncome": "71000000", "interestExpense": "1420000000", "nonInterestIncome": "None", "otherNonOperatingIncome": "2314000000", "depreciation": "None", "depreciationAndAmortization": "10486000000", "incomeBeforeTax": "-6871000000", "incomeTaxExpense": "2124000000", "interestAndDebtExpense": "None", "netIncomeFromContinuingOperations": "-8995000000", "comprehensiveIncomeNetOfTax": "None", "ebit": "-5451000000", "ebitda": "5035000000", "netIncome": "-8995000000"}, {"fiscalDateEnding": "2019-12-31", "reportedCurrency": "USD", "grossProfit": "18067000000", "totalRevenue": "26145000000", "costOfRevenue": "8078000000", "costofGoodsAndServicesSold": "8078000000", "operatingIncome": "5464000000", "sellingGeneralAndAdministrative": "4871000000", "researchAndDevelopment": "6148000000", "operatingExpenses": "12154000000", "investmentIncomeNet": "None", "netInterestIncome": "-656000000", "interestIncome": "69000000", "interestExpense": "656000000", "nonInterestIncome": "None", "otherNonOperatingIncome": "-938000000", "depreciation": "None", "depreciationAndAmortization": "1135000000", "incomeBeforeTax": "4975000000", "incomeTaxExpense": "1515000000", "interestAndDebtExpense": "None", "netIncomeFromContinuingOperations": "6490000000", "comprehensiveIncomeNetOfTax": "None", "ebit": "5464000000", "ebitda": "6599000000", "netIncome": "3439000000"}, {"fiscalDateEnding": "2018-12-31", "reportedCurrency": "USD", "grossProfit": "16014000000", "totalRevenue": "22561000000", "costOfRevenue": "6547000000", "costofGoodsAndServicesSold": "6547000000", "operatingIncome": "5118000000", "sellingGeneralAndAdministrative": "4551000000", "researchAndDevelopment": "6345000000", "operatingExpenses": "10896000000", "investmentIncomeNet": "None", "netInterestIncome": "-183000000", "interestIncome": "380000000", "interestExpense": "183000000", "nonInterestIncome": "None", "otherNonOperatingIncome": "850000000", "depreciation": "None", "depreciationAndAmortization": "637000000", "incomeBeforeTax": "6010000000", "incomeTaxExpense": "1031000000", "interestAndDebtExpense": "None", "netIncomeFromContinuingOperations": "4947000000", "comprehensiveIncomeNetOfTax": "None", "ebit": "5434000000", "ebitda": "6071000000", "netIncome": "4952000000"}, {"fiscalDateEnding": "2017-12-31", "reportedCurrency": "USD", "grossProfit": "14710000000", "totalRevenue": "20776000000", "costOfRevenue": "6066000000", "costofGoodsAndServicesSold": "6066000000", "operatingIncome": "3450000000", "sellingGeneralAndAdministrative": "162000000", "researchAndDevelopment": "6411000000", "operatingExpenses": "11260000000", "investmentIncomeNet": "None", "netInterestIncome": "-196000000", "interestIncome": "33000000", "interestExpense": "196000000", "nonInterestIncome": "None", "otherNonOperatingIncome": "1519000000", "depreciation": "None", "depreciationAndAmortization": "789000000", "incomeBeforeTax": "5131000000", "incomeTaxExpense": "4156000000", "interestAndDebtExpense": "None", "netIncomeFromContinuingOperations": "975000000", "comprehensiveIncomeNetOfTax": "None", "ebit": "4929000000", "ebitda": "5718000000", "netIncome": "1007000000"}, {"fiscalDateEnding": "2016-12-31", "reportedCurrency": "USD", "grossProfit": "14481000000", "totalRevenue": "19427000000", "costOfRevenue": "4946000000", "costofGoodsAndServicesSold": "4946000000", "operatingIncome": "4539000000", "sellingGeneralAndAdministrative": "91000000", "researchAndDevelopment": "4940000000", "operatingExpenses": "9942000000", "investmentIncomeNet": "None", "netInterestIncome": "-167000000", "interestIncome": "15000000", "interestExpense": "167000000", "nonInterestIncome": "None", "otherNonOperatingIncome": "1285000000", "depreciation": "None", "depreciationAndAmortization": "382000000", "incomeBeforeTax": "5915000000", "incomeTaxExpense": "1408000000", "interestAndDebtExpense": "None", "netIncomeFromContinuingOperations": "4507000000", "comprehensiveIncomeNetOfTax": "None", "ebit": "5235000000", "ebitda": "5617000000", "netIncome": "4457000000"}, {"fiscalDateEnding": "2015-12-31", "reportedCurrency": "USD", "grossProfit": "12651000000", "totalRevenue": "16560000000", "costOfRevenue": "3909000000", "costofGoodsAndServicesSold": "3909000000", "operatingIncome": "1730000000", "sellingGeneralAndAdministrative": "160000000", "researchAndDevelopment": "5920000000", "operatingExpenses": "10921000000", "investmentIncomeNet": "None", "netInterestIncome": "None", "interestIncome": "None", "interestExpense": "184000000", "nonInterestIncome": "None", "otherNonOperatingIncome": "187000000", "depreciation": "None", "depreciationAndAmortization": "376000000", "incomeBeforeTax": "2167000000", "incomeTaxExpense": "477000000", "interestAndDebtExpense": "None", "netIncomeFromContinuingOperations": "1631000000", "comprehensiveIncomeNetOfTax": "None", "ebit": "2058000000", "ebitda": "2434000000", "netIncome": "1624000000"}, {"fiscalDateEnding": "2014-12-31", "reportedCurrency": "USD", "grossProfit": "11947000000", "totalRevenue": "15879000000", "costOfRevenue": "3932000000", "costofGoodsAndServicesSold": "3932000000", "operatingIncome": "1714000000", "sellingGeneralAndAdministrative": "877000000", "researchAndDevelopment": "4534000000", "operatingExpenses": "10233000000", "investmentIncomeNet": "None", "netInterestIncome": "None", "interestIncome": "None", "interestExpense": "203000000", "nonInterestIncome": "None", "otherNonOperatingIncome": "-210000000", "depreciation": "None", "depreciationAndAmortization": "467000000", "incomeBeforeTax": "2381000000", "incomeTaxExpense": "352000000", "interestAndDebtExpense": "None", "netIncomeFromContinuingOperations": "2029000000", "comprehensiveIncomeNetOfTax": "None", "ebit": "1667000000", "ebitda": "2134000000", "netIncome": "2004000000"}, {"fiscalDateEnding": "2013-12-31", "reportedCurrency": "USD", "grossProfit": "11766000000", "totalRevenue": "16385000000", "costOfRevenue": "4619000000", "costofGoodsAndServicesSold": "4619000000", "operatingIncome": "2931000000", "sellingGeneralAndAdministrative": "165000000", "researchAndDevelopment": "3731000000", "operatingExpenses": "8835000000", "investmentIncomeNet": "None", "netInterestIncome": "None", "interestIncome": "None", "interestExpense": "199000000", "nonInterestIncome": "None", "otherNonOperatingIncome": "-205000000", "depreciation": "None", "depreciationAndAmortization": "763000000", "incomeBeforeTax": "2891000000", "incomeTaxExpense": "311000000", "interestAndDebtExpense": "None", "netIncomeFromContinuingOperations": "2580000000", "comprehensiveIncomeNetOfTax": "None", "ebit": "2467000000", "ebitda": "3230000000", "netIncome": "2563000000"}, {"fiscalDateEnding": "2012-12-31", "reportedCurrency": "USD", "grossProfit": "13011000000", "totalRevenue": "17621000000", "costOfRevenue": "4610000000", "costofGoodsAndServicesSold": "4610000000", "operatingIncome": "3932000000", "sellingGeneralAndAdministrative": "158000000", "researchAndDevelopment": "3904000000", "operatingExpenses": "9079000000", "investmentIncomeNet": "None", "netInterestIncome": "None", "interestIncome": "None", "interestExpense": "182000000", "nonInterestIncome": "None", "otherNonOperatingIncome": "80000000", "depreciation": "None", "depreciationAndAmortization": "681000000", "incomeBeforeTax": "2340000000", "incomeTaxExpense": "-161000000", "interestAndDebtExpense": "None", "netIncomeFromContinuingOperations": "2501000000", "comprehensiveIncomeNetOfTax": "None", "ebit": "3679000000", "ebitda": "4360000000", "netIncome": "1960000000"}, {"fiscalDateEnding": "2011-12-31", "reportedCurrency": "USD", "grossProfit": "15646000000", "totalRevenue": "21244000000", "costOfRevenue": "5598000000", "costofGoodsAndServicesSold": "5598000000", "operatingIncome": "6647000000", "sellingGeneralAndAdministrative": "4203000000", "researchAndDevelopment": "3839000000", "operatingExpenses": "8611000000", "investmentIncomeNet": "None", "netInterestIncome": "None", "interestIncome": "None", "interestExpense": "145000000", "nonInterestIncome": "None", "otherNonOperatingIncome": "450000000", "depreciation": "None", "depreciationAndAmortization": "801000000", "incomeBeforeTax": "6981000000", "incomeTaxExpense": "1721000000", "interestAndDebtExpense": "None", "netIncomeFromContinuingOperations": "5260000000", "comprehensiveIncomeNetOfTax": "None", "ebit": "6325000000", "ebitda": "7126000000", "netIncome": "3709000000"}, {"fiscalDateEnding": "2010-12-31", "reportedCurrency": "USD", "grossProfit": "14207000000", "totalRevenue": "19484000000", "costOfRevenue": "5277000000", "costofGoodsAndServicesSold": "5277000000", "operatingIncome": "5605000000", "sellingGeneralAndAdministrative": "3559000000", "researchAndDevelopment": "3566000000", "operatingExpenses": "7707000000", "investmentIncomeNet": "None", "netInterestIncome": "None", "interestIncome": "None", "interestExpense": "145000000", "nonInterestIncome": "None", "otherNonOperatingIncome": "187000000", "depreciation": "None", "depreciationAndAmortization": "744000000", "incomeBeforeTax": "6071000000", "incomeTaxExpense": "1558000000", "interestAndDebtExpense": "None", "netIncomeFromContinuingOperations": "4513000000", "comprehensiveIncomeNetOfTax": "None", "ebit": "5831000000", "ebitda": "6575000000", "netIncome": "3102000000"}, {"fiscalDateEnding": "2009-12-31", "reportedCurrency": "USD", "grossProfit": "13668000000", "totalRevenue": "18808000000", "costOfRevenue": "5140000000", "costofGoodsAndServicesSold": "5140000000", "operatingIncome": "5738000000", "sellingGeneralAndAdministrative": "4078000000", "researchAndDevelopment": "3647000000", "operatingExpenses": "8861000000", "investmentIncomeNet": "None", "netInterestIncome": "None", "interestIncome": "None", "interestExpense": "184000000", "nonInterestIncome": "None", "otherNonOperatingIncome": "931000000", "depreciation": "None", "depreciationAndAmortization": "707000000", "incomeBeforeTax": "5602000000", "incomeTaxExpense": "1182000000", "interestAndDebtExpense": "None", "netIncomeFromContinuingOperations": "4420000000", "comprehensiveIncomeNetOfTax": "None", "ebit": "3604000000", "ebitda": "4311000000", "netIncome": "10612000000"}, {"fiscalDateEnding": "2008-12-31", "reportedCurrency": "USD", "grossProfit": "14201000000", "totalRevenue": "20597000000", "costOfRevenue": "6396000000", "costofGoodsAndServicesSold": "6396000000", "operatingIncome": "4241000000", "sellingGeneralAndAdministrative": "4825000000", "researchAndDevelopment": "3585000000", "operatingExpenses": "8480000000", "investmentIncomeNet": "None", "netInterestIncome": "None", "interestIncome": "None", "interestExpense": "0", "nonInterestIncome": "None", "otherNonOperatingIncome": "None", "depreciation": "None", "depreciationAndAmortization": "816000000", "incomeBeforeTax": "5471000000", "incomeTaxExpense": "1320000000", "interestAndDebtExpense": "None", "netIncomeFromContinuingOperations": "None", "comprehensiveIncomeNetOfTax": "None", "ebit": "5155000000", "ebitda": "5971000000", "netIncome": "5247000000"}, {"fiscalDateEnding": "2007-12-31", "reportedCurrency": "USD", "grossProfit": "13130000000", "totalRevenue": "19348000000", "costOfRevenue": "6218000000", "costofGoodsAndServicesSold": "6218000000", "operatingIncome": "3528000000", "sellingGeneralAndAdministrative": "4855000000", "researchAndDevelopment": "3282000000", "operatingExpenses": "9602000000", "investmentIncomeNet": "None", "netInterestIncome": "None", "interestIncome": "None", "interestExpense": "0", "nonInterestIncome": "None", "otherNonOperatingIncome": "None", "depreciation": "None", "depreciationAndAmortization": "892000000", "incomeBeforeTax": "3534000000", "incomeTaxExpense": "803000000", "interestAndDebtExpense": "None", "netIncomeFromContinuingOperations": "None", "comprehensiveIncomeNetOfTax": "None", "ebit": "3865000000", "ebitda": "4757000000", "netIncome": "2165000000"}, {"fiscalDateEnding": "2006-12-31", "reportedCurrency": "USD", "grossProfit": "11958000000", "totalRevenue": "17914000000", "costOfRevenue": "5956000000", "costofGoodsAndServicesSold": "5956000000", "operatingIncome": "2621000000", "sellingGeneralAndAdministrative": "4919000000", "researchAndDevelopment": "3067000000", "operatingExpenses": "9337000000", "investmentIncomeNet": "None", "netInterestIncome": "None", "interestIncome": "None", "interestExpense": "0", "nonInterestIncome": "None", "otherNonOperatingIncome": "None", "depreciation": "None", "depreciationAndAmortization": "927000000", "incomeBeforeTax": "2635000000", "incomeTaxExpense": "610000000", "interestAndDebtExpense": "None", "netIncomeFromContinuingOperations": "None", "comprehensiveIncomeNetOfTax": "None", "ebit": "2857000000", "ebitda": "3784000000", "netIncome": "1585000000"}, {"fiscalDateEnding": "2005-12-31", "reportedCurrency": "USD", "grossProfit": "13279000000", "totalRevenue": "19207000000", "costOfRevenue": "5928000000", "costofGoodsAndServicesSold": "5928000000", "operatingIncome": "3951000000", "sellingGeneralAndAdministrative": "5106000000", "researchAndDevelopment": "2746000000", "operatingExpenses": "9328000000", "investmentIncomeNet": "None", "netInterestIncome": "None", "interestIncome": "None", "interestExpense": "0", "nonInterestIncome": "None", "otherNonOperatingIncome": "None", "depreciation": "None", "depreciationAndAmortization": "929000000", "incomeBeforeTax": "4516000000", "incomeTaxExpense": "932000000", "interestAndDebtExpense": "None", "netIncomeFromContinuingOperations": "None", "comprehensiveIncomeNetOfTax": "None", "ebit": "3519000000", "ebitda": "4448000000", "netIncome": "3000000000"}], "quarterlyReports": [{"fiscalDateEnding": "2024-12-31", "reportedCurrency": "USD", "grossProfit": "7530000000", "totalRevenue": "12342000000", "costOfRevenue": "4812000000", "costofGoodsAndServicesSold": "4812000000", "operatingIncome": "510000000", "sellingGeneralAndAdministrative": "352000000", "researchAndDevelopment": "3221000000", "operatingExpenses": "7020000000", "investmentIncomeNet": "None", "netInterestIncome": "-496000000", "interestIncome": "None", "interestExpense": "496000000", "nonInterestIncome": "None", "otherNonOperatingIncome": "None", "depreciation": "None", "depreciationAndAmortization": "1880000000", "incomeBeforeTax": "175000000", "incomeTaxExpense": "99000000", "interestAndDebtExpense": "None", "netIncomeFromContinuingOperations": "76000000", "comprehensiveIncomeNetOfTax": "None", "ebit": "671000000", "ebitda": "2551000000", "netIncome": "72000000"}, {"fiscalDateEnding": "2024-09-30", "reportedCurrency": "USD", "grossProfit": "8935000000", "totalRevenue": "11892000000", "costOfRevenue": "2957000000", "costofGoodsAndServicesSold": "2957000000", "operatingIncome": "2172000000", "sellingGeneralAndAdministrative": "1983000000", "researchAndDevelopment": "2374000000", "operatingExpenses": "8935000000", "investmentIncomeNet": "None", "netInterestIncome": "-505000000", "interestIncome": "None", "interestExpense": "505000000", "nonInterestIncome": "None", "otherNonOperatingIncome": "None", "depreciation": "None", "depreciationAndAmortization": "2592000000", "incomeBeforeTax": "1676000000", "incomeTaxExpense": "461000000", "interestAndDebtExpense": "None", "netIncomeFromContinuingOperations": "1215000000", "comprehensiveIncomeNetOfTax": "None", "ebit": "2181000000", "ebitda": "4773000000", "netIncome": "1211000000"}, {"fiscalDateEnding": "2024-06-30", "reportedCurrency": "USD", "grossProfit": "6801000000", "totalRevenue": "12201000000", "costOfRevenue": "5400000000", "costofGoodsAndServicesSold": "5400000000", "operatingIncome": "2584000000", "sellingGeneralAndAdministrative": "1928000000", "researchAndDevelopment": "2295000000", "operatingExpenses": "4217000000", "investmentIncomeNet": "None", "netInterestIncome": "-521000000", "interestIncome": "None", "interestExpense": "521000000", "nonInterestIncome": "None", "otherNonOperatingIncome": "None", "depreciation": "None", "depreciationAndAmortization": "2561000000", "incomeBeforeTax": "1286000000", "incomeTaxExpense": "-398000000", "interestAndDebtExpense": "None", "netIncomeFromContinuingOperations": "1684000000", "comprehensiveIncomeNetOfTax": "None", "ebit": "1807000000", "ebitda": "4368000000", "netIncome": "1680000000"}, {"fiscalDateEnding": "2024-03-31", "reportedCurrency": "USD", "grossProfit": "8933000000", "totalRevenue": "11865000000", "costOfRevenue": "2932000000", "costofGoodsAndServicesSold": "2932000000", "operatingIncome": "3871000000", "sellingGeneralAndAdministrative": "2367000000", "researchAndDevelopment": "2695000000", "operatingExpenses": "7419000000", "investmentIncomeNet": "None", "netInterestIncome": "-425000000", "interestIncome": "None", "interestExpense": "425000000", "nonInterestIncome": "None", "otherNonOperatingIncome": "None", "depreciation": "None", "depreciationAndAmortization": "2555000000", "incomeBeforeTax": "-11516000000", "incomeTaxExpense": "392000000", "interestAndDebtExpense": "None", "netIncomeFromContinuingOperations": "-11908000000", "comprehensiveIncomeNetOfTax": "None", "ebit": "-11091000000", "ebitda": "-8536000000", "netIncome": "-11911000000"}, {"fiscalDateEnding": "2023-12-31", "reportedCurrency": "USD", "grossProfit": "8732000000", "totalRevenue": "11477000000", "costOfRevenue": "2745000000", "costofGoodsAndServicesSold": "2745000000", "operatingIncome": "1684000000", "sellingGeneralAndAdministrative": "673000000", "researchAndDevelopment": "2478000000", "operatingExpenses": "6829000000", "investmentIncomeNet": "None", "netInterestIncome": "-316000000", "interestIncome": "None", "interestExpense": "316000000", "nonInterestIncome": "None", "otherNonOperatingIncome": "None", "depreciation": "None", "depreciationAndAmortization": "2463000000", "incomeBeforeTax": "1674000000", "incomeTaxExpense": "-88000000", "interestAndDebtExpense": "None", "netIncomeFromContinuingOperations": "1762000000", "comprehensiveIncomeNetOfTax": "None", "ebit": "1990000000", "ebitda": "4453000000", "netIncome": "1762000000"}, {"fiscalDateEnding": "2023-09-30", "reportedCurrency": "USD", "grossProfit": "8460000000", "totalRevenue": "10966000000", "costOfRevenue": "2506000000", "costofGoodsAndServicesSold": "2506000000", "operatingIncome": "4215000000", "sellingGeneralAndAdministrative": "1938000000", "researchAndDevelopment": "2242000000", "operatingExpenses": "4245000000", "investmentIncomeNet": "None", "netInterestIncome": "-280000000", "interestIncome": "173000000", "interestExpense": "280000000", "nonInterestIncome": "None", "otherNonOperatingIncome": "None", "depreciation": "None", "depreciationAndAmortization": "2451000000", "incomeBeforeTax": "2137000000", "incomeTaxExpense": "203000000", "interestAndDebtExpense": "None", "netIncomeFromContinuingOperations": "1934000000", "comprehensiveIncomeNetOfTax": "None", "ebit": "1764000000", "ebitda": "4215000000", "netIncome": "1928000000"}, {"fiscalDateEnding": "2023-06-30", "reportedCurrency": "USD", "grossProfit": "8350000000", "totalRevenue": "11226000000", "costOfRevenue": "2876000000", "costofGoodsAndServicesSold": "2876000000", "operatingIncome": "4158000000", "sellingGeneralAndAdministrative": "1934000000", "researchAndDevelopment": "2258000000", "operatingExpenses": "6449000000", "investmentIncomeNet": "None", "netInterestIncome": "-282000000", "interestIncome": "245000000", "interestExpense": "282000000", "nonInterestIncome": "None", "otherNonOperatingIncome": "116000000", "depreciation": "None", "depreciationAndAmortization": "2257000000", "incomeBeforeTax": "1859000000", "incomeTaxExpense": "-218000000", "interestAndDebtExpense": "None", "netIncomeFromContinuingOperations": "2077000000", "comprehensiveIncomeNetOfTax": "None", "ebit": "2369000000", "ebitda": "4626000000", "netIncome": "2073000000"}, {"fiscalDateEnding": "2023-03-31", "reportedCurrency": "USD", "grossProfit": "8771000000", "totalRevenue": "11337000000", "costOfRevenue": "2566000000", "costofGoodsAndServicesSold": "2566000000", "operatingIncome": "2840000000", "sellingGeneralAndAdministrative": "1762000000", "researchAndDevelopment": "2321000000", "operatingExpenses": "6339000000", "investmentIncomeNet": "None", "netInterestIncome": "-288000000", "interestIncome": "341000000", "interestExpense": "288000000", "nonInterestIncome": "None", "otherNonOperatingIncome": "413000000", "depreciation": "None", "depreciationAndAmortization": "2256000000", "incomeBeforeTax": "2770000000", "incomeTaxExpense": "503000000", "interestAndDebtExpense": "None", "netIncomeFromContinuingOperations": "2262000000", "comprehensiveIncomeNetOfTax": "None", "ebit": "2840000000", "ebitda": "5096000000", "netIncome": "2262000000"}, {"fiscalDateEnding": "2022-12-31", "reportedCurrency": "USD", "grossProfit": "8813000000", "totalRevenue": "11406000000", "costOfRevenue": "2593000000", "costofGoodsAndServicesSold": "2593000000", "operatingIncome": "2371000000", "sellingGeneralAndAdministrative": "2266000000", "researchAndDevelopment": "2510000000", "operatingExpenses": "7119000000", "investmentIncomeNet": "None", "netInterestIncome": "-294000000", "interestIncome": "47000000", "interestExpense": "294000000", "nonInterestIncome": "None", "otherNonOperatingIncome": "217000000", "depreciation": "None", "depreciationAndAmortization": "2343000000", "incomeBeforeTax": "1859000000", "incomeTaxExpense": "-166000000", "interestAndDebtExpense": "None", "netIncomeFromContinuingOperations": "2025000000", "comprehensiveIncomeNetOfTax": "None", "ebit": "2371000000", "ebitda": "4714000000", "netIncome": "2022000000"}, {"fiscalDateEnding": "2022-09-30", "reportedCurrency": "USD", "grossProfit": "8865000000", "totalRevenue": "11218000000", "costOfRevenue": "2353000000", "costofGoodsAndServicesSold": "2353000000", "operatingIncome": "2713000000", "sellingGeneralAndAdministrative": "1930000000", "researchAndDevelopment": "2418000000", "operatingExpenses": "6766000000", "investmentIncomeNet": "None", "netInterestIncome": "-299000000", "interestIncome": "313000000", "interestExpense": "299000000", "nonInterestIncome": "None", "otherNonOperatingIncome": "140000000", "depreciation": "None", "depreciationAndAmortization": "2588000000", "incomeBeforeTax": "2209000000", "incomeTaxExpense": "601000000", "interestAndDebtExpense": "None", "netIncomeFromContinuingOperations": "1606000000", "comprehensiveIncomeNetOfTax": "None", "ebit": "2713000000", "ebitda": "5301000000", "netIncome": "1606000000"}, {"fiscalDateEnding": "2022-06-30", "reportedCurrency": "USD", "grossProfit": "9167000000", "totalRevenue": "11887000000", "costOfRevenue": "2720000000", "costofGoodsAndServicesSold": "2720000000", "operatingIncome": "2804000000", "sellingGeneralAndAdministrative": "1787000000", "researchAndDevelopment": "2321000000", "operatingExpenses": "6525000000", "investmentIncomeNet": "None", "netInterestIncome": "-313000000", "interestIncome": "594000000", "interestExpense": "313000000", "nonInterestIncome": "None", "otherNonOperatingIncome": "-284000000", "depreciation": "None", "depreciationAndAmortization": "2583000000", "incomeBeforeTax": "1958000000", "incomeTaxExpense": "529000000", "interestAndDebtExpense": "None", "netIncomeFromContinuingOperations": "1421000000", "comprehensiveIncomeNetOfTax": "None", "ebit": "2804000000", "ebitda": "5387000000", "netIncome": "1421000000"}, {"fiscalDateEnding": "2022-03-31", "reportedCurrency": "USD", "grossProfit": "9177000000", "totalRevenue": "11648000000", "costOfRevenue": "2471000000", "costofGoodsAndServicesSold": "2471000000", "operatingIncome": "2492000000", "sellingGeneralAndAdministrative": "1831000000", "researchAndDevelopment": "2260000000", "operatingExpenses": "6508000000", "investmentIncomeNet": "None", "netInterestIncome": "-326000000", "interestIncome": "960000000", "interestExpense": "326000000", "nonInterestIncome": "None", "otherNonOperatingIncome": "-649000000", "depreciation": "None", "depreciationAndAmortization": "2584000000", "incomeBeforeTax": "1687000000", "incomeTaxExpense": "404000000", "interestAndDebtExpense": "None", "netIncomeFromContinuingOperations": "1278000000", "comprehensiveIncomeNetOfTax": "None", "ebit": "2492000000", "ebitda": "5076000000", "netIncome": "1278000000"}, {"fiscalDateEnding": "2021-12-31", "reportedCurrency": "USD", "grossProfit": "9629000000", "totalRevenue": "11985000000", "costOfRevenue": "2356000000", "costofGoodsAndServicesSold": "2356000000", "operatingIncome": "2546000000", "sellingGeneralAndAdministrative": "2352000000", "researchAndDevelopment": "2518000000", "operatingExpenses": "7289000000", "investmentIncomeNet": "None", "netInterestIncome": "-323000000", "interestIncome": "786000000", "interestExpense": "323000000", "nonInterestIncome": "None", "otherNonOperatingIncome": "-393000000", "depreciation": "None", "depreciationAndAmortization": "2417000000", "incomeBeforeTax": "1858000000", "incomeTaxExpense": "-514000000", "interestAndDebtExpense": "None", "netIncomeFromContinuingOperations": "2372000000", "comprehensiveIncomeNetOfTax": "None", "ebit": "2546000000", "ebitda": "4963000000", "netIncome": "2372000000"}, {"fiscalDateEnding": "2021-09-30", "reportedCurrency": "USD", "grossProfit": "9333000000", "totalRevenue": "11624000000", "costOfRevenue": "2291000000", "costofGoodsAndServicesSold": "2291000000", "operatingIncome": "2656000000", "sellingGeneralAndAdministrative": "1787000000", "researchAndDevelopment": "3251000000", "operatingExpenses": "7585000000", "investmentIncomeNet": "None", "netInterestIncome": "-328000000", "interestIncome": "149000000", "interestExpense": "328000000", "nonInterestIncome": "None", "otherNonOperatingIncome": "409000000", "depreciation": "None", "depreciationAndAmortization": "2727000000", "incomeBeforeTax": "2157000000", "incomeTaxExpense": "605000000", "interestAndDebtExpense": "None", "netIncomeFromContinuingOperations": "1552000000", "comprehensiveIncomeNetOfTax": "None", "ebit": "2656000000", "ebitda": "5383000000", "netIncome": "1546000000"}, {"fiscalDateEnding": "2021-06-30", "reportedCurrency": "USD", "grossProfit": "9251000000", "totalRevenue": "11703000000", "costOfRevenue": "2452000000", "costofGoodsAndServicesSold": "2452000000", "operatingIncome": "2134000000", "sellingGeneralAndAdministrative": "1882000000", "researchAndDevelopment": "3271000000", "operatingExpenses": "7700000000", "investmentIncomeNet": "None", "netInterestIncome": "-330000000", "interestIncome": "170000000", "interestExpense": "330000000", "nonInterestIncome": "None", "otherNonOperatingIncome": "2000000", "depreciation": "None", "depreciationAndAmortization": "2547000000", "incomeBeforeTax": "1553000000", "incomeTaxExpense": "492000000", "interestAndDebtExpense": "None", "netIncomeFromContinuingOperations": "1061000000", "comprehensiveIncomeNetOfTax": "None", "ebit": "2134000000", "ebitda": "4681000000", "netIncome": "1055000000"}, {"fiscalDateEnding": "2021-03-31", "reportedCurrency": "USD", "grossProfit": "8232000000", "totalRevenue": "11073000000", "costOfRevenue": "2841000000", "costofGoodsAndServicesSold": "2841000000", "operatingIncome": "2823000000", "sellingGeneralAndAdministrative": "1666000000", "researchAndDevelopment": "2225000000", "operatingExpenses": "6404000000", "investmentIncomeNet": "None", "netInterestIncome": "-353000000", "interestIncome": "257000000", "interestExpense": "353000000", "nonInterestIncome": "None", "otherNonOperatingIncome": "702000000", "depreciation": "None", "depreciationAndAmortization": "2668000000", "incomeBeforeTax": "2530000000", "incomeTaxExpense": "501000000", "interestAndDebtExpense": "None", "netIncomeFromContinuingOperations": "2029000000", "comprehensiveIncomeNetOfTax": "None", "ebit": "2823000000", "ebitda": "5491000000", "netIncome": "2021000000"}, {"fiscalDateEnding": "2020-12-31", "reportedCurrency": "USD", "grossProfit": "8158000000", "totalRevenue": "11068000000", "costOfRevenue": "2910000000", "costofGoodsAndServicesSold": "2910000000", "operatingIncome": "137000000", "sellingGeneralAndAdministrative": "2721000000", "researchAndDevelopment": "3750000000", "operatingExpenses": "8997000000", "investmentIncomeNet": "None", "netInterestIncome": "-355000000", "interestIncome": "171000000", "interestExpense": "355000000", "nonInterestIncome": "None", "otherNonOperatingIncome": "1826000000", "depreciation": "None", "depreciationAndAmortization": "2526000000", "incomeBeforeTax": "-10451000000", "incomeTaxExpense": "-424000000", "interestAndDebtExpense": "None", "netIncomeFromContinuingOperations": "-10027000000", "comprehensiveIncomeNetOfTax": "None", "ebit": "137000000", "ebitda": "2663000000", "netIncome": "-10027000000"}, {"fiscalDateEnding": "2020-09-30", "reportedCurrency": "USD", "grossProfit": "8038000000", "totalRevenue": "10540000000", "costOfRevenue": "2502000000", "costofGoodsAndServicesSold": "2502000000", "operatingIncome": "1984000000", "sellingGeneralAndAdministrative": "1706000000", "researchAndDevelopment": "2499000000", "operatingExpenses": "6696000000", "investmentIncomeNet": "None", "netInterestIncome": "-346000000", "interestIncome": "89000000", "interestExpense": "346000000", "nonInterestIncome": "None", "otherNonOperatingIncome": "915000000", "depreciation": "None", "depreciationAndAmortization": "2655000000", "incomeBeforeTax": "2257000000", "incomeTaxExpense": "379000000", "interestAndDebtExpense": "None", "netIncomeFromContinuingOperations": "1878000000", "comprehensiveIncomeNetOfTax": "None", "ebit": "1984000000", "ebitda": "4639000000", "netIncome": "1872000000"}, {"fiscalDateEnding": "2020-06-30", "reportedCurrency": "USD", "grossProfit": "7430000000", "totalRevenue": "10129000000", "costOfRevenue": "2699000000", "costofGoodsAndServicesSold": "2699000000", "operatingIncome": "2104000000", "sellingGeneralAndAdministrative": "1628000000", "researchAndDevelopment": "2522000000", "operatingExpenses": "6539000000", "investmentIncomeNet": "None", "netInterestIncome": "-357000000", "interestIncome": "486000000", "interestExpense": "357000000", "nonInterestIncome": "None", "otherNonOperatingIncome": "736000000", "depreciation": "None", "depreciationAndAmortization": "2558000000", "incomeBeforeTax": "1627000000", "incomeTaxExpense": "1707000000", "interestAndDebtExpense": "None", "netIncomeFromContinuingOperations": "-80000000", "comprehensiveIncomeNetOfTax": "None", "ebit": "2104000000", "ebitda": "4662000000", "netIncome": "-85000000"}, {"fiscalDateEnding": "2020-03-31", "reportedCurrency": "USD", "grossProfit": "7119000000", "totalRevenue": "10781000000", "costOfRevenue": "3662000000", "costofGoodsAndServicesSold": "3662000000", "operatingIncome": "903000000", "sellingGeneralAndAdministrative": "1606000000", "researchAndDevelopment": "2372000000", "operatingExpenses": "6336000000", "investmentIncomeNet": "None", "netInterestIncome": "-362000000", "interestIncome": "523000000", "interestExpense": "362000000", "nonInterestIncome": "None", "otherNonOperatingIncome": "-1163000000", "depreciation": "None", "depreciationAndAmortization": "2477000000", "incomeBeforeTax": "-304000000", "incomeTaxExpense": "462000000", "interestAndDebtExpense": "None", "netIncomeFromContinuingOperations": "-766000000", "comprehensiveIncomeNetOfTax": "None", "ebit": "903000000", "ebitda": "3380000000", "netIncome": "-775000000"}, {"fiscalDateEnding": "2019-12-31", "reportedCurrency": "USD", "grossProfit": "5453000000", "totalRevenue": "7945000000", "costOfRevenue": "2492000000", "costofGoodsAndServicesSold": "2492000000", "operatingIncome": "756000000", "sellingGeneralAndAdministrative": "1734000000", "researchAndDevelopment": "2097000000", "operatingExpenses": "4893000000", "investmentIncomeNet": "None", "netInterestIncome": "-279000000", "interestIncome": "411000000", "interestExpense": "279000000", "nonInterestIncome": "None", "otherNonOperatingIncome": "-686000000", "depreciation": "None", "depreciationAndAmortization": "1062000000", "incomeBeforeTax": "-129000000", "incomeTaxExpense": "931000000", "interestAndDebtExpense": "None", "netIncomeFromContinuingOperations": "1970000000", "comprehensiveIncomeNetOfTax": "None", "ebit": "756000000", "ebitda": "1818000000", "netIncome": "-1056000000"}, {"fiscalDateEnding": "2019-09-30", "reportedCurrency": "USD", "grossProfit": "4197000000", "totalRevenue": "6007000000", "costOfRevenue": "1810000000", "costofGoodsAndServicesSold": "1810000000", "operatingIncome": "318000000", "sellingGeneralAndAdministrative": "1055000000", "researchAndDevelopment": "1382000000", "operatingExpenses": "2437000000", "investmentIncomeNet": "None", "netInterestIncome": "-209000000", "interestIncome": "260000000", "interestExpense": "209000000", "nonInterestIncome": "None", "otherNonOperatingIncome": "-411000000", "depreciation": "None", "depreciationAndAmortization": "171000000", "incomeBeforeTax": "1349000000", "incomeTaxExpense": "-17000000", "interestAndDebtExpense": "None", "netIncomeFromContinuingOperations": "1366000000", "comprehensiveIncomeNetOfTax": "None", "ebit": "318000000", "ebitda": "489000000", "netIncome": "1353000000"}, {"fiscalDateEnding": "2019-06-30", "reportedCurrency": "USD", "grossProfit": "4281000000", "totalRevenue": "6273000000", "costOfRevenue": "1992000000", "costofGoodsAndServicesSold": "1992000000", "operatingIncome": "1708000000", "sellingGeneralAndAdministrative": "1076000000", "researchAndDevelopment": "1328000000", "operatingExpenses": "2404000000", "investmentIncomeNet": "None", "netInterestIncome": "-123000000", "interestIncome": "127000000", "interestExpense": "123000000", "nonInterestIncome": "None", "otherNonOperatingIncome": "-101000000", "depreciation": "None", "depreciationAndAmortization": "169000000", "incomeBeforeTax": "1776000000", "incomeTaxExpense": "337000000", "interestAndDebtExpense": "None", "netIncomeFromContinuingOperations": "1439000000", "comprehensiveIncomeNetOfTax": "None", "ebit": "1708000000", "ebitda": "1877000000", "netIncome": "1432000000"}, {"fiscalDateEnding": "2019-03-31", "reportedCurrency": "USD", "grossProfit": "4076000000", "totalRevenue": "5920000000", "costOfRevenue": "1844000000", "costofGoodsAndServicesSold": "1844000000", "operatingIncome": "1998000000", "sellingGeneralAndAdministrative": "1006000000", "researchAndDevelopment": "1351000000", "operatingExpenses": "2357000000", "investmentIncomeNet": "None", "netInterestIncome": "-45000000", "interestIncome": "179000000", "interestExpense": "45000000", "nonInterestIncome": "None", "otherNonOperatingIncome": "260000000", "depreciation": "None", "depreciationAndAmortization": "170000000", "incomeBeforeTax": "1979000000", "incomeTaxExpense": "264000000", "interestAndDebtExpense": "None", "netIncomeFromContinuingOperations": "1715000000", "comprehensiveIncomeNetOfTax": "None", "ebit": "1998000000", "ebitda": "2168000000", "netIncome": "1710000000"}, {"fiscalDateEnding": "2018-12-31", "reportedCurrency": "USD", "grossProfit": "4283000000", "totalRevenue": "5973000000", "costOfRevenue": "1690000000", "costofGoodsAndServicesSold": "1690000000", "operatingIncome": "1421000000", "sellingGeneralAndAdministrative": "1336000000", "researchAndDevelopment": "1380000000", "operatingExpenses": "2716000000", "investmentIncomeNet": "None", "netInterestIncome": "None", "interestIncome": "None", "interestExpense": "48000000", "nonInterestIncome": "None", "otherNonOperatingIncome": "-62000000", "depreciation": "None", "depreciationAndAmortization": "172000000", "incomeBeforeTax": "1547000000", "incomeTaxExpense": "357000000", "interestAndDebtExpense": "None", "netIncomeFromContinuingOperations": "1158000000", "comprehensiveIncomeNetOfTax": "None", "ebit": "1421000000", "ebitda": "1593000000", "netIncome": "1192000000"}, {"fiscalDateEnding": "2018-09-30", "reportedCurrency": "USD", "grossProfit": "4043000000", "totalRevenue": "5691000000", "costOfRevenue": "1648000000", "costofGoodsAndServicesSold": "1648000000", "operatingIncome": "2115000000", "sellingGeneralAndAdministrative": "1104000000", "researchAndDevelopment": "1280000000", "operatingExpenses": "2384000000", "investmentIncomeNet": "None", "netInterestIncome": "None", "interestIncome": "None", "interestExpense": "44000000", "nonInterestIncome": "None", "otherNonOperatingIncome": "508000000", "depreciation": "None", "depreciationAndAmortization": "165000000", "incomeBeforeTax": "2167000000", "incomeTaxExpense": "255000000", "interestAndDebtExpense": "None", "netIncomeFromContinuingOperations": "1912000000", "comprehensiveIncomeNetOfTax": "None", "ebit": "2115000000", "ebitda": "2280000000", "netIncome": "1901000000"}, {"fiscalDateEnding": "2018-06-30", "reportedCurrency": "USD", "grossProfit": "4079000000", "totalRevenue": "5704000000", "costOfRevenue": "1625000000", "costofGoodsAndServicesSold": "1625000000", "operatingIncome": "535000000", "sellingGeneralAndAdministrative": "1131000000", "researchAndDevelopment": "2435000000", "operatingExpenses": "3566000000", "investmentIncomeNet": "None", "netInterestIncome": "None", "interestIncome": "None", "interestExpense": "45000000", "nonInterestIncome": "None", "otherNonOperatingIncome": "4000000", "depreciation": "None", "depreciationAndAmortization": "157000000", "incomeBeforeTax": "517000000", "incomeTaxExpense": "135000000", "interestAndDebtExpense": "None", "netIncomeFromContinuingOperations": "382000000", "comprehensiveIncomeNetOfTax": "None", "ebit": "535000000", "ebitda": "692000000", "netIncome": "373000000"}, {"fiscalDateEnding": "2018-03-31", "reportedCurrency": "USD", "grossProfit": "3609000000", "totalRevenue": "5193000000", "costOfRevenue": "1584000000", "costofGoodsAndServicesSold": "1584000000", "operatingIncome": "1685000000", "sellingGeneralAndAdministrative": "980000000", "researchAndDevelopment": "1250000000", "operatingExpenses": "2230000000", "investmentIncomeNet": "None", "netInterestIncome": "None", "interestIncome": "None", "interestExpense": "46000000", "nonInterestIncome": "None", "otherNonOperatingIncome": "400000000", "depreciation": "None", "depreciationAndAmortization": "143000000", "incomeBeforeTax": "1779000000", "incomeTaxExpense": "284000000", "interestAndDebtExpense": "None", "netIncomeFromContinuingOperations": "1495000000", "comprehensiveIncomeNetOfTax": "None", "ebit": "1685000000", "ebitda": "1828000000", "netIncome": "1486000000"}, {"fiscalDateEnding": "2017-12-31", "reportedCurrency": "USD", "grossProfit": "3776000000", "totalRevenue": "5449000000", "costOfRevenue": "1673000000", "costofGoodsAndServicesSold": "1673000000", "operatingIncome": "754000000", "sellingGeneralAndAdministrative": "71000000", "researchAndDevelopment": "1921000000", "operatingExpenses": "3291000000", "investmentIncomeNet": "None", "netInterestIncome": "None", "interestIncome": "None", "interestExpense": "51000000", "nonInterestIncome": "None", "otherNonOperatingIncome": "142000000", "depreciation": "None", "depreciationAndAmortization": "197000000", "incomeBeforeTax": "698000000", "incomeTaxExpense": "3027000000", "interestAndDebtExpense": "None", "netIncomeFromContinuingOperations": "-2329000000", "comprehensiveIncomeNetOfTax": "None", "ebit": "754000000", "ebitda": "951000000", "netIncome": "-2328000000"}, {"fiscalDateEnding": "2017-09-30", "reportedCurrency": "USD", "grossProfit": "3682000000", "totalRevenue": "5254000000", "costOfRevenue": "1572000000", "costofGoodsAndServicesSold": "1572000000", "operatingIncome": "1223000000", "sellingGeneralAndAdministrative": "22000000", "researchAndDevelopment": "1543000000", "operatingExpenses": "2712000000", "investmentIncomeNet": "None", "netInterestIncome": "None", "interestIncome": "None", "interestExpense": "48000000", "nonInterestIncome": "None", "otherNonOperatingIncome": "191000000", "depreciation": "None", "depreciationAndAmortization": "188000000", "incomeBeforeTax": "1183000000", "incomeTaxExpense": "327000000", "interestAndDebtExpense": "None", "netIncomeFromContinuingOperations": "856000000", "comprehensiveIncomeNetOfTax": "None", "ebit": "1223000000", "ebitda": "1411000000", "netIncome": "845000000"}, {"fiscalDateEnding": "2017-06-30", "reportedCurrency": "USD", "grossProfit": "3582000000", "totalRevenue": "5144000000", "costOfRevenue": "1562000000", "costofGoodsAndServicesSold": "1562000000", "operatingIncome": "1432000000", "sellingGeneralAndAdministrative": "36000000", "researchAndDevelopment": "1659000000", "operatingExpenses": "2862000000", "investmentIncomeNet": "None", "netInterestIncome": "None", "interestIncome": "None", "interestExpense": "52000000", "nonInterestIncome": "None", "otherNonOperatingIncome": "539000000", "depreciation": "None", "depreciationAndAmortization": "211000000", "incomeBeforeTax": "1295000000", "incomeTaxExpense": "373000000", "interestAndDebtExpense": "None", "netIncomeFromContinuingOperations": "922000000", "comprehensiveIncomeNetOfTax": "None", "ebit": "1432000000", "ebitda": "1643000000", "netIncome": "916000000"}, {"fiscalDateEnding": "2017-03-31", "reportedCurrency": "USD", "grossProfit": "3670000000", "totalRevenue": "4929000000", "costOfRevenue": "1259000000", "costofGoodsAndServicesSold": "1259000000", "operatingIncome": "1520000000", "sellingGeneralAndAdministrative": "33000000", "researchAndDevelopment": "1288000000", "operatingExpenses": "2395000000", "investmentIncomeNet": "None", "netInterestIncome": "None", "interestIncome": "None", "interestExpense": "45000000", "nonInterestIncome": "None", "otherNonOperatingIncome": "647000000", "depreciation": "None", "depreciationAndAmortization": "193000000", "incomeBeforeTax": "1955000000", "incomeTaxExpense": "429000000", "interestAndDebtExpense": "None", "netIncomeFromContinuingOperations": "1526000000", "comprehensiveIncomeNetOfTax": "None", "ebit": "1520000000", "ebitda": "1713000000", "netIncome": "1574000000"}, {"fiscalDateEnding": "2016-12-31", "reportedCurrency": "USD", "grossProfit": "3860000000", "totalRevenue": "5243000000", "costOfRevenue": "1383000000", "costofGoodsAndServicesSold": "1383000000", "operatingIncome": "1045000000", "sellingGeneralAndAdministrative": "25000000", "researchAndDevelopment": "1400000000", "operatingExpenses": "2886000000", "investmentIncomeNet": "None", "netInterestIncome": "None", "interestIncome": "None", "interestExpense": "40000000", "nonInterestIncome": "None", "otherNonOperatingIncome": "87000000", "depreciation": "None", "depreciationAndAmortization": "122000000", "incomeBeforeTax": "1086000000", "incomeTaxExpense": "188000000", "interestAndDebtExpense": "None", "netIncomeFromContinuingOperations": "898000000", "comprehensiveIncomeNetOfTax": "None", "ebit": "1045000000", "ebitda": "1167000000", "netIncome": "894000000"}, {"fiscalDateEnding": "2016-09-30", "reportedCurrency": "USD", "grossProfit": "3617000000", "totalRevenue": "4922000000", "costOfRevenue": "1305000000", "costofGoodsAndServicesSold": "1305000000", "operatingIncome": "1566000000", "sellingGeneralAndAdministrative": "19000000", "researchAndDevelopment": "1138000000", "operatingExpenses": "2301000000", "investmentIncomeNet": "None", "netInterestIncome": "None", "interestIncome": "None", "interestExpense": "42000000", "nonInterestIncome": "None", "otherNonOperatingIncome": "224000000", "depreciation": "None", "depreciationAndAmortization": "105000000", "incomeBeforeTax": "1559000000", "incomeTaxExpense": "344000000", "interestAndDebtExpense": "None", "netIncomeFromContinuingOperations": "1215000000", "comprehensiveIncomeNetOfTax": "None", "ebit": "1566000000", "ebitda": "1671000000", "netIncome": "1202000000"}, {"fiscalDateEnding": "2016-06-30", "reportedCurrency": "USD", "grossProfit": "3665000000", "totalRevenue": "4871000000", "costOfRevenue": "1206000000", "costofGoodsAndServicesSold": "1206000000", "operatingIncome": "1418000000", "sellingGeneralAndAdministrative": "25000000", "researchAndDevelopment": "1266000000", "operatingExpenses": "2529000000", "investmentIncomeNet": "None", "netInterestIncome": "None", "interestIncome": "None", "interestExpense": "42000000", "nonInterestIncome": "None", "otherNonOperatingIncome": "454000000", "depreciation": "None", "depreciationAndAmortization": "90000000", "incomeBeforeTax": "1615000000", "incomeTaxExpense": "427000000", "interestAndDebtExpense": "None", "netIncomeFromContinuingOperations": "1188000000", "comprehensiveIncomeNetOfTax": "None", "ebit": "1418000000", "ebitda": "1508000000", "netIncome": "1166000000"}, {"fiscalDateEnding": "2016-03-31", "reportedCurrency": "USD", "grossProfit": "3339000000", "totalRevenue": "4391000000", "costOfRevenue": "1052000000", "costofGoodsAndServicesSold": "1052000000", "operatingIncome": "1466000000", "sellingGeneralAndAdministrative": "22000000", "researchAndDevelopment": "1136000000", "operatingExpenses": "2226000000", "investmentIncomeNet": "None", "netInterestIncome": "None", "interestIncome": "None", "interestExpense": "43000000", "nonInterestIncome": "None", "otherNonOperatingIncome": "520000000", "depreciation": "None", "depreciationAndAmortization": "65000000", "incomeBeforeTax": "1655000000", "incomeTaxExpense": "449000000", "interestAndDebtExpense": "None", "netIncomeFromContinuingOperations": "1206000000", "comprehensiveIncomeNetOfTax": "None", "ebit": "1466000000", "ebitda": "1531000000", "netIncome": "1195000000"}, {"fiscalDateEnding": "2015-12-31", "reportedCurrency": "USD", "grossProfit": "3335000000", "totalRevenue": "4287000000", "costOfRevenue": "952000000", "costofGoodsAndServicesSold": "952000000", "operatingIncome": "-83000000", "sellingGeneralAndAdministrative": "49000000", "researchAndDevelopment": "1916000000", "operatingExpenses": "3466000000", "investmentIncomeNet": "None", "netInterestIncome": "None", "interestIncome": "None", "interestExpense": "43000000", "nonInterestIncome": "None", "otherNonOperatingIncome": "-328000000", "depreciation": "None", "depreciationAndAmortization": "76000000", "incomeBeforeTax": "-320000000", "incomeTaxExpense": "-191000000", "interestAndDebtExpense": "None", "netIncomeFromContinuingOperations": "-188000000", "comprehensiveIncomeNetOfTax": "None", "ebit": "-83000000", "ebitda": "-7000000", "netIncome": "-138000000"}, {"fiscalDateEnding": "2015-09-30", "reportedCurrency": "USD", "grossProfit": "2972000000", "totalRevenue": "4069000000", "costOfRevenue": "1097000000", "costofGoodsAndServicesSold": "1097000000", "operatingIncome": "810000000", "sellingGeneralAndAdministrative": "48000000", "researchAndDevelopment": "1132000000", "operatingExpenses": "2356000000", "investmentIncomeNet": "None", "netInterestIncome": "None", "interestIncome": "None", "interestExpense": "41000000", "nonInterestIncome": "None", "otherNonOperatingIncome": "323000000", "depreciation": "None", "depreciationAndAmortization": "105000000", "incomeBeforeTax": "987000000", "incomeTaxExpense": "257000000", "interestAndDebtExpense": "None", "netIncomeFromContinuingOperations": "730000000", "comprehensiveIncomeNetOfTax": "None", "ebit": "810000000", "ebitda": "915000000", "netIncome": "706000000"}, {"fiscalDateEnding": "2015-06-30", "reportedCurrency": "USD", "grossProfit": "3150000000", "totalRevenue": "4163000000", "costOfRevenue": "1013000000", "costofGoodsAndServicesSold": "1013000000", "operatingIncome": "279000000", "sellingGeneralAndAdministrative": "36000000", "researchAndDevelopment": "1856000000", "operatingExpenses": "3027000000", "investmentIncomeNet": "None", "netInterestIncome": "None", "interestIncome": "None", "interestExpense": "49000000", "nonInterestIncome": "None", "otherNonOperatingIncome": "-107000000", "depreciation": "None", "depreciationAndAmortization": "91000000", "incomeBeforeTax": "52000000", "incomeTaxExpense": "162000000", "interestAndDebtExpense": "None", "netIncomeFromContinuingOperations": "-110000000", "comprehensiveIncomeNetOfTax": "None", "ebit": "279000000", "ebitda": "370000000", "netIncome": "-130000000"}, {"fiscalDateEnding": "2015-03-31", "reportedCurrency": "USD", "grossProfit": "3194000000", "totalRevenue": "4041000000", "costOfRevenue": "847000000", "costofGoodsAndServicesSold": "847000000", "operatingIncome": "1352000000", "sellingGeneralAndAdministrative": "27000000", "researchAndDevelopment": "1016000000", "operatingExpenses": "2072000000", "investmentIncomeNet": "None", "netInterestIncome": "None", "interestIncome": "None", "interestExpense": "51000000", "nonInterestIncome": "None", "otherNonOperatingIncome": "299000000", "depreciation": "None", "depreciationAndAmortization": "104000000", "incomeBeforeTax": "1448000000", "incomeTaxExpense": "249000000", "interestAndDebtExpense": "None", "netIncomeFromContinuingOperations": "1199000000", "comprehensiveIncomeNetOfTax": "None", "ebit": "1352000000", "ebitda": "1456000000", "netIncome": "1186000000"}, {"fiscalDateEnding": "2014-12-31", "reportedCurrency": "USD", "grossProfit": "3292000000", "totalRevenue": "4258000000", "costOfRevenue": "966000000", "costofGoodsAndServicesSold": "966000000", "operatingIncome": "-31000000", "sellingGeneralAndAdministrative": "740000000", "researchAndDevelopment": "1189000000", "operatingExpenses": "3293000000", "investmentIncomeNet": "None", "netInterestIncome": "None", "interestIncome": "None", "interestExpense": "53000000", "nonInterestIncome": "None", "otherNonOperatingIncome": "-799000000", "depreciation": "None", "depreciationAndAmortization": "103000000", "incomeBeforeTax": "-60000000", "incomeTaxExpense": "-87000000", "interestAndDebtExpense": "None", "netIncomeFromContinuingOperations": "27000000", "comprehensiveIncomeNetOfTax": "None", "ebit": "-31000000", "ebitda": "72000000", "netIncome": "13000000"}, {"fiscalDateEnding": "2014-09-30", "reportedCurrency": "USD", "grossProfit": "2914000000", "totalRevenue": "3921000000", "costOfRevenue": "1007000000", "costofGoodsAndServicesSold": "1007000000", "operatingIncome": "786000000", "sellingGeneralAndAdministrative": "28000000", "researchAndDevelopment": "983000000", "operatingExpenses": "2211000000", "investmentIncomeNet": "None", "netInterestIncome": "None", "interestIncome": "None", "interestExpense": "50000000", "nonInterestIncome": "None", "otherNonOperatingIncome": "277000000", "depreciation": "None", "depreciationAndAmortization": "112000000", "incomeBeforeTax": "1008000000", "incomeTaxExpense": "276000000", "interestAndDebtExpense": "None", "netIncomeFromContinuingOperations": "732000000", "comprehensiveIncomeNetOfTax": "None", "ebit": "786000000", "ebitda": "898000000", "netIncome": "721000000"}, {"fiscalDateEnding": "2014-06-30", "reportedCurrency": "USD", "grossProfit": "2898000000", "totalRevenue": "3889000000", "costOfRevenue": "991000000", "costofGoodsAndServicesSold": "991000000", "operatingIncome": "469000000", "sellingGeneralAndAdministrative": "45000000", "researchAndDevelopment": "1416000000", "operatingExpenses": "2599000000", "investmentIncomeNet": "None", "netInterestIncome": "None", "interestIncome": "None", "interestExpense": "46000000", "nonInterestIncome": "None", "otherNonOperatingIncome": "104000000", "depreciation": "None", "depreciationAndAmortization": "115000000", "incomeBeforeTax": "448000000", "incomeTaxExpense": "114000000", "interestAndDebtExpense": "None", "netIncomeFromContinuingOperations": "334000000", "comprehensiveIncomeNetOfTax": "None", "ebit": "469000000", "ebitda": "584000000", "netIncome": "333000000"}, {"fiscalDateEnding": "2014-03-31", "reportedCurrency": "USD", "grossProfit": "2843000000", "totalRevenue": "3811000000", "costOfRevenue": "968000000", "costofGoodsAndServicesSold": "968000000", "operatingIncome": "807000000", "sellingGeneralAndAdministrative": "64000000", "researchAndDevelopment": "946000000", "operatingExpenses": "2130000000", "investmentIncomeNet": "None", "netInterestIncome": "None", "interestIncome": "None", "interestExpense": "54000000", "nonInterestIncome": "None", "otherNonOperatingIncome": "208000000", "depreciation": "None", "depreciationAndAmortization": "137000000", "incomeBeforeTax": "985000000", "incomeTaxExpense": "49000000", "interestAndDebtExpense": "None", "netIncomeFromContinuingOperations": "936000000", "comprehensiveIncomeNetOfTax": "None", "ebit": "807000000", "ebitda": "944000000", "netIncome": "937000000"}, {"fiscalDateEnding": "2013-12-31", "reportedCurrency": "USD", "grossProfit": "3168000000", "totalRevenue": "4441000000", "costOfRevenue": "1273000000", "costofGoodsAndServicesSold": "1273000000", "operatingIncome": "751000000", "sellingGeneralAndAdministrative": "27000000", "researchAndDevelopment": "957000000", "operatingExpenses": "2306000000", "investmentIncomeNet": "None", "netInterestIncome": "None", "interestIncome": "None", "interestExpense": "53000000", "nonInterestIncome": "None", "otherNonOperatingIncome": "-20000000", "depreciation": "None", "depreciationAndAmortization": "181000000", "incomeBeforeTax": "869000000", "incomeTaxExpense": "134000000", "interestAndDebtExpense": "None", "netIncomeFromContinuingOperations": "735000000", "comprehensiveIncomeNetOfTax": "None", "ebit": "751000000", "ebitda": "932000000", "netIncome": "726000000"}, {"fiscalDateEnding": "2013-09-30", "reportedCurrency": "USD", "grossProfit": "2890000000", "totalRevenue": "4065000000", "costOfRevenue": "1175000000", "costofGoodsAndServicesSold": "1175000000", "operatingIncome": "684000000", "sellingGeneralAndAdministrative": "37000000", "researchAndDevelopment": "893000000", "operatingExpenses": "2104000000", "investmentIncomeNet": "None", "netInterestIncome": "None", "interestIncome": "None", "interestExpense": "46000000", "nonInterestIncome": "None", "otherNonOperatingIncome": "-5000000", "depreciation": "None", "depreciationAndAmortization": "180000000", "incomeBeforeTax": "818000000", "incomeTaxExpense": "126000000", "interestAndDebtExpense": "None", "netIncomeFromContinuingOperations": "692000000", "comprehensiveIncomeNetOfTax": "None", "ebit": "684000000", "ebitda": "864000000", "netIncome": "692000000"}, {"fiscalDateEnding": "2013-06-30", "reportedCurrency": "USD", "grossProfit": "2940000000", "totalRevenue": "4048000000", "costOfRevenue": "1108000000", "costofGoodsAndServicesSold": "1108000000", "operatingIncome": "703000000", "sellingGeneralAndAdministrative": "101000000", "researchAndDevelopment": "951000000", "operatingExpenses": "2312000000", "investmentIncomeNet": "None", "netInterestIncome": "None", "interestIncome": "None", "interestExpense": "50000000", "nonInterestIncome": "None", "otherNonOperatingIncome": "-199000000", "depreciation": "None", "depreciationAndAmortization": "189000000", "incomeBeforeTax": "530000000", "incomeTaxExpense": "119000000", "interestAndDebtExpense": "None", "netIncomeFromContinuingOperations": "530000000", "comprehensiveIncomeNetOfTax": "None", "ebit": "703000000", "ebitda": "892000000", "netIncome": "536000000"}, {"fiscalDateEnding": "2013-03-31", "reportedCurrency": "USD", "grossProfit": "2768000000", "totalRevenue": "3831000000", "costOfRevenue": "1063000000", "costofGoodsAndServicesSold": "1063000000", "operatingIncome": "731000000", "sellingGeneralAndAdministrative": "1183000000", "researchAndDevelopment": "930000000", "operatingExpenses": "2113000000", "investmentIncomeNet": "None", "netInterestIncome": "None", "interestIncome": "None", "interestExpense": "50000000", "nonInterestIncome": "None", "otherNonOperatingIncome": "19000000", "depreciation": "None", "depreciationAndAmortization": "213000000", "incomeBeforeTax": "674000000", "incomeTaxExpense": "51000000", "interestAndDebtExpense": "None", "netIncomeFromContinuingOperations": "623000000", "comprehensiveIncomeNetOfTax": "None", "ebit": "731000000", "ebitda": "944000000", "netIncome": "609000000"}, {"fiscalDateEnding": "2012-12-31", "reportedCurrency": "USD", "grossProfit": "3116000000", "totalRevenue": "4191000000", "costOfRevenue": "1075000000", "costofGoodsAndServicesSold": "1075000000", "operatingIncome": "452000000", "sellingGeneralAndAdministrative": "155000000", "researchAndDevelopment": "1082000000", "operatingExpenses": "2592000000", "investmentIncomeNet": "None", "netInterestIncome": "None", "interestIncome": "None", "interestExpense": "51000000", "nonInterestIncome": "None", "otherNonOperatingIncome": "-115000000", "depreciation": "None", "depreciationAndAmortization": "199000000", "incomeBeforeTax": "513000000", "incomeTaxExpense": "-411000000", "interestAndDebtExpense": "None", "netIncomeFromContinuingOperations": "924000000", "comprehensiveIncomeNetOfTax": "None", "ebit": "452000000", "ebitda": "651000000", "netIncome": "925000000"}, {"fiscalDateEnding": "2012-09-30", "reportedCurrency": "USD", "grossProfit": "2749000000", "totalRevenue": "3736000000", "costOfRevenue": "987000000", "costofGoodsAndServicesSold": "987000000", "operatingIncome": "496000000", "sellingGeneralAndAdministrative": "1071000000", "researchAndDevelopment": "951000000", "operatingExpenses": "2189000000", "investmentIncomeNet": "None", "netInterestIncome": "None", "interestIncome": "None", "interestExpense": "48000000", "nonInterestIncome": "None", "otherNonOperatingIncome": "90000000", "depreciation": "None", "depreciationAndAmortization": "104000000", "incomeBeforeTax": "-1259000000", "incomeTaxExpense": "-546000000", "interestAndDebtExpense": "None", "netIncomeFromContinuingOperations": "-713000000", "comprehensiveIncomeNetOfTax": "None", "ebit": "496000000", "ebitda": "600000000", "netIncome": "-711000000"}, {"fiscalDateEnding": "2012-06-30", "reportedCurrency": "USD", "grossProfit": "3198000000", "totalRevenue": "4443000000", "costOfRevenue": "1245000000", "costofGoodsAndServicesSold": "1245000000", "operatingIncome": "1083000000", "sellingGeneralAndAdministrative": "1004000000", "researchAndDevelopment": "962000000", "operatingExpenses": "2190000000", "investmentIncomeNet": "None", "netInterestIncome": "None", "interestIncome": "None", "interestExpense": "41000000", "nonInterestIncome": "None", "otherNonOperatingIncome": "71000000", "depreciation": "None", "depreciationAndAmortization": "192000000", "incomeBeforeTax": "1059000000", "incomeTaxExpense": "251000000", "interestAndDebtExpense": "None", "netIncomeFromContinuingOperations": "808000000", "comprehensiveIncomeNetOfTax": "None", "ebit": "1083000000", "ebitda": "1275000000", "netIncome": "645000000"}, {"fiscalDateEnding": "2012-03-31", "reportedCurrency": "USD", "grossProfit": "3948000000", "totalRevenue": "5251000000", "costOfRevenue": "1303000000", "costofGoodsAndServicesSold": "1303000000", "operatingIncome": "2108000000", "sellingGeneralAndAdministrative": "1002000000", "researchAndDevelopment": "909000000", "operatingExpenses": "1933000000", "investmentIncomeNet": "None", "netInterestIncome": "None", "interestIncome": "None", "interestExpense": "42000000", "nonInterestIncome": "None", "otherNonOperatingIncome": "34000000", "depreciation": "None", "depreciationAndAmortization": "186000000", "incomeBeforeTax": "2027000000", "incomeTaxExpense": "545000000", "interestAndDebtExpense": "None", "netIncomeFromContinuingOperations": "1482000000", "comprehensiveIncomeNetOfTax": "None", "ebit": "2108000000", "ebitda": "2294000000", "netIncome": "1101000000"}, {"fiscalDateEnding": "2011-12-31", "reportedCurrency": "USD", "grossProfit": "4087000000", "totalRevenue": "5454000000", "costOfRevenue": "1367000000", "costofGoodsAndServicesSold": "1367000000", "operatingIncome": "1728000000", "sellingGeneralAndAdministrative": "1216000000", "researchAndDevelopment": "1008000000", "operatingExpenses": "2509000000", "investmentIncomeNet": "None", "netInterestIncome": "None", "interestIncome": "None", "interestExpense": "42000000", "nonInterestIncome": "None", "otherNonOperatingIncome": "40000000", "depreciation": "None", "depreciationAndAmortization": "207000000", "incomeBeforeTax": "1594000000", "incomeTaxExpense": "363000000", "interestAndDebtExpense": "None", "netIncomeFromContinuingOperations": "1231000000", "comprehensiveIncomeNetOfTax": "None", "ebit": "1728000000", "ebitda": "1935000000", "netIncome": "852000000"}, {"fiscalDateEnding": "2011-09-30", "reportedCurrency": "USD", "grossProfit": "3938000000", "totalRevenue": "5345000000", "costOfRevenue": "1407000000", "costofGoodsAndServicesSold": "1407000000", "operatingIncome": "1835000000", "sellingGeneralAndAdministrative": "1019000000", "researchAndDevelopment": "973000000", "operatingExpenses": "2197000000", "investmentIncomeNet": "None", "netInterestIncome": "None", "interestIncome": "None", "interestExpense": "40000000", "nonInterestIncome": "None", "otherNonOperatingIncome": "97000000", "depreciation": "None", "depreciationAndAmortization": "198000000", "incomeBeforeTax": "1830000000", "incomeTaxExpense": "475000000", "interestAndDebtExpense": "None", "netIncomeFromContinuingOperations": "1355000000", "comprehensiveIncomeNetOfTax": "None", "ebit": "1835000000", "ebitda": "2033000000", "netIncome": "969000000"}, {"fiscalDateEnding": "2011-06-30", "reportedCurrency": "USD", "grossProfit": "3953000000", "totalRevenue": "5434000000", "costOfRevenue": "1481000000", "costofGoodsAndServicesSold": "1481000000", "operatingIncome": "1824000000", "sellingGeneralAndAdministrative": "1040000000", "researchAndDevelopment": "923000000", "operatingExpenses": "2216000000", "investmentIncomeNet": "None", "netInterestIncome": "None", "interestIncome": "None", "interestExpense": "32000000", "nonInterestIncome": "None", "otherNonOperatingIncome": "93000000", "depreciation": "None", "depreciationAndAmortization": "206000000", "incomeBeforeTax": "1790000000", "incomeTaxExpense": "483000000", "interestAndDebtExpense": "None", "netIncomeFromContinuingOperations": "1307000000", "comprehensiveIncomeNetOfTax": "None", "ebit": "1824000000", "ebitda": "2030000000", "netIncome": "902000000"}, {"fiscalDateEnding": "2011-03-31", "reportedCurrency": "USD", "grossProfit": "3668000000", "totalRevenue": "5011000000", "costOfRevenue": "1343000000", "costofGoodsAndServicesSold": "1343000000", "operatingIncome": "1694000000", "sellingGeneralAndAdministrative": "928000000", "researchAndDevelopment": "935000000", "operatingExpenses": "2077000000", "investmentIncomeNet": "None", "netInterestIncome": "None", "interestIncome": "None", "interestExpense": "31000000", "nonInterestIncome": "None", "otherNonOperatingIncome": "220000000", "depreciation": "None", "depreciationAndAmortization": "190000000", "incomeBeforeTax": "1767000000", "incomeTaxExpense": "400000000", "interestAndDebtExpense": "None", "netIncomeFromContinuingOperations": "1367000000", "comprehensiveIncomeNetOfTax": "None", "ebit": "1694000000", "ebitda": "1884000000", "netIncome": "986000000"}, {"fiscalDateEnding": "2010-12-31", "reportedCurrency": "USD", "grossProfit": "3697000000", "totalRevenue": "5111000000", "costOfRevenue": "1414000000", "costofGoodsAndServicesSold": "1414000000", "operatingIncome": "1455000000", "sellingGeneralAndAdministrative": "997000000", "researchAndDevelopment": "1010000000", "operatingExpenses": "2562000000", "investmentIncomeNet": "None", "netInterestIncome": "None", "interestIncome": "None", "interestExpense": "42000000", "nonInterestIncome": "None", "otherNonOperatingIncome": "19000000", "depreciation": "None", "depreciationAndAmortization": "198000000", "incomeBeforeTax": "1413000000", "incomeTaxExpense": "571000000", "interestAndDebtExpense": "None", "netIncomeFromContinuingOperations": "842000000", "comprehensiveIncomeNetOfTax": "None", "ebit": "1455000000", "ebitda": "1653000000", "netIncome": "483000000"}, {"fiscalDateEnding": "2010-09-30", "reportedCurrency": "USD", "grossProfit": "3518000000", "totalRevenue": "4798000000", "costOfRevenue": "1280000000", "costofGoodsAndServicesSold": "1280000000", "operatingIncome": "1496000000", "sellingGeneralAndAdministrative": "892000000", "researchAndDevelopment": "824000000", "operatingExpenses": "1947000000", "investmentIncomeNet": "None", "netInterestIncome": "None", "interestIncome": "None", "interestExpense": "38000000", "nonInterestIncome": "None", "otherNonOperatingIncome": "80000000", "depreciation": "None", "depreciationAndAmortization": "168000000", "incomeBeforeTax": "1614000000", "incomeTaxExpense": "312000000", "interestAndDebtExpense": "None", "netIncomeFromContinuingOperations": "1302000000", "comprehensiveIncomeNetOfTax": "None", "ebit": "1496000000", "ebitda": "1664000000", "netIncome": "949000000"}, {"fiscalDateEnding": "2010-06-30", "reportedCurrency": "USD", "grossProfit": "3491000000", "totalRevenue": "4768000000", "costOfRevenue": "1277000000", "costofGoodsAndServicesSold": "1277000000", "operatingIncome": "1422000000", "sellingGeneralAndAdministrative": "894000000", "researchAndDevelopment": "822000000", "operatingExpenses": "1979000000", "investmentIncomeNet": "None", "netInterestIncome": "None", "interestIncome": "None", "interestExpense": "32000000", "nonInterestIncome": "None", "otherNonOperatingIncome": "104000000", "depreciation": "None", "depreciationAndAmortization": "191000000", "incomeBeforeTax": "1592000000", "incomeTaxExpense": "324000000", "interestAndDebtExpense": "None", "netIncomeFromContinuingOperations": "1268000000", "comprehensiveIncomeNetOfTax": "None", "ebit": "1422000000", "ebitda": "1613000000", "netIncome": "927000000"}, {"fiscalDateEnding": "2010-03-31", "reportedCurrency": "USD", "grossProfit": "3501000000", "totalRevenue": "4807000000", "costOfRevenue": "1306000000", "costofGoodsAndServicesSold": "1306000000", "operatingIncome": "1607000000", "sellingGeneralAndAdministrative": "900000000", "researchAndDevelopment": "910000000", "operatingExpenses": "2022000000", "investmentIncomeNet": "None", "netInterestIncome": "None", "interestIncome": "None", "interestExpense": "33000000", "nonInterestIncome": "None", "otherNonOperatingIncome": "-16000000", "depreciation": "None", "depreciationAndAmortization": "187000000", "incomeBeforeTax": "1452000000", "incomeTaxExpense": "351000000", "interestAndDebtExpense": "None", "netIncomeFromContinuingOperations": "1101000000", "comprehensiveIncomeNetOfTax": "None", "ebit": "1607000000", "ebitda": "1794000000", "netIncome": "743000000"}, {"fiscalDateEnding": "2009-12-31", "reportedCurrency": "USD", "grossProfit": "2218000000", "totalRevenue": "2922000000", "costOfRevenue": "704000000", "costofGoodsAndServicesSold": "704000000", "operatingIncome": "360000000", "sellingGeneralAndAdministrative": "688000000", "researchAndDevelopment": "1057000000", "operatingExpenses": "1430000000", "investmentIncomeNet": "None", "netInterestIncome": "None", "interestIncome": "None", "interestExpense": "52000000", "nonInterestIncome": "None", "otherNonOperatingIncome": "None", "depreciation": "None", "depreciationAndAmortization": "199000000", "incomeBeforeTax": "753000000", "incomeTaxExpense": "-158000000", "interestAndDebtExpense": "None", "netIncomeFromContinuingOperations": "0", "comprehensiveIncomeNetOfTax": "None", "ebit": "360000000", "ebitda": "559000000", "netIncome": "8025000000"}, {"fiscalDateEnding": "2009-09-30", "reportedCurrency": "USD", "grossProfit": "3925000000", "totalRevenue": "5487000000", "costOfRevenue": "1562000000", "costofGoodsAndServicesSold": "1562000000", "operatingIncome": "1656000000", "sellingGeneralAndAdministrative": "1117000000", "researchAndDevelopment": "838000000", "operatingExpenses": "2147000000", "investmentIncomeNet": "None", "netInterestIncome": "None", "interestIncome": "None", "interestExpense": "49000000", "nonInterestIncome": "None", "otherNonOperatingIncome": "169000000", "depreciation": "None", "depreciationAndAmortization": "176000000", "incomeBeforeTax": "1724000000", "incomeTaxExpense": "434000000", "interestAndDebtExpense": "None", "netIncomeFromContinuingOperations": "1290000000", "comprehensiveIncomeNetOfTax": "None", "ebit": "1656000000", "ebitda": "1832000000", "netIncome": "966000000"}, {"fiscalDateEnding": "2009-06-30", "reportedCurrency": "USD", "grossProfit": "3923000000", "totalRevenue": "5384000000", "costOfRevenue": "1461000000", "costofGoodsAndServicesSold": "1461000000", "operatingIncome": "1611000000", "sellingGeneralAndAdministrative": "1105000000", "researchAndDevelopment": "829000000", "operatingExpenses": "2162000000", "investmentIncomeNet": "None", "netInterestIncome": "None", "interestIncome": "None", "interestExpense": "46000000", "nonInterestIncome": "None", "otherNonOperatingIncome": "172000000", "depreciation": "None", "depreciationAndAmortization": "170000000", "incomeBeforeTax": "1741000000", "incomeTaxExpense": "443000000", "interestAndDebtExpense": "None", "netIncomeFromContinuingOperations": "1298000000", "comprehensiveIncomeNetOfTax": "None", "ebit": "1611000000", "ebitda": "1781000000", "netIncome": "1298000000"}, {"fiscalDateEnding": "2009-03-31", "reportedCurrency": "USD", "grossProfit": "3602000000", "totalRevenue": "5015000000", "costOfRevenue": "1413000000", "costofGoodsAndServicesSold": "1413000000", "operatingIncome": "1450000000", "sellingGeneralAndAdministrative": "1064000000", "researchAndDevelopment": "923000000", "operatingExpenses": "2311000000", "investmentIncomeNet": "None", "netInterestIncome": "None", "interestIncome": "None", "interestExpense": "52000000", "nonInterestIncome": "None", "otherNonOperatingIncome": "None", "depreciation": "None", "depreciationAndAmortization": "162000000", "incomeBeforeTax": "1384000000", "incomeTaxExpense": "463000000", "interestAndDebtExpense": "None", "netIncomeFromContinuingOperations": "0", "comprehensiveIncomeNetOfTax": "None", "ebit": "1450000000", "ebitda": "1612000000", "netIncome": "638000000"}, {"fiscalDateEnding": "2008-12-31", "reportedCurrency": "USD", "grossProfit": "3727000000", "totalRevenue": "5249000000", "costOfRevenue": "1522000000", "costofGoodsAndServicesSold": "1522000000", "operatingIncome": "1061000000", "sellingGeneralAndAdministrative": "1318000000", "researchAndDevelopment": "1143000000", "operatingExpenses": "2910000000", "investmentIncomeNet": "None", "netInterestIncome": "None", "interestIncome": "None", "interestExpense": "80000000", "nonInterestIncome": "None", "otherNonOperatingIncome": "None", "depreciation": "None", "depreciationAndAmortization": "180000000", "incomeBeforeTax": "1888000000", "incomeTaxExpense": "424000000", "interestAndDebtExpense": "None", "netIncomeFromContinuingOperations": "0", "comprehensiveIncomeNetOfTax": "None", "ebit": "1061000000", "ebitda": "1241000000", "netIncome": "1244000000"}, {"fiscalDateEnding": "2008-09-30", "reportedCurrency": "USD", "grossProfit": "3620000000", "totalRevenue": "5254000000", "costOfRevenue": "1634000000", "costofGoodsAndServicesSold": "1634000000", "operatingIncome": "1394000000", "sellingGeneralAndAdministrative": "1208000000", "researchAndDevelopment": "834000000", "operatingExpenses": "2404000000", "investmentIncomeNet": "None", "netInterestIncome": "None", "interestIncome": "None", "interestExpense": "88000000", "nonInterestIncome": "None", "otherNonOperatingIncome": "None", "depreciation": "None", "depreciationAndAmortization": "182000000", "incomeBeforeTax": "1155000000", "incomeTaxExpense": "308000000", "interestAndDebtExpense": "None", "netIncomeFromContinuingOperations": "0", "comprehensiveIncomeNetOfTax": "None", "ebit": "1394000000", "ebitda": "1576000000", "netIncome": "2578000000"}, {"fiscalDateEnding": "2008-06-30", "reportedCurrency": "USD", "grossProfit": "3533000000", "totalRevenue": "5203000000", "costOfRevenue": "1670000000", "costofGoodsAndServicesSold": "1670000000", "operatingIncome": "1124000000", "sellingGeneralAndAdministrative": "1165000000", "researchAndDevelopment": "826000000", "operatingExpenses": "2411000000", "investmentIncomeNet": "None", "netInterestIncome": "None", "interestIncome": "None", "interestExpense": "85000000", "nonInterestIncome": "None", "otherNonOperatingIncome": "None", "depreciation": "None", "depreciationAndAmortization": "203000000", "incomeBeforeTax": "1221000000", "incomeTaxExpense": "258000000", "interestAndDebtExpense": "None", "netIncomeFromContinuingOperations": "0", "comprehensiveIncomeNetOfTax": "None", "ebit": "1124000000", "ebitda": "1327000000", "netIncome": "764000000"}, {"fiscalDateEnding": "2008-03-31", "reportedCurrency": "USD", "grossProfit": "3524000000", "totalRevenue": "5181000000", "costOfRevenue": "1657000000", "costofGoodsAndServicesSold": "1657000000", "operatingIncome": "1196000000", "sellingGeneralAndAdministrative": "1223000000", "researchAndDevelopment": "795000000", "operatingExpenses": "2348000000", "investmentIncomeNet": "None", "netInterestIncome": "None", "interestIncome": "None", "interestExpense": "80000000", "nonInterestIncome": "None", "otherNonOperatingIncome": "None", "depreciation": "None", "depreciationAndAmortization": "251000000", "incomeBeforeTax": "1290000000", "incomeTaxExpense": "359000000", "interestAndDebtExpense": "None", "netIncomeFromContinuingOperations": "0", "comprehensiveIncomeNetOfTax": "None", "ebit": "1196000000", "ebitda": "1447000000", "netIncome": "661000000"}, {"fiscalDateEnding": "2007-12-31", "reportedCurrency": "USD", "grossProfit": "3239000000", "totalRevenue": "4894000000", "costOfRevenue": "1655000000", "costofGoodsAndServicesSold": "1655000000", "operatingIncome": "1278000000", "sellingGeneralAndAdministrative": "1274000000", "researchAndDevelopment": "870000000", "operatingExpenses": "2621000000", "investmentIncomeNet": "None", "netInterestIncome": "None", "interestIncome": "None", "interestExpense": "96000000", "nonInterestIncome": "None", "otherNonOperatingIncome": "None", "depreciation": "None", "depreciationAndAmortization": "254000000", "incomeBeforeTax": "49000000", "incomeTaxExpense": "118000000", "interestAndDebtExpense": "None", "netIncomeFromContinuingOperations": "0", "comprehensiveIncomeNetOfTax": "None", "ebit": "1278000000", "ebitda": "1532000000", "netIncome": "-89000000"}, {"fiscalDateEnding": "2007-09-30", "reportedCurrency": "USD", "grossProfit": "3428000000", "totalRevenue": "5050000000", "costOfRevenue": "1622000000", "costofGoodsAndServicesSold": "1622000000", "operatingIncome": "760000000", "sellingGeneralAndAdministrative": "1214000000", "researchAndDevelopment": "827000000", "operatingExpenses": "2392000000", "investmentIncomeNet": "None", "netInterestIncome": "None", "interestIncome": "None", "interestExpense": "109000000", "nonInterestIncome": "None", "otherNonOperatingIncome": "None", "depreciation": "None", "depreciationAndAmortization": "213000000", "incomeBeforeTax": "1411000000", "incomeTaxExpense": "342000000", "interestAndDebtExpense": "None", "netIncomeFromContinuingOperations": "0", "comprehensiveIncomeNetOfTax": "None", "ebit": "760000000", "ebitda": "973000000", "netIncome": "858000000"}, {"fiscalDateEnding": "2007-06-30", "reportedCurrency": "USD", "grossProfit": "3379000000", "totalRevenue": "4928000000", "costOfRevenue": "1549000000", "costofGoodsAndServicesSold": "1549000000", "operatingIncome": "974000000", "sellingGeneralAndAdministrative": "1209000000", "researchAndDevelopment": "778000000", "operatingExpenses": "2355000000", "investmentIncomeNet": "None", "netInterestIncome": "None", "interestIncome": "None", "interestExpense": "107000000", "nonInterestIncome": "None", "otherNonOperatingIncome": "None", "depreciation": "None", "depreciationAndAmortization": "209000000", "incomeBeforeTax": "1157000000", "incomeTaxExpense": "257000000", "interestAndDebtExpense": "None", "netIncomeFromContinuingOperations": "0", "comprehensiveIncomeNetOfTax": "None", "ebit": "974000000", "ebitda": "1183000000", "netIncome": "706000000"}, {"fiscalDateEnding": "2007-03-31", "reportedCurrency": "USD", "grossProfit": "3084000000", "totalRevenue": "4476000000", "costOfRevenue": "1392000000", "costofGoodsAndServicesSold": "1392000000", "operatingIncome": "853000000", "sellingGeneralAndAdministrative": "1158000000", "researchAndDevelopment": "807000000", "operatingExpenses": "2234000000", "investmentIncomeNet": "None", "netInterestIncome": "None", "interestIncome": "None", "interestExpense": "109000000", "nonInterestIncome": "None", "otherNonOperatingIncome": "None", "depreciation": "None", "depreciationAndAmortization": "216000000", "incomeBeforeTax": "917000000", "incomeTaxExpense": "86000000", "interestAndDebtExpense": "None", "netIncomeFromContinuingOperations": "0", "comprehensiveIncomeNetOfTax": "None", "ebit": "853000000", "ebitda": "1069000000", "netIncome": "690000000"}, {"fiscalDateEnding": "2006-12-31", "reportedCurrency": "USD", "grossProfit": "2766000000", "totalRevenue": "4213000000", "costOfRevenue": "1447000000", "costofGoodsAndServicesSold": "1447000000", "operatingIncome": "800000000", "sellingGeneralAndAdministrative": "1311000000", "researchAndDevelopment": "821000000", "operatingExpenses": "2550000000", "investmentIncomeNet": "None", "netInterestIncome": "None", "interestIncome": "None", "interestExpense": "128000000", "nonInterestIncome": "None", "otherNonOperatingIncome": "None", "depreciation": "None", "depreciationAndAmortization": "234000000", "incomeBeforeTax": "-285000000", "incomeTaxExpense": "-167000000", "interestAndDebtExpense": "None", "netIncomeFromContinuingOperations": "0", "comprehensiveIncomeNetOfTax": "None", "ebit": "800000000", "ebitda": "1034000000", "netIncome": "-134000000"}, {"fiscalDateEnding": "2006-09-30", "reportedCurrency": "USD", "grossProfit": "2689000000", "totalRevenue": "4154000000", "costOfRevenue": "1465000000", "costofGoodsAndServicesSold": "1465000000", "operatingIncome": "361000000", "sellingGeneralAndAdministrative": "1189000000", "researchAndDevelopment": "756000000", "operatingExpenses": "2231000000", "investmentIncomeNet": "None", "netInterestIncome": "None", "interestIncome": "None", "interestExpense": "130000000", "nonInterestIncome": "None", "otherNonOperatingIncome": "None", "depreciation": "None", "depreciationAndAmortization": "230000000", "incomeBeforeTax": "617000000", "incomeTaxExpense": "193000000", "interestAndDebtExpense": "None", "netIncomeFromContinuingOperations": "0", "comprehensiveIncomeNetOfTax": "None", "ebit": "361000000", "ebitda": "591000000", "netIncome": "338000000"}, {"fiscalDateEnding": "2006-06-30", "reportedCurrency": "USD", "grossProfit": "3303000000", "totalRevenue": "4871000000", "costOfRevenue": "1568000000", "costofGoodsAndServicesSold": "1568000000", "operatingIncome": "1016000000", "sellingGeneralAndAdministrative": "1181000000", "researchAndDevelopment": "740000000", "operatingExpenses": "2273000000", "investmentIncomeNet": "None", "netInterestIncome": "None", "interestIncome": "None", "interestExpense": "124000000", "nonInterestIncome": "None", "otherNonOperatingIncome": "None", "depreciation": "None", "depreciationAndAmortization": "237000000", "incomeBeforeTax": "1110000000", "incomeTaxExpense": "256000000", "interestAndDebtExpense": "None", "netIncomeFromContinuingOperations": "0", "comprehensiveIncomeNetOfTax": "None", "ebit": "1016000000", "ebitda": "1253000000", "netIncome": "667000000"}, {"fiscalDateEnding": "2006-03-31", "reportedCurrency": "USD", "grossProfit": "3200000000", "totalRevenue": "4676000000", "costOfRevenue": "1476000000", "costofGoodsAndServicesSold": "1476000000", "operatingIncome": "680000000", "sellingGeneralAndAdministrative": "1238000000", "researchAndDevelopment": "750000000", "operatingExpenses": "2283000000", "investmentIncomeNet": "None", "netInterestIncome": "None", "interestIncome": "None", "interestExpense": "116000000", "nonInterestIncome": "None", "otherNonOperatingIncome": "None", "depreciation": "None", "depreciationAndAmortization": "226000000", "incomeBeforeTax": "1193000000", "incomeTaxExpense": "328000000", "interestAndDebtExpense": "None", "netIncomeFromContinuingOperations": "0", "comprehensiveIncomeNetOfTax": "None", "ebit": "680000000", "ebitda": "906000000", "netIncome": "714000000"}, {"fiscalDateEnding": "2005-12-31", "reportedCurrency": "USD", "grossProfit": "3424000000", "totalRevenue": "5019000000", "costOfRevenue": "1595000000", "costofGoodsAndServicesSold": "1595000000", "operatingIncome": "886000000", "sellingGeneralAndAdministrative": "1369000000", "researchAndDevelopment": "775000000", "operatingExpenses": "2588000000", "investmentIncomeNet": "None", "netInterestIncome": "None", "interestIncome": "None", "interestExpense": "100000000", "nonInterestIncome": "None", "otherNonOperatingIncome": "None", "depreciation": "None", "depreciationAndAmortization": "239000000", "incomeBeforeTax": "832000000", "incomeTaxExpense": "178000000", "interestAndDebtExpense": "None", "netIncomeFromContinuingOperations": "0", "comprehensiveIncomeNetOfTax": "None", "ebit": "886000000", "ebitda": "1125000000", "netIncome": "499000000"}, {"fiscalDateEnding": "2005-09-30", "reportedCurrency": "USD", "grossProfit": "3284000000", "totalRevenue": "4767000000", "costOfRevenue": "1483000000", "costofGoodsAndServicesSold": "1483000000", "operatingIncome": "367000000", "sellingGeneralAndAdministrative": "1286000000", "researchAndDevelopment": "669000000", "operatingExpenses": "2304000000", "investmentIncomeNet": "None", "netInterestIncome": "None", "interestIncome": "None", "interestExpense": "79000000", "nonInterestIncome": "None", "otherNonOperatingIncome": "None", "depreciation": "None", "depreciationAndAmortization": "217000000", "incomeBeforeTax": "1626000000", "incomeTaxExpense": "507000000", "interestAndDebtExpense": "None", "netIncomeFromContinuingOperations": "0", "comprehensiveIncomeNetOfTax": "None", "ebit": "367000000", "ebitda": "584000000", "netIncome": "964000000"}, {"fiscalDateEnding": "2005-06-30", "reportedCurrency": "USD", "grossProfit": "3406000000", "totalRevenue": "4889000000", "costOfRevenue": "1483000000", "costofGoodsAndServicesSold": "1483000000", "operatingIncome": "1155000000", "sellingGeneralAndAdministrative": "1268000000", "researchAndDevelopment": "649000000", "operatingExpenses": "2282000000", "investmentIncomeNet": "None", "netInterestIncome": "None", "interestIncome": "None", "interestExpense": "73000000", "nonInterestIncome": "None", "otherNonOperatingIncome": "None", "depreciation": "None", "depreciationAndAmortization": "230000000", "incomeBeforeTax": "1130000000", "incomeTaxExpense": "-21000000", "interestAndDebtExpense": "None", "netIncomeFromContinuingOperations": "0", "comprehensiveIncomeNetOfTax": "None", "ebit": "1155000000", "ebitda": "1385000000", "netIncome": "1004000000"}, {"fiscalDateEnding": "2005-03-31", "reportedCurrency": "USD", "grossProfit": "3165000000", "totalRevenue": "4532000000", "costOfRevenue": "1367000000", "costofGoodsAndServicesSold": "1367000000", "operatingIncome": "1111000000", "sellingGeneralAndAdministrative": "1183000000", "researchAndDevelopment": "653000000", "operatingExpenses": "2154000000", "investmentIncomeNet": "None", "netInterestIncome": "None", "interestIncome": "None", "interestExpense": "97000000", "nonInterestIncome": "None", "otherNonOperatingIncome": "None", "depreciation": "None", "depreciationAndAmortization": "243000000", "incomeBeforeTax": "928000000", "incomeTaxExpense": "268000000", "interestAndDebtExpense": "None", "netIncomeFromContinuingOperations": "0", "comprehensiveIncomeNetOfTax": "None", "ebit": "1111000000", "ebitda": "1354000000", "netIncome": "533000000"}, {"fiscalDateEnding": "2004-12-31", "reportedCurrency": "USD", "grossProfit": "3447000000", "totalRevenue": "3342000000", "costOfRevenue": "-105000000", "costofGoodsAndServicesSold": "-105000000", "operatingIncome": "963000000", "sellingGeneralAndAdministrative": "1361000000", "researchAndDevelopment": "677000000", "operatingExpenses": "2462000000", "investmentIncomeNet": "None", "netInterestIncome": "None", "interestIncome": "None", "interestExpense": "91000000", "nonInterestIncome": "None", "otherNonOperatingIncome": "None", "depreciation": "None", "depreciationAndAmortization": "255000000", "incomeBeforeTax": "1023000000", "incomeTaxExpense": "760000000", "interestAndDebtExpense": "None", "netIncomeFromContinuingOperations": "0", "comprehensiveIncomeNetOfTax": "None", "ebit": "963000000", "ebitda": "1218000000", "netIncome": "139000000"}]}