{"symbol": "FIS", "annualReports": [{"fiscalDateEnding": "2024-12-31", "reportedCurrency": "USD", "grossProfit": "3804000000", "totalRevenue": "10127000000", "costOfRevenue": "6323000000", "costofGoodsAndServicesSold": "6323000000", "operatingIncome": "1709000000", "sellingGeneralAndAdministrative": "2185000000", "researchAndDevelopment": "None", "operatingExpenses": "2095000000", "investmentIncomeNet": "None", "netInterestIncome": "-250000000", "interestIncome": "101000000", "interestExpense": "351000000", "nonInterestIncome": "None", "otherNonOperatingIncome": "None", "depreciation": "None", "depreciationAndAmortization": "61000000", "incomeBeforeTax": "1297000000", "incomeTaxExpense": "362000000", "interestAndDebtExpense": "None", "netIncomeFromContinuingOperations": "790000000", "comprehensiveIncomeNetOfTax": "None", "ebit": "1648000000", "ebitda": "1709000000", "netIncome": "935000000"}, {"fiscalDateEnding": "2023-12-31", "reportedCurrency": "USD", "grossProfit": "3676000000", "totalRevenue": "9821000000", "costOfRevenue": "6145000000", "costofGoodsAndServicesSold": "6145000000", "operatingIncome": "1467000000", "sellingGeneralAndAdministrative": "4052000000", "researchAndDevelopment": "None", "operatingExpenses": "2209000000", "investmentIncomeNet": "None", "netInterestIncome": "-570000000", "interestIncome": "92000000", "interestExpense": "713000000", "nonInterestIncome": "None", "otherNonOperatingIncome": "None", "depreciation": "None", "depreciationAndAmortization": "1530000000", "incomeBeforeTax": "663000000", "incomeTaxExpense": "157000000", "interestAndDebtExpense": "None", "netIncomeFromContinuingOperations": "-16771000000", "comprehensiveIncomeNetOfTax": "None", "ebit": "1376000000", "ebitda": "2906000000", "netIncome": "-6654000000"}, {"fiscalDateEnding": "2022-12-31", "reportedCurrency": "USD", "grossProfit": "3503000000", "totalRevenue": "9719000000", "costOfRevenue": "6216000000", "costofGoodsAndServicesSold": "6216000000", "operatingIncome": "1218000000", "sellingGeneralAndAdministrative": "4118000000", "researchAndDevelopment": "None", "operatingExpenses": "2285000000", "investmentIncomeNet": "None", "netInterestIncome": "-275000000", "interestIncome": "275000000", "interestExpense": "298000000", "nonInterestIncome": "None", "otherNonOperatingIncome": "None", "depreciation": "None", "depreciationAndAmortization": "1636000000", "incomeBeforeTax": "941000000", "incomeTaxExpense": "325000000", "interestAndDebtExpense": "None", "netIncomeFromContinuingOperations": "-16708000000", "comprehensiveIncomeNetOfTax": "None", "ebit": "1239000000", "ebitda": "2875000000", "netIncome": "-16720000000"}, {"fiscalDateEnding": "2021-12-31", "reportedCurrency": "USD", "grossProfit": "3349000000", "totalRevenue": "9339000000", "costOfRevenue": "5990000000", "costofGoodsAndServicesSold": "5990000000", "operatingIncome": "1055000000", "sellingGeneralAndAdministrative": "3938000000", "researchAndDevelopment": "None", "operatingExpenses": "2309000000", "investmentIncomeNet": "None", "netInterestIncome": "-214000000", "interestIncome": "214000000", "interestExpense": "214000000", "nonInterestIncome": "None", "otherNonOperatingIncome": "-44000000", "depreciation": "None", "depreciationAndAmortization": "4015000000", "incomeBeforeTax": "719000000", "incomeTaxExpense": "371000000", "interestAndDebtExpense": "None", "netIncomeFromContinuingOperations": "424000000", "comprehensiveIncomeNetOfTax": "None", "ebit": "1006000000", "ebitda": "5021000000", "netIncome": "417000000"}, {"fiscalDateEnding": "2020-12-31", "reportedCurrency": "USD", "grossProfit": "4204000000", "totalRevenue": "12552000000", "costOfRevenue": "8348000000", "costofGoodsAndServicesSold": "8348000000", "operatingIncome": "736000000", "sellingGeneralAndAdministrative": "3516000000", "researchAndDevelopment": "None", "operatingExpenses": "3516000000", "investmentIncomeNet": "None", "netInterestIncome": "-334000000", "interestIncome": "334000000", "interestExpense": "334000000", "nonInterestIncome": "None", "otherNonOperatingIncome": "47000000", "depreciation": "None", "depreciationAndAmortization": "3714000000", "incomeBeforeTax": "266000000", "incomeTaxExpense": "96000000", "interestAndDebtExpense": "None", "netIncomeFromContinuingOperations": "170000000", "comprehensiveIncomeNetOfTax": "None", "ebit": "605000000", "ebitda": "4319000000", "netIncome": "158000000"}, {"fiscalDateEnding": "2019-12-31", "reportedCurrency": "USD", "grossProfit": "3723000000", "totalRevenue": "10333000000", "costOfRevenue": "6610000000", "costofGoodsAndServicesSold": "6610000000", "operatingIncome": "969000000", "sellingGeneralAndAdministrative": "2667000000", "researchAndDevelopment": "None", "operatingExpenses": "2667000000", "investmentIncomeNet": "None", "netInterestIncome": "-337000000", "interestIncome": "52000000", "interestExpense": "337000000", "nonInterestIncome": "None", "otherNonOperatingIncome": "-177000000", "depreciation": "None", "depreciationAndAmortization": "2444000000", "incomeBeforeTax": "413000000", "incomeTaxExpense": "100000000", "interestAndDebtExpense": "None", "netIncomeFromContinuingOperations": "313000000", "comprehensiveIncomeNetOfTax": "None", "ebit": "800000000", "ebitda": "3244000000", "netIncome": "298000000"}, {"fiscalDateEnding": "2018-12-31", "reportedCurrency": "USD", "grossProfit": "2854000000", "totalRevenue": "8423000000", "costOfRevenue": "5569000000", "costofGoodsAndServicesSold": "5569000000", "operatingIncome": "1458000000", "sellingGeneralAndAdministrative": "1301000000", "researchAndDevelopment": "0", "operatingExpenses": "1301000000", "investmentIncomeNet": "None", "netInterestIncome": "-297000000", "interestIncome": "17000000", "interestExpense": "297000000", "nonInterestIncome": "None", "otherNonOperatingIncome": "-55000000", "depreciation": "None", "depreciationAndAmortization": "1420000000", "incomeBeforeTax": "1104000000", "incomeTaxExpense": "208000000", "interestAndDebtExpense": "None", "netIncomeFromContinuingOperations": "881000000", "comprehensiveIncomeNetOfTax": "None", "ebit": "1417000000", "ebitda": "2837000000", "netIncome": "846000000"}, {"fiscalDateEnding": "2017-12-31", "reportedCurrency": "USD", "grossProfit": "2874000000", "totalRevenue": "8668000000", "costOfRevenue": "5794000000", "costofGoodsAndServicesSold": "5794000000", "operatingIncome": "1432000000", "sellingGeneralAndAdministrative": "1450000000", "researchAndDevelopment": "0", "operatingExpenses": "1442000000", "investmentIncomeNet": "None", "netInterestIncome": "-337000000", "interestIncome": "22000000", "interestExpense": "359000000", "nonInterestIncome": "None", "otherNonOperatingIncome": "-100000000", "depreciation": "None", "depreciationAndAmortization": "1366000000", "incomeBeforeTax": "976000000", "incomeTaxExpense": "-321000000", "interestAndDebtExpense": "None", "netIncomeFromContinuingOperations": "1352000000", "comprehensiveIncomeNetOfTax": "None", "ebit": "1334000000", "ebitda": "2700000000", "netIncome": "1261000000"}, {"fiscalDateEnding": "2016-12-31", "reportedCurrency": "USD", "grossProfit": "3008000000", "totalRevenue": "9241000000", "costOfRevenue": "6233000000", "costofGoodsAndServicesSold": "6233000000", "operatingIncome": "1298000000", "sellingGeneralAndAdministrative": "1710000000", "researchAndDevelopment": "0", "operatingExpenses": "1710000000", "investmentIncomeNet": "None", "netInterestIncome": "-383000000", "interestIncome": "20000000", "interestExpense": "383000000", "nonInterestIncome": "None", "otherNonOperatingIncome": "11000000", "depreciation": "None", "depreciationAndAmortization": "1174000000", "incomeBeforeTax": "906000000", "incomeTaxExpense": "317000000", "interestAndDebtExpense": "None", "netIncomeFromContinuingOperations": "589000000", "comprehensiveIncomeNetOfTax": "None", "ebit": "1300000000", "ebitda": "2474000000", "netIncome": "568000000"}, {"fiscalDateEnding": "2015-12-31", "reportedCurrency": "USD", "grossProfit": "2202000000", "totalRevenue": "6595200000", "costOfRevenue": "4393200000", "costofGoodsAndServicesSold": "4393200000", "operatingIncome": "1099200000", "sellingGeneralAndAdministrative": "1102800000", "researchAndDevelopment": "0", "operatingExpenses": "1102800000", "investmentIncomeNet": "None", "netInterestIncome": "None", "interestIncome": "183000000", "interestExpense": "183400000", "nonInterestIncome": "None", "otherNonOperatingIncome": "136800000", "depreciation": "None", "depreciationAndAmortization": "669500000", "incomeBeforeTax": "1036900000", "incomeTaxExpense": "378800000", "interestAndDebtExpense": "None", "netIncomeFromContinuingOperations": "658100000", "comprehensiveIncomeNetOfTax": "None", "ebit": "1231500000", "ebitda": "1901000000", "netIncome": "631500000"}, {"fiscalDateEnding": "2014-12-31", "reportedCurrency": "USD", "grossProfit": "2081100000", "totalRevenue": "6413800000", "costOfRevenue": "4332700000", "costofGoodsAndServicesSold": "4332700000", "operatingIncome": "1270600000", "sellingGeneralAndAdministrative": "810500000", "researchAndDevelopment": "0", "operatingExpenses": "810500000", "investmentIncomeNet": "None", "netInterestIncome": "None", "interestIncome": "None", "interestExpense": "157500000", "nonInterestIncome": "None", "otherNonOperatingIncome": "-44400000", "depreciation": "None", "depreciationAndAmortization": "626300000", "incomeBeforeTax": "1053400000", "incomeTaxExpense": "335100000", "interestAndDebtExpense": "None", "netIncomeFromContinuingOperations": "718300000", "comprehensiveIncomeNetOfTax": "None", "ebit": "1219900000", "ebitda": "1846200000", "netIncome": "679100000"}, {"fiscalDateEnding": "2013-12-31", "reportedCurrency": "USD", "grossProfit": "1985100000", "totalRevenue": "6070700000", "costOfRevenue": "4085600000", "costofGoodsAndServicesSold": "4085600000", "operatingIncome": "1064400000", "sellingGeneralAndAdministrative": "920700000", "researchAndDevelopment": "0", "operatingExpenses": "920700000", "investmentIncomeNet": "None", "netInterestIncome": "None", "interestIncome": "None", "interestExpense": "188200000", "nonInterestIncome": "None", "otherNonOperatingIncome": "-40800000", "depreciation": "None", "depreciationAndAmortization": "614600000", "incomeBeforeTax": "825000000", "incomeTaxExpense": "309200000", "interestAndDebtExpense": "None", "netIncomeFromContinuingOperations": "515800000", "comprehensiveIncomeNetOfTax": "None", "ebit": "1018100000", "ebitda": "1632700000", "netIncome": "493100000"}, {"fiscalDateEnding": "2012-12-31", "reportedCurrency": "USD", "grossProfit": "1860700000", "totalRevenue": "5807600000", "costOfRevenue": "3946900000", "costofGoodsAndServicesSold": "3946900000", "operatingIncome": "1079200000", "sellingGeneralAndAdministrative": "781500000", "researchAndDevelopment": "0", "operatingExpenses": "781500000", "investmentIncomeNet": "None", "netInterestIncome": "None", "interestIncome": "None", "interestExpense": "222700000", "nonInterestIncome": "None", "otherNonOperatingIncome": "-16700000", "depreciation": "None", "depreciationAndAmortization": "632800000", "incomeBeforeTax": "831200000", "incomeTaxExpense": "270900000", "interestAndDebtExpense": "None", "netIncomeFromContinuingOperations": "560300000", "comprehensiveIncomeNetOfTax": "None", "ebit": "1054800000", "ebitda": "1687600000", "netIncome": "461200000"}, {"fiscalDateEnding": "2011-12-31", "reportedCurrency": "USD", "grossProfit": "1747700000", "totalRevenue": "5745700000", "costOfRevenue": "3998000000", "costofGoodsAndServicesSold": "3998000000", "operatingIncome": "1066800000", "sellingGeneralAndAdministrative": "671800000", "researchAndDevelopment": "0", "operatingExpenses": "671800000", "investmentIncomeNet": "None", "netInterestIncome": "None", "interestIncome": "None", "interestExpense": "258800000", "nonInterestIncome": "None", "otherNonOperatingIncome": "-57700000", "depreciation": "None", "depreciationAndAmortization": "637200000", "incomeBeforeTax": "744300000", "incomeTaxExpense": "239000000", "interestAndDebtExpense": "None", "netIncomeFromContinuingOperations": "505300000", "comprehensiveIncomeNetOfTax": "None", "ebit": "988400000", "ebitda": "1625600000", "netIncome": "469600000"}, {"fiscalDateEnding": "2010-12-31", "reportedCurrency": "USD", "grossProfit": "1631800000", "totalRevenue": "5269500000", "costOfRevenue": "3637700000", "costofGoodsAndServicesSold": "3637700000", "operatingIncome": "801100000", "sellingGeneralAndAdministrative": "675800000", "researchAndDevelopment": "0", "operatingExpenses": "675800000", "investmentIncomeNet": "None", "netInterestIncome": "None", "interestIncome": "None", "interestExpense": "179700000", "nonInterestIncome": "None", "otherNonOperatingIncome": "-5100000", "depreciation": "None", "depreciationAndAmortization": "619500000", "incomeBeforeTax": "616300000", "incomeTaxExpense": "215300000", "interestAndDebtExpense": "None", "netIncomeFromContinuingOperations": "401000000", "comprehensiveIncomeNetOfTax": "None", "ebit": "777900000", "ebitda": "1397400000", "netIncome": "404500000"}, {"fiscalDateEnding": "2009-12-31", "reportedCurrency": "USD", "grossProfit": "968900000", "totalRevenue": "3769500000", "costOfRevenue": "2800600000", "costofGoodsAndServicesSold": "2800600000", "operatingIncome": "277900000", "sellingGeneralAndAdministrative": "554100000", "researchAndDevelopment": "0", "operatingExpenses": "554100000", "investmentIncomeNet": "None", "netInterestIncome": "None", "interestIncome": "None", "interestExpense": "134000000", "nonInterestIncome": "None", "otherNonOperatingIncome": "12100000", "depreciation": "None", "depreciationAndAmortization": "434000000", "incomeBeforeTax": "156000000", "incomeTaxExpense": "52100000", "interestAndDebtExpense": "None", "netIncomeFromContinuingOperations": "103900000", "comprehensiveIncomeNetOfTax": "None", "ebit": "200600000", "ebitda": "634600000", "netIncome": "105900000"}, {"fiscalDateEnding": "2008-12-31", "reportedCurrency": "USD", "grossProfit": "809100000", "totalRevenue": "3446000000", "costOfRevenue": "2636900000", "costofGoodsAndServicesSold": "2636900000", "operatingIncome": "334900000", "sellingGeneralAndAdministrative": "389400000", "researchAndDevelopment": "84800000", "operatingExpenses": "474200000", "investmentIncomeNet": "None", "netInterestIncome": "None", "interestIncome": "None", "interestExpense": "163500000", "nonInterestIncome": "None", "otherNonOperatingIncome": "None", "depreciation": "None", "depreciationAndAmortization": "482200000", "incomeBeforeTax": "179200000", "incomeTaxExpense": "57600000", "interestAndDebtExpense": "None", "netIncomeFromContinuingOperations": "None", "comprehensiveIncomeNetOfTax": "None", "ebit": "288800000", "ebitda": "771000000", "netIncome": "214800000"}, {"fiscalDateEnding": "2007-12-31", "reportedCurrency": "USD", "grossProfit": "1356085000", "totalRevenue": "4758016000", "costOfRevenue": "3401931000", "costofGoodsAndServicesSold": "3401931000", "operatingIncome": "745641000", "sellingGeneralAndAdministrative": "504130000", "researchAndDevelopment": "106314000", "operatingExpenses": "610444000", "investmentIncomeNet": "None", "netInterestIncome": "None", "interestIncome": "None", "interestExpense": "0", "nonInterestIncome": "None", "otherNonOperatingIncome": "None", "depreciation": "None", "depreciationAndAmortization": "527465000", "incomeBeforeTax": "812245000", "incomeTaxExpense": "300530000", "interestAndDebtExpense": "None", "netIncomeFromContinuingOperations": "None", "comprehensiveIncomeNetOfTax": "None", "ebit": "281900000", "ebitda": "809365000", "netIncome": "561222000"}, {"fiscalDateEnding": "2006-12-31", "reportedCurrency": "USD", "grossProfit": "1203035000", "totalRevenue": "4132602000", "costOfRevenue": "2929567000", "costofGoodsAndServicesSold": "2929567000", "operatingIncome": "591927000", "sellingGeneralAndAdministrative": "505528000", "researchAndDevelopment": "105580000", "operatingExpenses": "611108000", "investmentIncomeNet": "None", "netInterestIncome": "None", "interestIncome": "None", "interestExpense": "0", "nonInterestIncome": "None", "otherNonOperatingIncome": "None", "depreciation": "None", "depreciationAndAmortization": "433550000", "incomeBeforeTax": "403630000", "incomeTaxExpense": "150150000", "interestAndDebtExpense": "None", "netIncomeFromContinuingOperations": "None", "comprehensiveIncomeNetOfTax": "None", "ebit": "596449000", "ebitda": "1029999000", "netIncome": "259087000"}, {"fiscalDateEnding": "2005-12-31", "reportedCurrency": "USD", "grossProfit": "325560000", "totalRevenue": "1117141000", "costOfRevenue": "791581000", "costofGoodsAndServicesSold": "791581000", "operatingIncome": "184955000", "sellingGeneralAndAdministrative": "129443000", "researchAndDevelopment": "113498000", "operatingExpenses": "129443000", "investmentIncomeNet": "None", "netInterestIncome": "None", "interestIncome": "None", "interestExpense": "12832000", "nonInterestIncome": "None", "otherNonOperatingIncome": "None", "depreciation": "None", "depreciationAndAmortization": "64064000", "incomeBeforeTax": "174558000", "incomeTaxExpense": "68927000", "interestAndDebtExpense": "None", "netIncomeFromContinuingOperations": "None", "comprehensiveIncomeNetOfTax": "None", "ebit": "204844000", "ebitda": "268908000", "netIncome": "130319000"}], "quarterlyReports": [{"fiscalDateEnding": "2024-12-31", "reportedCurrency": "USD", "grossProfit": "977000000", "totalRevenue": "2599000000", "costOfRevenue": "1622000000", "costofGoodsAndServicesSold": "1622000000", "operatingIncome": "494000000", "sellingGeneralAndAdministrative": "482000000", "researchAndDevelopment": "None", "operatingExpenses": "483000000", "investmentIncomeNet": "None", "netInterestIncome": "-66000000", "interestIncome": "None", "interestExpense": "167000000", "nonInterestIncome": "None", "otherNonOperatingIncome": "None", "depreciation": "None", "depreciationAndAmortization": "446000000", "incomeBeforeTax": "487000000", "incomeTaxExpense": "147000000", "interestAndDebtExpense": "None", "netIncomeFromContinuingOperations": "306000000", "comprehensiveIncomeNetOfTax": "None", "ebit": "655000000", "ebitda": "1101000000", "netIncome": "341000000"}, {"fiscalDateEnding": "2024-09-30", "reportedCurrency": "USD", "grossProfit": "977000000", "totalRevenue": "2570000000", "costOfRevenue": "1593000000", "costofGoodsAndServicesSold": "1593000000", "operatingIncome": "490000000", "sellingGeneralAndAdministrative": "521000000", "researchAndDevelopment": "None", "operatingExpenses": "521000000", "investmentIncomeNet": "None", "netInterestIncome": "-64000000", "interestIncome": "None", "interestExpense": "64000000", "nonInterestIncome": "None", "otherNonOperatingIncome": "None", "depreciation": "None", "depreciationAndAmortization": "431000000", "incomeBeforeTax": "388000000", "incomeTaxExpense": "108000000", "interestAndDebtExpense": "None", "netIncomeFromContinuingOperations": "247000000", "comprehensiveIncomeNetOfTax": "None", "ebit": "452000000", "ebitda": "883000000", "netIncome": "224000000"}, {"fiscalDateEnding": "2024-06-30", "reportedCurrency": "USD", "grossProfit": "951000000", "totalRevenue": "2489000000", "costOfRevenue": "1538000000", "costofGoodsAndServicesSold": "1538000000", "operatingIncome": "378000000", "sellingGeneralAndAdministrative": "609000000", "researchAndDevelopment": "None", "operatingExpenses": "573000000", "investmentIncomeNet": "None", "netInterestIncome": "-43000000", "interestIncome": "None", "interestExpense": "43000000", "nonInterestIncome": "None", "otherNonOperatingIncome": "None", "depreciation": "None", "depreciationAndAmortization": "430000000", "incomeBeforeTax": "322000000", "incomeTaxExpense": "89000000", "interestAndDebtExpense": "None", "netIncomeFromContinuingOperations": "243000000", "comprehensiveIncomeNetOfTax": "None", "ebit": "365000000", "ebitda": "795000000", "netIncome": "243000000"}, {"fiscalDateEnding": "2024-03-31", "reportedCurrency": "USD", "grossProfit": "915000000", "totalRevenue": "2467000000", "costOfRevenue": "1552000000", "costofGoodsAndServicesSold": "1552000000", "operatingIncome": "361000000", "sellingGeneralAndAdministrative": "573000000", "researchAndDevelopment": "None", "operatingExpenses": "554000000", "investmentIncomeNet": "None", "netInterestIncome": "-77000000", "interestIncome": "None", "interestExpense": "77000000", "nonInterestIncome": "None", "otherNonOperatingIncome": "None", "depreciation": "None", "depreciationAndAmortization": "428000000", "incomeBeforeTax": "130000000", "incomeTaxExpense": "26000000", "interestAndDebtExpense": "None", "netIncomeFromContinuingOperations": "18000000", "comprehensiveIncomeNetOfTax": "None", "ebit": "207000000", "ebitda": "635000000", "netIncome": "724000000"}, {"fiscalDateEnding": "2023-12-31", "reportedCurrency": "USD", "grossProfit": "975000000", "totalRevenue": "2510000000", "costOfRevenue": "1535000000", "costofGoodsAndServicesSold": "1535000000", "operatingIncome": "436000000", "sellingGeneralAndAdministrative": "539000000", "researchAndDevelopment": "None", "operatingExpenses": "539000000", "investmentIncomeNet": "None", "netInterestIncome": "-157000000", "interestIncome": "None", "interestExpense": "158000000", "nonInterestIncome": "None", "otherNonOperatingIncome": "None", "depreciation": "None", "depreciationAndAmortization": "421000000", "incomeBeforeTax": "82000000", "incomeTaxExpense": "17000000", "interestAndDebtExpense": "None", "netIncomeFromContinuingOperations": "64000000", "comprehensiveIncomeNetOfTax": "None", "ebit": "235000000", "ebitda": "656000000", "netIncome": "251000000"}, {"fiscalDateEnding": "2023-09-30", "reportedCurrency": "USD", "grossProfit": "966000000", "totalRevenue": "2489000000", "costOfRevenue": "1523000000", "costofGoodsAndServicesSold": "1523000000", "operatingIncome": "475000000", "sellingGeneralAndAdministrative": "484000000", "researchAndDevelopment": "None", "operatingExpenses": "484000000", "investmentIncomeNet": "None", "netInterestIncome": "-162000000", "interestIncome": "162000000", "interestExpense": "162000000", "nonInterestIncome": "None", "otherNonOperatingIncome": "None", "depreciation": "None", "depreciationAndAmortization": "436000000", "incomeBeforeTax": "335000000", "incomeTaxExpense": "74000000", "interestAndDebtExpense": "None", "netIncomeFromContinuingOperations": "261000000", "comprehensiveIncomeNetOfTax": "None", "ebit": "497000000", "ebitda": "933000000", "netIncome": "-449000000"}, {"fiscalDateEnding": "2023-06-30", "reportedCurrency": "USD", "grossProfit": "1558000000", "totalRevenue": "3746000000", "costOfRevenue": "2188000000", "costofGoodsAndServicesSold": "2188000000", "operatingIncome": "-6316000000", "sellingGeneralAndAdministrative": "1033000000", "researchAndDevelopment": "None", "operatingExpenses": "1033000000", "investmentIncomeNet": "None", "netInterestIncome": "-153000000", "interestIncome": "153000000", "interestExpense": "153000000", "nonInterestIncome": "None", "otherNonOperatingIncome": "-53000000", "depreciation": "None", "depreciationAndAmortization": "886000000", "incomeBeforeTax": "-6522000000", "incomeTaxExpense": "72000000", "interestAndDebtExpense": "None", "netIncomeFromContinuingOperations": "-6594000000", "comprehensiveIncomeNetOfTax": "None", "ebit": "-6369000000", "ebitda": "-5483000000", "netIncome": "-6596000000"}, {"fiscalDateEnding": "2023-03-31", "reportedCurrency": "USD", "grossProfit": "828000000", "totalRevenue": "2397000000", "costOfRevenue": "1569000000", "costofGoodsAndServicesSold": "1569000000", "operatingIncome": "311000000", "sellingGeneralAndAdministrative": "1004000000", "researchAndDevelopment": "None", "operatingExpenses": "517000000", "investmentIncomeNet": "None", "netInterestIncome": "-137000000", "interestIncome": "137000000", "interestExpense": "142000000", "nonInterestIncome": "None", "otherNonOperatingIncome": "-11000000", "depreciation": "None", "depreciationAndAmortization": "447000000", "incomeBeforeTax": "133000000", "incomeTaxExpense": "37000000", "interestAndDebtExpense": "None", "netIncomeFromContinuingOperations": "141000000", "comprehensiveIncomeNetOfTax": "None", "ebit": "275000000", "ebitda": "722000000", "netIncome": "140000000"}, {"fiscalDateEnding": "2022-12-31", "reportedCurrency": "USD", "grossProfit": "1518000000", "totalRevenue": "3714000000", "costOfRevenue": "2196000000", "costofGoodsAndServicesSold": "2196000000", "operatingIncome": "505000000", "sellingGeneralAndAdministrative": "1025000000", "researchAndDevelopment": "None", "operatingExpenses": "1025000000", "investmentIncomeNet": "None", "netInterestIncome": "-109000000", "interestIncome": "109000000", "interestExpense": "109000000", "nonInterestIncome": "None", "otherNonOperatingIncome": "None", "depreciation": "None", "depreciationAndAmortization": "925000000", "incomeBeforeTax": "-17209000000", "incomeTaxExpense": "153000000", "interestAndDebtExpense": "None", "netIncomeFromContinuingOperations": "-17362000000", "comprehensiveIncomeNetOfTax": "None", "ebit": "-17100000000", "ebitda": "-16175000000", "netIncome": "-17362000000"}, {"fiscalDateEnding": "2022-09-30", "reportedCurrency": "USD", "grossProfit": "881000000", "totalRevenue": "2415000000", "costOfRevenue": "1534000000", "costofGoodsAndServicesSold": "1534000000", "operatingIncome": "384000000", "sellingGeneralAndAdministrative": "977000000", "researchAndDevelopment": "None", "operatingExpenses": "480000000", "investmentIncomeNet": "None", "netInterestIncome": "-76000000", "interestIncome": "76000000", "interestExpense": "78000000", "nonInterestIncome": "None", "otherNonOperatingIncome": "-41000000", "depreciation": "None", "depreciationAndAmortization": "932000000", "incomeBeforeTax": "324000000", "incomeTaxExpense": "102000000", "interestAndDebtExpense": "None", "netIncomeFromContinuingOperations": "254000000", "comprehensiveIncomeNetOfTax": "None", "ebit": "421000000", "ebitda": "1353000000", "netIncome": "249000000"}, {"fiscalDateEnding": "2022-06-30", "reportedCurrency": "USD", "grossProfit": "1485000000", "totalRevenue": "3719000000", "costOfRevenue": "2234000000", "costofGoodsAndServicesSold": "2234000000", "operatingIncome": "374000000", "sellingGeneralAndAdministrative": "1082000000", "researchAndDevelopment": "None", "operatingExpenses": "1082000000", "investmentIncomeNet": "None", "netInterestIncome": "-47000000", "interestIncome": "16000000", "interestExpense": "47000000", "nonInterestIncome": "None", "otherNonOperatingIncome": "30000000", "depreciation": "None", "depreciationAndAmortization": "975000000", "incomeBeforeTax": "357000000", "incomeTaxExpense": "77000000", "interestAndDebtExpense": "None", "netIncomeFromContinuingOperations": "280000000", "comprehensiveIncomeNetOfTax": "None", "ebit": "404000000", "ebitda": "1379000000", "netIncome": "277000000"}, {"fiscalDateEnding": "2022-03-31", "reportedCurrency": "USD", "grossProfit": "1250000000", "totalRevenue": "3492000000", "costOfRevenue": "2242000000", "costofGoodsAndServicesSold": "2242000000", "operatingIncome": "276000000", "sellingGeneralAndAdministrative": "24000000", "researchAndDevelopment": "None", "operatingExpenses": "1035000000", "investmentIncomeNet": "None", "netInterestIncome": "-43000000", "interestIncome": "18000000", "interestExpense": "43000000", "nonInterestIncome": "None", "otherNonOperatingIncome": "61000000", "depreciation": "None", "depreciationAndAmortization": "1013000000", "incomeBeforeTax": "175000000", "incomeTaxExpense": "54000000", "interestAndDebtExpense": "None", "netIncomeFromContinuingOperations": "121000000", "comprehensiveIncomeNetOfTax": "None", "ebit": "354000000", "ebitda": "1367000000", "netIncome": "120000000"}, {"fiscalDateEnding": "2021-12-31", "reportedCurrency": "USD", "grossProfit": "1421000000", "totalRevenue": "3672000000", "costOfRevenue": "2251000000", "costofGoodsAndServicesSold": "2251000000", "operatingIncome": "455000000", "sellingGeneralAndAdministrative": "966000000", "researchAndDevelopment": "None", "operatingExpenses": "966000000", "investmentIncomeNet": "None", "netInterestIncome": "-46000000", "interestIncome": "46000000", "interestExpense": "46000000", "nonInterestIncome": "None", "otherNonOperatingIncome": "9000000", "depreciation": "None", "depreciationAndAmortization": "1033000000", "incomeBeforeTax": "416000000", "incomeTaxExpense": "125000000", "interestAndDebtExpense": "None", "netIncomeFromContinuingOperations": "291000000", "comprehensiveIncomeNetOfTax": "None", "ebit": "462000000", "ebitda": "1495000000", "netIncome": "291000000"}, {"fiscalDateEnding": "2021-09-30", "reportedCurrency": "USD", "grossProfit": "1329000000", "totalRevenue": "3507000000", "costOfRevenue": "2178000000", "costofGoodsAndServicesSold": "2178000000", "operatingIncome": "138000000", "sellingGeneralAndAdministrative": "989000000", "researchAndDevelopment": "None", "operatingExpenses": "989000000", "investmentIncomeNet": "None", "netInterestIncome": "-46000000", "interestIncome": "77000000", "interestExpense": "46000000", "nonInterestIncome": "None", "otherNonOperatingIncome": "110000000", "depreciation": "None", "depreciationAndAmortization": "1058000000", "incomeBeforeTax": "202000000", "incomeTaxExpense": "41000000", "interestAndDebtExpense": "None", "netIncomeFromContinuingOperations": "161000000", "comprehensiveIncomeNetOfTax": "None", "ebit": "248000000", "ebitda": "1306000000", "netIncome": "158000000"}, {"fiscalDateEnding": "2021-06-30", "reportedCurrency": "USD", "grossProfit": "1340000000", "totalRevenue": "3475000000", "costOfRevenue": "2135000000", "costofGoodsAndServicesSold": "2135000000", "operatingIncome": "363000000", "sellingGeneralAndAdministrative": "977000000", "researchAndDevelopment": "None", "operatingExpenses": "977000000", "investmentIncomeNet": "None", "netInterestIncome": "-48000000", "interestIncome": "48000000", "interestExpense": "48000000", "nonInterestIncome": "None", "otherNonOperatingIncome": "329000000", "depreciation": "None", "depreciationAndAmortization": "972000000", "incomeBeforeTax": "639000000", "incomeTaxExpense": "302000000", "interestAndDebtExpense": "None", "netIncomeFromContinuingOperations": "342000000", "comprehensiveIncomeNetOfTax": "None", "ebit": "687000000", "ebitda": "1659000000", "netIncome": "341000000"}, {"fiscalDateEnding": "2021-03-31", "reportedCurrency": "USD", "grossProfit": "1105000000", "totalRevenue": "3223000000", "costOfRevenue": "2118000000", "costofGoodsAndServicesSold": "2118000000", "operatingIncome": "99000000", "sellingGeneralAndAdministrative": "1006000000", "researchAndDevelopment": "None", "operatingExpenses": "1006000000", "investmentIncomeNet": "None", "netInterestIncome": "-74000000", "interestIncome": "74000000", "interestExpense": "74000000", "nonInterestIncome": "None", "otherNonOperatingIncome": "-492000000", "depreciation": "None", "depreciationAndAmortization": "953000000", "incomeBeforeTax": "-468000000", "incomeTaxExpense": "-97000000", "interestAndDebtExpense": "None", "netIncomeFromContinuingOperations": "-371000000", "comprehensiveIncomeNetOfTax": "None", "ebit": "-394000000", "ebitda": "559000000", "netIncome": "-373000000"}, {"fiscalDateEnding": "2020-12-31", "reportedCurrency": "USD", "grossProfit": "1206000000", "totalRevenue": "3316000000", "costOfRevenue": "2110000000", "costofGoodsAndServicesSold": "2110000000", "operatingIncome": "167000000", "sellingGeneralAndAdministrative": "903000000", "researchAndDevelopment": "None", "operatingExpenses": "903000000", "investmentIncomeNet": "None", "netInterestIncome": "-82000000", "interestIncome": "82000000", "interestExpense": "82000000", "nonInterestIncome": "None", "otherNonOperatingIncome": "None", "depreciation": "None", "depreciationAndAmortization": "954000000", "incomeBeforeTax": "102000000", "incomeTaxExpense": "2000000", "interestAndDebtExpense": "None", "netIncomeFromContinuingOperations": "102000000", "comprehensiveIncomeNetOfTax": "None", "ebit": "247000000", "ebitda": "1201000000", "netIncome": "104000000"}, {"fiscalDateEnding": "2020-09-30", "reportedCurrency": "USD", "grossProfit": "1093000000", "totalRevenue": "3197000000", "costOfRevenue": "2104000000", "costofGoodsAndServicesSold": "2104000000", "operatingIncome": "231000000", "sellingGeneralAndAdministrative": "862000000", "researchAndDevelopment": "None", "operatingExpenses": "862000000", "investmentIncomeNet": "None", "netInterestIncome": "-84000000", "interestIncome": "84000000", "interestExpense": "84000000", "nonInterestIncome": "None", "otherNonOperatingIncome": "-4000000", "depreciation": "None", "depreciationAndAmortization": "930000000", "incomeBeforeTax": "143000000", "incomeTaxExpense": "121000000", "interestAndDebtExpense": "None", "netIncomeFromContinuingOperations": "22000000", "comprehensiveIncomeNetOfTax": "None", "ebit": "227000000", "ebitda": "1157000000", "netIncome": "20000000"}, {"fiscalDateEnding": "2020-06-30", "reportedCurrency": "USD", "grossProfit": "916000000", "totalRevenue": "2962000000", "costOfRevenue": "2046000000", "costofGoodsAndServicesSold": "2046000000", "operatingIncome": "46000000", "sellingGeneralAndAdministrative": "870000000", "researchAndDevelopment": "None", "operatingExpenses": "870000000", "investmentIncomeNet": "None", "netInterestIncome": "-88000000", "interestIncome": "88000000", "interestExpense": "88000000", "nonInterestIncome": "None", "otherNonOperatingIncome": "67000000", "depreciation": "None", "depreciationAndAmortization": "916000000", "incomeBeforeTax": "32000000", "incomeTaxExpense": "4000000", "interestAndDebtExpense": "None", "netIncomeFromContinuingOperations": "28000000", "comprehensiveIncomeNetOfTax": "None", "ebit": "120000000", "ebitda": "1036000000", "netIncome": "19000000"}, {"fiscalDateEnding": "2020-03-31", "reportedCurrency": "USD", "grossProfit": "989000000", "totalRevenue": "3078000000", "costOfRevenue": "2089000000", "costofGoodsAndServicesSold": "2089000000", "operatingIncome": "108000000", "sellingGeneralAndAdministrative": "881000000", "researchAndDevelopment": "None", "operatingExpenses": "881000000", "investmentIncomeNet": "None", "netInterestIncome": "-80000000", "interestIncome": "80000000", "interestExpense": "80000000", "nonInterestIncome": "None", "otherNonOperatingIncome": "-40000000", "depreciation": "None", "depreciationAndAmortization": "914000000", "incomeBeforeTax": "-11000000", "incomeTaxExpense": "-30000000", "interestAndDebtExpense": "None", "netIncomeFromContinuingOperations": "19000000", "comprehensiveIncomeNetOfTax": "None", "ebit": "69000000", "ebitda": "983000000", "netIncome": "15000000"}, {"fiscalDateEnding": "2019-12-31", "reportedCurrency": "USD", "grossProfit": "1355000000", "totalRevenue": "3341000000", "costOfRevenue": "1986000000", "costofGoodsAndServicesSold": "1986000000", "operatingIncome": "123000000", "sellingGeneralAndAdministrative": "1232000000", "researchAndDevelopment": "None", "operatingExpenses": "1232000000", "investmentIncomeNet": "None", "netInterestIncome": "-95000000", "interestIncome": "95000000", "interestExpense": "95000000", "nonInterestIncome": "None", "otherNonOperatingIncome": "-153000000", "depreciation": "None", "depreciationAndAmortization": "956000000", "incomeBeforeTax": "-183000000", "incomeTaxExpense": "-19000000", "interestAndDebtExpense": "None", "netIncomeFromContinuingOperations": "-163000000", "comprehensiveIncomeNetOfTax": "None", "ebit": "-36000000", "ebitda": "920000000", "netIncome": "-158000000"}, {"fiscalDateEnding": "2019-09-30", "reportedCurrency": "USD", "grossProfit": "984000000", "totalRevenue": "2822000000", "costOfRevenue": "1838000000", "costofGoodsAndServicesSold": "1838000000", "operatingIncome": "140000000", "sellingGeneralAndAdministrative": "757000000", "researchAndDevelopment": "None", "operatingExpenses": "757000000", "investmentIncomeNet": "None", "netInterestIncome": "-95000000", "interestIncome": "95000000", "interestExpense": "95000000", "nonInterestIncome": "None", "otherNonOperatingIncome": "159000000", "depreciation": "None", "depreciationAndAmortization": "752000000", "incomeBeforeTax": "209000000", "incomeTaxExpense": "48000000", "interestAndDebtExpense": "None", "netIncomeFromContinuingOperations": "161000000", "comprehensiveIncomeNetOfTax": "None", "ebit": "440000000", "ebitda": "1192000000", "netIncome": "154000000"}, {"fiscalDateEnding": "2019-06-30", "reportedCurrency": "USD", "grossProfit": "708000000", "totalRevenue": "2112000000", "costOfRevenue": "1404000000", "costofGoodsAndServicesSold": "1404000000", "operatingIncome": "391000000", "sellingGeneralAndAdministrative": "317000000", "researchAndDevelopment": "None", "operatingExpenses": "317000000", "investmentIncomeNet": "None", "netInterestIncome": "-72000000", "interestIncome": "72000000", "interestExpense": "72000000", "nonInterestIncome": "None", "otherNonOperatingIncome": "-124000000", "depreciation": "None", "depreciationAndAmortization": "368000000", "incomeBeforeTax": "199000000", "incomeTaxExpense": "40000000", "interestAndDebtExpense": "None", "netIncomeFromContinuingOperations": "159000000", "comprehensiveIncomeNetOfTax": "None", "ebit": "271000000", "ebitda": "639000000", "netIncome": "154000000"}, {"fiscalDateEnding": "2019-03-31", "reportedCurrency": "USD", "grossProfit": "676000000", "totalRevenue": "2057000000", "costOfRevenue": "1381000000", "costofGoodsAndServicesSold": "1381000000", "operatingIncome": "315000000", "sellingGeneralAndAdministrative": "361000000", "researchAndDevelopment": "None", "operatingExpenses": "361000000", "investmentIncomeNet": "None", "netInterestIncome": "-75000000", "interestIncome": "75000000", "interestExpense": "75000000", "nonInterestIncome": "None", "otherNonOperatingIncome": "-59000000", "depreciation": "None", "depreciationAndAmortization": "368000000", "incomeBeforeTax": "188000000", "incomeTaxExpense": "32000000", "interestAndDebtExpense": "None", "netIncomeFromContinuingOperations": "156000000", "comprehensiveIncomeNetOfTax": "None", "ebit": "263000000", "ebitda": "631000000", "netIncome": "148000000"}, {"fiscalDateEnding": "2018-12-31", "reportedCurrency": "USD", "grossProfit": "790000000", "totalRevenue": "2167000000", "costOfRevenue": "1377000000", "costofGoodsAndServicesSold": "1377000000", "operatingIncome": "469000000", "sellingGeneralAndAdministrative": "321000000", "researchAndDevelopment": "0", "operatingExpenses": "321000000", "investmentIncomeNet": "None", "netInterestIncome": "None", "interestIncome": "None", "interestExpense": "72000000", "nonInterestIncome": "None", "otherNonOperatingIncome": "16000000", "depreciation": "None", "depreciationAndAmortization": "360000000", "incomeBeforeTax": "400000000", "incomeTaxExpense": "85000000", "interestAndDebtExpense": "None", "netIncomeFromContinuingOperations": "298000000", "comprehensiveIncomeNetOfTax": "None", "ebit": "503000000", "ebitda": "863000000", "netIncome": "298000000"}, {"fiscalDateEnding": "2018-09-30", "reportedCurrency": "USD", "grossProfit": "720000000", "totalRevenue": "2084000000", "costOfRevenue": "1364000000", "costofGoodsAndServicesSold": "1364000000", "operatingIncome": "342000000", "sellingGeneralAndAdministrative": "283000000", "researchAndDevelopment": "0", "operatingExpenses": "283000000", "investmentIncomeNet": "None", "netInterestIncome": "None", "interestIncome": "None", "interestExpense": "80000000", "nonInterestIncome": "None", "otherNonOperatingIncome": "-62000000", "depreciation": "None", "depreciationAndAmortization": "354000000", "incomeBeforeTax": "204000000", "incomeTaxExpense": "37000000", "interestAndDebtExpense": "None", "netIncomeFromContinuingOperations": "167000000", "comprehensiveIncomeNetOfTax": "None", "ebit": "453000000", "ebitda": "807000000", "netIncome": "154000000"}, {"fiscalDateEnding": "2018-06-30", "reportedCurrency": "USD", "grossProfit": "692000000", "totalRevenue": "2106000000", "costOfRevenue": "1414000000", "costofGoodsAndServicesSold": "1414000000", "operatingIncome": "353000000", "sellingGeneralAndAdministrative": "339000000", "researchAndDevelopment": "0", "operatingExpenses": "339000000", "investmentIncomeNet": "None", "netInterestIncome": "None", "interestIncome": "None", "interestExpense": "73000000", "nonInterestIncome": "None", "otherNonOperatingIncome": "-11000000", "depreciation": "None", "depreciationAndAmortization": "354000000", "incomeBeforeTax": "276000000", "incomeTaxExpense": "51000000", "interestAndDebtExpense": "None", "netIncomeFromContinuingOperations": "225000000", "comprehensiveIncomeNetOfTax": "None", "ebit": "349000000", "ebitda": "703000000", "netIncome": "212000000"}, {"fiscalDateEnding": "2018-03-31", "reportedCurrency": "USD", "grossProfit": "652000000", "totalRevenue": "2066000000", "costOfRevenue": "1414000000", "costofGoodsAndServicesSold": "1414000000", "operatingIncome": "294000000", "sellingGeneralAndAdministrative": "358000000", "researchAndDevelopment": "0", "operatingExpenses": "358000000", "investmentIncomeNet": "None", "netInterestIncome": "None", "interestIncome": "None", "interestExpense": "72000000", "nonInterestIncome": "None", "otherNonOperatingIncome": "2000000", "depreciation": "None", "depreciationAndAmortization": "352000000", "incomeBeforeTax": "225000000", "incomeTaxExpense": "34000000", "interestAndDebtExpense": "None", "netIncomeFromContinuingOperations": "191000000", "comprehensiveIncomeNetOfTax": "None", "ebit": "297000000", "ebitda": "649000000", "netIncome": "182000000"}, {"fiscalDateEnding": "2017-12-31", "reportedCurrency": "USD", "grossProfit": "825000000", "totalRevenue": "2329000000", "costOfRevenue": "1504000000", "costofGoodsAndServicesSold": "1504000000", "operatingIncome": "485000000", "sellingGeneralAndAdministrative": "340000000", "researchAndDevelopment": "0", "operatingExpenses": "340000000", "investmentIncomeNet": "None", "netInterestIncome": "None", "interestIncome": "None", "interestExpense": "70000000", "nonInterestIncome": "None", "otherNonOperatingIncome": "22000000", "depreciation": "None", "depreciationAndAmortization": "333000000", "incomeBeforeTax": "419000000", "incomeTaxExpense": "-581000000", "interestAndDebtExpense": "None", "netIncomeFromContinuingOperations": "997000000", "comprehensiveIncomeNetOfTax": "None", "ebit": "456000000", "ebitda": "789000000", "netIncome": "988000000"}, {"fiscalDateEnding": "2017-09-30", "reportedCurrency": "USD", "grossProfit": "715000000", "totalRevenue": "2198000000", "costOfRevenue": "1483000000", "costofGoodsAndServicesSold": "1483000000", "operatingIncome": "388000000", "sellingGeneralAndAdministrative": "327000000", "researchAndDevelopment": "0", "operatingExpenses": "327000000", "investmentIncomeNet": "None", "netInterestIncome": "None", "interestIncome": "None", "interestExpense": "84000000", "nonInterestIncome": "None", "otherNonOperatingIncome": "-182000000", "depreciation": "None", "depreciationAndAmortization": "348000000", "incomeBeforeTax": "122000000", "incomeTaxExpense": "51000000", "interestAndDebtExpense": "None", "netIncomeFromContinuingOperations": "71000000", "comprehensiveIncomeNetOfTax": "None", "ebit": "206000000", "ebitda": "554000000", "netIncome": "59000000"}, {"fiscalDateEnding": "2017-06-30", "reportedCurrency": "USD", "grossProfit": "729000000", "totalRevenue": "2341000000", "costOfRevenue": "1612000000", "costofGoodsAndServicesSold": "1612000000", "operatingIncome": "359000000", "sellingGeneralAndAdministrative": "370000000", "researchAndDevelopment": "0", "operatingExpenses": "370000000", "investmentIncomeNet": "None", "netInterestIncome": "None", "interestIncome": "None", "interestExpense": "91000000", "nonInterestIncome": "None", "otherNonOperatingIncome": "4000000", "depreciation": "None", "depreciationAndAmortization": "346000000", "incomeBeforeTax": "272000000", "incomeTaxExpense": "132000000", "interestAndDebtExpense": "None", "netIncomeFromContinuingOperations": "140000000", "comprehensiveIncomeNetOfTax": "None", "ebit": "363000000", "ebitda": "709000000", "netIncome": "139000000"}, {"fiscalDateEnding": "2017-03-31", "reportedCurrency": "USD", "grossProfit": "673000000", "totalRevenue": "2255000000", "costOfRevenue": "1582000000", "costofGoodsAndServicesSold": "1582000000", "operatingIncome": "260000000", "sellingGeneralAndAdministrative": "413000000", "researchAndDevelopment": "0", "operatingExpenses": "413000000", "investmentIncomeNet": "None", "netInterestIncome": "None", "interestIncome": "None", "interestExpense": "93000000", "nonInterestIncome": "None", "otherNonOperatingIncome": "56000000", "depreciation": "None", "depreciationAndAmortization": "339000000", "incomeBeforeTax": "223000000", "incomeTaxExpense": "79000000", "interestAndDebtExpense": "None", "netIncomeFromContinuingOperations": "144000000", "comprehensiveIncomeNetOfTax": "None", "ebit": "316000000", "ebitda": "655000000", "netIncome": "129000000"}, {"fiscalDateEnding": "2016-12-31", "reportedCurrency": "USD", "grossProfit": "892000000", "totalRevenue": "2445000000", "costOfRevenue": "1553000000", "costofGoodsAndServicesSold": "1553000000", "operatingIncome": "432000000", "sellingGeneralAndAdministrative": "460000000", "researchAndDevelopment": "0", "operatingExpenses": "460000000", "investmentIncomeNet": "None", "netInterestIncome": "None", "interestIncome": "None", "interestExpense": "99000000", "nonInterestIncome": "None", "otherNonOperatingIncome": "19000000", "depreciation": "None", "depreciationAndAmortization": "298000000", "incomeBeforeTax": "333000000", "incomeTaxExpense": "117000000", "interestAndDebtExpense": "None", "netIncomeFromContinuingOperations": "216000000", "comprehensiveIncomeNetOfTax": "None", "ebit": "533000000", "ebitda": "831000000", "netIncome": "207000000"}, {"fiscalDateEnding": "2016-09-30", "reportedCurrency": "USD", "grossProfit": "782000000", "totalRevenue": "2309000000", "costOfRevenue": "1527000000", "costofGoodsAndServicesSold": "1527000000", "operatingIncome": "398000000", "sellingGeneralAndAdministrative": "384000000", "researchAndDevelopment": "0", "operatingExpenses": "384000000", "investmentIncomeNet": "None", "netInterestIncome": "None", "interestIncome": "None", "interestExpense": "98000000", "nonInterestIncome": "None", "otherNonOperatingIncome": "-6000000", "depreciation": "None", "depreciationAndAmortization": "292000000", "incomeBeforeTax": "294000000", "incomeTaxExpense": "103000000", "interestAndDebtExpense": "None", "netIncomeFromContinuingOperations": "191000000", "comprehensiveIncomeNetOfTax": "None", "ebit": "437000000", "ebitda": "729000000", "netIncome": "185000000"}, {"fiscalDateEnding": "2016-06-30", "reportedCurrency": "USD", "grossProfit": "705000000", "totalRevenue": "2305000000", "costOfRevenue": "1600000000", "costofGoodsAndServicesSold": "1600000000", "operatingIncome": "283000000", "sellingGeneralAndAdministrative": "422000000", "researchAndDevelopment": "0", "operatingExpenses": "422000000", "investmentIncomeNet": "None", "netInterestIncome": "None", "interestIncome": "None", "interestExpense": "93000000", "nonInterestIncome": "None", "otherNonOperatingIncome": "-1000000", "depreciation": "None", "depreciationAndAmortization": "291000000", "incomeBeforeTax": "189000000", "incomeTaxExpense": "66000000", "interestAndDebtExpense": "None", "netIncomeFromContinuingOperations": "123000000", "comprehensiveIncomeNetOfTax": "None", "ebit": "346000000", "ebitda": "637000000", "netIncome": "121000000"}, {"fiscalDateEnding": "2016-03-31", "reportedCurrency": "USD", "grossProfit": "628000000", "totalRevenue": "2181000000", "costOfRevenue": "1553000000", "costofGoodsAndServicesSold": "1553000000", "operatingIncome": "184000000", "sellingGeneralAndAdministrative": "444000000", "researchAndDevelopment": "0", "operatingExpenses": "444000000", "investmentIncomeNet": "None", "netInterestIncome": "None", "interestIncome": "None", "interestExpense": "93000000", "nonInterestIncome": "None", "otherNonOperatingIncome": "-1000000", "depreciation": "None", "depreciationAndAmortization": "293000000", "incomeBeforeTax": "90000000", "incomeTaxExpense": "31000000", "interestAndDebtExpense": "None", "netIncomeFromContinuingOperations": "59000000", "comprehensiveIncomeNetOfTax": "None", "ebit": "263000000", "ebitda": "556000000", "netIncome": "55000000"}, {"fiscalDateEnding": "2015-12-31", "reportedCurrency": "USD", "grossProfit": "642200000", "totalRevenue": "1874800000", "costOfRevenue": "1232600000", "costofGoodsAndServicesSold": "1232600000", "operatingIncome": "258800000", "sellingGeneralAndAdministrative": "383400000", "researchAndDevelopment": "0", "operatingExpenses": "383400000", "investmentIncomeNet": "None", "netInterestIncome": "None", "interestIncome": "None", "interestExpense": "74600000", "nonInterestIncome": "None", "otherNonOperatingIncome": "7300000", "depreciation": "None", "depreciationAndAmortization": "205200000", "incomeBeforeTax": "175800000", "incomeTaxExpense": "64600000", "interestAndDebtExpense": "None", "netIncomeFromContinuingOperations": "111200000", "comprehensiveIncomeNetOfTax": "None", "ebit": "371000000", "ebitda": "576200000", "netIncome": "105200000"}, {"fiscalDateEnding": "2015-09-30", "reportedCurrency": "USD", "grossProfit": "557500000", "totalRevenue": "1578800000", "costOfRevenue": "1021300000", "costofGoodsAndServicesSold": "1021300000", "operatingIncome": "338300000", "sellingGeneralAndAdministrative": "219200000", "researchAndDevelopment": "0", "operatingExpenses": "219200000", "investmentIncomeNet": "None", "netInterestIncome": "None", "interestIncome": "None", "interestExpense": "35600000", "nonInterestIncome": "None", "otherNonOperatingIncome": "-21200000", "depreciation": "None", "depreciationAndAmortization": "156400000", "incomeBeforeTax": "281500000", "incomeTaxExpense": "100000000", "interestAndDebtExpense": "None", "netIncomeFromContinuingOperations": "181500000", "comprehensiveIncomeNetOfTax": "None", "ebit": "373600000", "ebitda": "530000000", "netIncome": "175000000"}, {"fiscalDateEnding": "2015-06-30", "reportedCurrency": "USD", "grossProfit": "517800000", "totalRevenue": "1586800000", "costOfRevenue": "1069000000", "costofGoodsAndServicesSold": "1069000000", "operatingIncome": "287000000", "sellingGeneralAndAdministrative": "230800000", "researchAndDevelopment": "0", "operatingExpenses": "230800000", "investmentIncomeNet": "None", "netInterestIncome": "None", "interestIncome": "None", "interestExpense": "35800000", "nonInterestIncome": "None", "otherNonOperatingIncome": "152100000", "depreciation": "None", "depreciationAndAmortization": "154500000", "incomeBeforeTax": "403300000", "incomeTaxExpense": "156400000", "interestAndDebtExpense": "None", "netIncomeFromContinuingOperations": "246900000", "comprehensiveIncomeNetOfTax": "None", "ebit": "298500000", "ebitda": "453000000", "netIncome": "240000000"}, {"fiscalDateEnding": "2015-03-31", "reportedCurrency": "USD", "grossProfit": "484500000", "totalRevenue": "1554800000", "costOfRevenue": "1070300000", "costofGoodsAndServicesSold": "1070300000", "operatingIncome": "215100000", "sellingGeneralAndAdministrative": "269400000", "researchAndDevelopment": "0", "operatingExpenses": "269400000", "investmentIncomeNet": "None", "netInterestIncome": "None", "interestIncome": "None", "interestExpense": "37400000", "nonInterestIncome": "None", "otherNonOperatingIncome": "-1400000", "depreciation": "None", "depreciationAndAmortization": "153400000", "incomeBeforeTax": "176300000", "incomeTaxExpense": "57800000", "interestAndDebtExpense": "None", "netIncomeFromContinuingOperations": "118500000", "comprehensiveIncomeNetOfTax": "None", "ebit": "259200000", "ebitda": "412600000", "netIncome": "111000000"}, {"fiscalDateEnding": "2014-12-31", "reportedCurrency": "USD", "grossProfit": "571900000", "totalRevenue": "1689100000", "costOfRevenue": "1117200000", "costofGoodsAndServicesSold": "1117200000", "operatingIncome": "351100000", "sellingGeneralAndAdministrative": "220800000", "researchAndDevelopment": "0", "operatingExpenses": "220800000", "investmentIncomeNet": "None", "netInterestIncome": "None", "interestIncome": "None", "interestExpense": "36800000", "nonInterestIncome": "None", "otherNonOperatingIncome": "12100000", "depreciation": "None", "depreciationAndAmortization": "160200000", "incomeBeforeTax": "311100000", "incomeTaxExpense": "101400000", "interestAndDebtExpense": "None", "netIncomeFromContinuingOperations": "211500000", "comprehensiveIncomeNetOfTax": "None", "ebit": "363200000", "ebitda": "523400000", "netIncome": "195300000"}, {"fiscalDateEnding": "2014-09-30", "reportedCurrency": "USD", "grossProfit": "530200000", "totalRevenue": "1605300000", "costOfRevenue": "1075100000", "costofGoodsAndServicesSold": "1075100000", "operatingIncome": "323700000", "sellingGeneralAndAdministrative": "206500000", "researchAndDevelopment": "0", "operatingExpenses": "206500000", "investmentIncomeNet": "None", "netInterestIncome": "None", "interestIncome": "None", "interestExpense": "37700000", "nonInterestIncome": "None", "otherNonOperatingIncome": "-54800000", "depreciation": "None", "depreciationAndAmortization": "157000000", "incomeBeforeTax": "231200000", "incomeTaxExpense": "72100000", "interestAndDebtExpense": "None", "netIncomeFromContinuingOperations": "159100000", "comprehensiveIncomeNetOfTax": "None", "ebit": "323700000", "ebitda": "480700000", "netIncome": "150500000"}, {"fiscalDateEnding": "2014-06-30", "reportedCurrency": "USD", "grossProfit": "506300000", "totalRevenue": "1599100000", "costOfRevenue": "1092800000", "costofGoodsAndServicesSold": "1092800000", "operatingIncome": "309700000", "sellingGeneralAndAdministrative": "196600000", "researchAndDevelopment": "0", "operatingExpenses": "196600000", "investmentIncomeNet": "None", "netInterestIncome": "None", "interestIncome": "None", "interestExpense": "41900000", "nonInterestIncome": "None", "otherNonOperatingIncome": "-1200000", "depreciation": "None", "depreciationAndAmortization": "156500000", "incomeBeforeTax": "266600000", "incomeTaxExpense": "80400000", "interestAndDebtExpense": "None", "netIncomeFromContinuingOperations": "186200000", "comprehensiveIncomeNetOfTax": "None", "ebit": "309700000", "ebitda": "466200000", "netIncome": "178800000"}, {"fiscalDateEnding": "2014-03-31", "reportedCurrency": "USD", "grossProfit": "470300000", "totalRevenue": "1520300000", "costOfRevenue": "1050000000", "costofGoodsAndServicesSold": "1050000000", "operatingIncome": "283700000", "sellingGeneralAndAdministrative": "186600000", "researchAndDevelopment": "0", "operatingExpenses": "186600000", "investmentIncomeNet": "None", "netInterestIncome": "None", "interestIncome": "None", "interestExpense": "41100000", "nonInterestIncome": "None", "otherNonOperatingIncome": "-500000", "depreciation": "None", "depreciationAndAmortization": "152600000", "incomeBeforeTax": "242100000", "incomeTaxExpense": "80600000", "interestAndDebtExpense": "None", "netIncomeFromContinuingOperations": "161500000", "comprehensiveIncomeNetOfTax": "None", "ebit": "286100000", "ebitda": "438700000", "netIncome": "154500000"}, {"fiscalDateEnding": "2013-12-31", "reportedCurrency": "USD", "grossProfit": "523700000", "totalRevenue": "1578500000", "costOfRevenue": "1054800000", "costofGoodsAndServicesSold": "1054800000", "operatingIncome": "223600000", "sellingGeneralAndAdministrative": "300100000", "researchAndDevelopment": "0", "operatingExpenses": "300100000", "investmentIncomeNet": "None", "netInterestIncome": "None", "interestIncome": "None", "interestExpense": "43400000", "nonInterestIncome": "None", "otherNonOperatingIncome": "10100000", "depreciation": "None", "depreciationAndAmortization": "157200000", "incomeBeforeTax": "179900000", "incomeTaxExpense": "95200000", "interestAndDebtExpense": "None", "netIncomeFromContinuingOperations": "84700000", "comprehensiveIncomeNetOfTax": "None", "ebit": "326800000", "ebitda": "484000000", "netIncome": "71900000"}, {"fiscalDateEnding": "2013-09-30", "reportedCurrency": "USD", "grossProfit": "507100000", "totalRevenue": "1501700000", "costOfRevenue": "994600000", "costofGoodsAndServicesSold": "994600000", "operatingIncome": "318100000", "sellingGeneralAndAdministrative": "189000000", "researchAndDevelopment": "0", "operatingExpenses": "189000000", "investmentIncomeNet": "None", "netInterestIncome": "None", "interestIncome": "None", "interestExpense": "43700000", "nonInterestIncome": "None", "otherNonOperatingIncome": "5900000", "depreciation": "None", "depreciationAndAmortization": "151900000", "incomeBeforeTax": "280300000", "incomeTaxExpense": "97900000", "interestAndDebtExpense": "None", "netIncomeFromContinuingOperations": "182400000", "comprehensiveIncomeNetOfTax": "None", "ebit": "317700000", "ebitda": "469600000", "netIncome": "172300000"}, {"fiscalDateEnding": "2013-06-30", "reportedCurrency": "USD", "grossProfit": "484300000", "totalRevenue": "1512500000", "costOfRevenue": "1028200000", "costofGoodsAndServicesSold": "1028200000", "operatingIncome": "247600000", "sellingGeneralAndAdministrative": "236700000", "researchAndDevelopment": "0", "operatingExpenses": "236700000", "investmentIncomeNet": "None", "netInterestIncome": "None", "interestIncome": "None", "interestExpense": "49400000", "nonInterestIncome": "None", "otherNonOperatingIncome": "-61900000", "depreciation": "None", "depreciationAndAmortization": "152300000", "incomeBeforeTax": "136300000", "incomeTaxExpense": "40900000", "interestAndDebtExpense": "None", "netIncomeFromContinuingOperations": "95400000", "comprehensiveIncomeNetOfTax": "None", "ebit": "186800000", "ebitda": "339100000", "netIncome": "104800000"}, {"fiscalDateEnding": "2013-03-31", "reportedCurrency": "USD", "grossProfit": "470000000", "totalRevenue": "1478000000", "costOfRevenue": "1008000000", "costofGoodsAndServicesSold": "1008000000", "operatingIncome": "275100000", "sellingGeneralAndAdministrative": "194900000", "researchAndDevelopment": "0", "operatingExpenses": "194900000", "investmentIncomeNet": "None", "netInterestIncome": "None", "interestIncome": "None", "interestExpense": "51700000", "nonInterestIncome": "None", "otherNonOperatingIncome": "5100000", "depreciation": "None", "depreciationAndAmortization": "153200000", "incomeBeforeTax": "228500000", "incomeTaxExpense": "75200000", "interestAndDebtExpense": "None", "netIncomeFromContinuingOperations": "153300000", "comprehensiveIncomeNetOfTax": "None", "ebit": "280200000", "ebitda": "433400000", "netIncome": "144100000"}, {"fiscalDateEnding": "2012-12-31", "reportedCurrency": "USD", "grossProfit": "492600000", "totalRevenue": "1500100000", "costOfRevenue": "1007500000", "costofGoodsAndServicesSold": "1007500000", "operatingIncome": "286100000", "sellingGeneralAndAdministrative": "206500000", "researchAndDevelopment": "0", "operatingExpenses": "206500000", "investmentIncomeNet": "None", "netInterestIncome": "None", "interestIncome": "None", "interestExpense": "52700000", "nonInterestIncome": "None", "otherNonOperatingIncome": "7500000", "depreciation": "None", "depreciationAndAmortization": "159600000", "incomeBeforeTax": "232300000", "incomeTaxExpense": "78900000", "interestAndDebtExpense": "None", "netIncomeFromContinuingOperations": "149100000", "comprehensiveIncomeNetOfTax": "None", "ebit": "293600000", "ebitda": "453200000", "netIncome": "136700000"}, {"fiscalDateEnding": "2012-09-30", "reportedCurrency": "USD", "grossProfit": "468100000", "totalRevenue": "1436900000", "costOfRevenue": "968800000", "costofGoodsAndServicesSold": "968800000", "operatingIncome": "287900000", "sellingGeneralAndAdministrative": "180200000", "researchAndDevelopment": "0", "operatingExpenses": "180200000", "investmentIncomeNet": "None", "netInterestIncome": "None", "interestIncome": "None", "interestExpense": "54000000", "nonInterestIncome": "None", "otherNonOperatingIncome": "-1500000", "depreciation": "None", "depreciationAndAmortization": "156000000", "incomeBeforeTax": "232400000", "incomeTaxExpense": "79000000", "interestAndDebtExpense": "None", "netIncomeFromContinuingOperations": "153400000", "comprehensiveIncomeNetOfTax": "None", "ebit": "286400000", "ebitda": "442400000", "netIncome": "86800000"}, {"fiscalDateEnding": "2012-06-30", "reportedCurrency": "USD", "grossProfit": "476100000", "totalRevenue": "1457200000", "costOfRevenue": "981100000", "costofGoodsAndServicesSold": "981100000", "operatingIncome": "282700000", "sellingGeneralAndAdministrative": "193400000", "researchAndDevelopment": "0", "operatingExpenses": "193400000", "investmentIncomeNet": "None", "netInterestIncome": "None", "interestIncome": "None", "interestExpense": "56600000", "nonInterestIncome": "None", "otherNonOperatingIncome": "-1800000", "depreciation": "None", "depreciationAndAmortization": "159100000", "incomeBeforeTax": "224300000", "incomeTaxExpense": "65300000", "interestAndDebtExpense": "None", "netIncomeFromContinuingOperations": "159000000", "comprehensiveIncomeNetOfTax": "None", "ebit": "280900000", "ebitda": "440000000", "netIncome": "150600000"}, {"fiscalDateEnding": "2012-03-31", "reportedCurrency": "USD", "grossProfit": "436600000", "totalRevenue": "1446900000", "costOfRevenue": "1010300000", "costofGoodsAndServicesSold": "1010300000", "operatingIncome": "229500000", "sellingGeneralAndAdministrative": "207100000", "researchAndDevelopment": "0", "operatingExpenses": "207100000", "investmentIncomeNet": "None", "netInterestIncome": "None", "interestIncome": "None", "interestExpense": "59400000", "nonInterestIncome": "None", "otherNonOperatingIncome": "-20900000", "depreciation": "None", "depreciationAndAmortization": "158100000", "incomeBeforeTax": "149200000", "incomeTaxExpense": "50400000", "interestAndDebtExpense": "None", "netIncomeFromContinuingOperations": "98800000", "comprehensiveIncomeNetOfTax": "None", "ebit": "201600000", "ebitda": "359700000", "netIncome": "87100000"}, {"fiscalDateEnding": "2011-12-31", "reportedCurrency": "USD", "grossProfit": "484200000", "totalRevenue": "1494400000", "costOfRevenue": "1010200000", "costofGoodsAndServicesSold": "1010200000", "operatingIncome": "317600000", "sellingGeneralAndAdministrative": "157500000", "researchAndDevelopment": "0", "operatingExpenses": "157500000", "investmentIncomeNet": "None", "netInterestIncome": "None", "interestIncome": "None", "interestExpense": "70500000", "nonInterestIncome": "None", "otherNonOperatingIncome": "-60100000", "depreciation": "None", "depreciationAndAmortization": "165600000", "incomeBeforeTax": "187000000", "incomeTaxExpense": "59000000", "interestAndDebtExpense": "None", "netIncomeFromContinuingOperations": "128000000", "comprehensiveIncomeNetOfTax": "None", "ebit": "332700000", "ebitda": "498300000", "netIncome": "117000000"}, {"fiscalDateEnding": "2011-09-30", "reportedCurrency": "USD", "grossProfit": "441900000", "totalRevenue": "1426200000", "costOfRevenue": "984300000", "costofGoodsAndServicesSold": "984300000", "operatingIncome": "276400000", "sellingGeneralAndAdministrative": "165500000", "researchAndDevelopment": "0", "operatingExpenses": "165500000", "investmentIncomeNet": "None", "netInterestIncome": "None", "interestIncome": "None", "interestExpense": "60500000", "nonInterestIncome": "None", "otherNonOperatingIncome": "-700000", "depreciation": "None", "depreciationAndAmortization": "161600000", "incomeBeforeTax": "215200000", "incomeTaxExpense": "65900000", "interestAndDebtExpense": "None", "netIncomeFromContinuingOperations": "149300000", "comprehensiveIncomeNetOfTax": "None", "ebit": "272400000", "ebitda": "434000000", "netIncome": "136300000"}, {"fiscalDateEnding": "2011-06-30", "reportedCurrency": "USD", "grossProfit": "434200000", "totalRevenue": "1441700000", "costOfRevenue": "1007500000", "costofGoodsAndServicesSold": "1007500000", "operatingIncome": "258900000", "sellingGeneralAndAdministrative": "175300000", "researchAndDevelopment": "0", "operatingExpenses": "175300000", "investmentIncomeNet": "None", "netInterestIncome": "None", "interestIncome": "None", "interestExpense": "65800000", "nonInterestIncome": "None", "otherNonOperatingIncome": "-200000", "depreciation": "None", "depreciationAndAmortization": "155600000", "incomeBeforeTax": "192900000", "incomeTaxExpense": "61800000", "interestAndDebtExpense": "None", "netIncomeFromContinuingOperations": "131100000", "comprehensiveIncomeNetOfTax": "None", "ebit": "259100000", "ebitda": "414700000", "netIncome": "123500000"}, {"fiscalDateEnding": "2011-03-31", "reportedCurrency": "USD", "grossProfit": "387400000", "totalRevenue": "1383400000", "costOfRevenue": "996000000", "costofGoodsAndServicesSold": "996000000", "operatingIncome": "213900000", "sellingGeneralAndAdministrative": "173500000", "researchAndDevelopment": "0", "operatingExpenses": "173500000", "investmentIncomeNet": "None", "netInterestIncome": "None", "interestIncome": "None", "interestExpense": "68000000", "nonInterestIncome": "None", "otherNonOperatingIncome": "3300000", "depreciation": "None", "depreciationAndAmortization": "154400000", "incomeBeforeTax": "149200000", "incomeTaxExpense": "52300000", "interestAndDebtExpense": "None", "netIncomeFromContinuingOperations": "96900000", "comprehensiveIncomeNetOfTax": "None", "ebit": "210600000", "ebitda": "365000000", "netIncome": "92800000"}, {"fiscalDateEnding": "2010-12-31", "reportedCurrency": "USD", "grossProfit": "439500000", "totalRevenue": "1396300000", "costOfRevenue": "956800000", "costofGoodsAndServicesSold": "956800000", "operatingIncome": "253500000", "sellingGeneralAndAdministrative": "186000000", "researchAndDevelopment": "0", "operatingExpenses": "186000000", "investmentIncomeNet": "None", "netInterestIncome": "None", "interestIncome": "None", "interestExpense": "71300000", "nonInterestIncome": "None", "otherNonOperatingIncome": "-5100000", "depreciation": "None", "depreciationAndAmortization": "159700000", "incomeBeforeTax": "177100000", "incomeTaxExpense": "54100000", "interestAndDebtExpense": "None", "netIncomeFromContinuingOperations": "130100000", "comprehensiveIncomeNetOfTax": "None", "ebit": "248400000", "ebitda": "408100000", "netIncome": "110600000"}, {"fiscalDateEnding": "2010-09-30", "reportedCurrency": "USD", "grossProfit": "469900000", "totalRevenue": "1367200000", "costOfRevenue": "897300000", "costofGoodsAndServicesSold": "897300000", "operatingIncome": "176100000", "sellingGeneralAndAdministrative": "138900000", "researchAndDevelopment": "0", "operatingExpenses": "138900000", "investmentIncomeNet": "None", "netInterestIncome": "None", "interestIncome": "None", "interestExpense": "60900000", "nonInterestIncome": "None", "otherNonOperatingIncome": "17900000", "depreciation": "None", "depreciationAndAmortization": "154700000", "incomeBeforeTax": "133100000", "incomeTaxExpense": "48200000", "interestAndDebtExpense": "None", "netIncomeFromContinuingOperations": "84900000", "comprehensiveIncomeNetOfTax": "None", "ebit": "194000000", "ebitda": "348700000", "netIncome": "110400000"}, {"fiscalDateEnding": "2010-06-30", "reportedCurrency": "USD", "grossProfit": "373900000", "totalRevenue": "1286100000", "costOfRevenue": "912200000", "costofGoodsAndServicesSold": "912200000", "operatingIncome": "176900000", "sellingGeneralAndAdministrative": "197000000", "researchAndDevelopment": "0", "operatingExpenses": "197000000", "investmentIncomeNet": "None", "netInterestIncome": "None", "interestIncome": "None", "interestExpense": "20400000", "nonInterestIncome": "None", "otherNonOperatingIncome": "-12600000", "depreciation": "None", "depreciationAndAmortization": "152300000", "incomeBeforeTax": "145000000", "incomeTaxExpense": "53600000", "interestAndDebtExpense": "None", "netIncomeFromContinuingOperations": "91400000", "comprehensiveIncomeNetOfTax": "None", "ebit": "171500000", "ebitda": "323800000", "netIncome": "89900000"}, {"fiscalDateEnding": "2010-03-31", "reportedCurrency": "USD", "grossProfit": "342400000", "totalRevenue": "1249600000", "costOfRevenue": "907200000", "costofGoodsAndServicesSold": "907200000", "operatingIncome": "183800000", "sellingGeneralAndAdministrative": "158600000", "researchAndDevelopment": "0", "operatingExpenses": "158600000", "investmentIncomeNet": "None", "netInterestIncome": "None", "interestIncome": "None", "interestExpense": "29600000", "nonInterestIncome": "None", "otherNonOperatingIncome": "-5300000", "depreciation": "None", "depreciationAndAmortization": "152800000", "incomeBeforeTax": "150200000", "incomeTaxExpense": "55600000", "interestAndDebtExpense": "None", "netIncomeFromContinuingOperations": "94600000", "comprehensiveIncomeNetOfTax": "None", "ebit": "182100000", "ebitda": "334900000", "netIncome": "93600000"}, {"fiscalDateEnding": "2009-12-31", "reportedCurrency": "USD", "grossProfit": "286000000", "totalRevenue": "1286200000", "costOfRevenue": "1000200000", "costofGoodsAndServicesSold": "1000200000", "operatingIncome": "-57100000", "sellingGeneralAndAdministrative": "272600000", "researchAndDevelopment": "0", "operatingExpenses": "206200000", "investmentIncomeNet": "None", "netInterestIncome": "None", "interestIncome": "None", "interestExpense": "37000000", "nonInterestIncome": "None", "otherNonOperatingIncome": "None", "depreciation": "None", "depreciationAndAmortization": "155600000", "incomeBeforeTax": "-92800000", "incomeTaxExpense": "-33700000", "interestAndDebtExpense": "None", "netIncomeFromContinuingOperations": "0", "comprehensiveIncomeNetOfTax": "None", "ebit": "-55800000", "ebitda": "99800000", "netIncome": "-53900000"}, {"fiscalDateEnding": "2009-09-30", "reportedCurrency": "USD", "grossProfit": "250200000", "totalRevenue": "850700000", "costOfRevenue": "600500000", "costofGoodsAndServicesSold": "600500000", "operatingIncome": "135700000", "sellingGeneralAndAdministrative": "92200000", "researchAndDevelopment": "22300000", "operatingExpenses": "114500000", "investmentIncomeNet": "None", "netInterestIncome": "None", "interestIncome": "None", "interestExpense": "33200000", "nonInterestIncome": "None", "otherNonOperatingIncome": "2800000", "depreciation": "None", "depreciationAndAmortization": "94300000", "incomeBeforeTax": "105300000", "incomeTaxExpense": "36300000", "interestAndDebtExpense": "None", "netIncomeFromContinuingOperations": "69000000", "comprehensiveIncomeNetOfTax": "None", "ebit": "135300000", "ebitda": "229600000", "netIncome": "67600000"}, {"fiscalDateEnding": "2009-06-30", "reportedCurrency": "USD", "grossProfit": "232100000", "totalRevenue": "834800000", "costOfRevenue": "602700000", "costofGoodsAndServicesSold": "602700000", "operatingIncome": "117400000", "sellingGeneralAndAdministrative": "93200000", "researchAndDevelopment": "21500000", "operatingExpenses": "114700000", "investmentIncomeNet": "None", "netInterestIncome": "None", "interestIncome": "None", "interestExpense": "31800000", "nonInterestIncome": "None", "otherNonOperatingIncome": "6000000", "depreciation": "None", "depreciationAndAmortization": "92100000", "incomeBeforeTax": "91600000", "incomeTaxExpense": "31600000", "interestAndDebtExpense": "None", "netIncomeFromContinuingOperations": "60000000", "comprehensiveIncomeNetOfTax": "None", "ebit": "118900000", "ebitda": "211000000", "netIncome": "59200000"}, {"fiscalDateEnding": "2009-03-31", "reportedCurrency": "USD", "grossProfit": "203500000", "totalRevenue": "797800000", "costOfRevenue": "594300000", "costofGoodsAndServicesSold": "594300000", "operatingIncome": "81900000", "sellingGeneralAndAdministrative": "99000000", "researchAndDevelopment": "22600000", "operatingExpenses": "121600000", "investmentIncomeNet": "None", "netInterestIncome": "None", "interestIncome": "None", "interestExpense": "32000000", "nonInterestIncome": "None", "otherNonOperatingIncome": "None", "depreciation": "None", "depreciationAndAmortization": "92000000", "incomeBeforeTax": "51900000", "incomeTaxExpense": "17900000", "interestAndDebtExpense": "None", "netIncomeFromContinuingOperations": "0", "comprehensiveIncomeNetOfTax": "None", "ebit": "81000000", "ebitda": "173000000", "netIncome": "33000000"}, {"fiscalDateEnding": "2008-12-31", "reportedCurrency": "USD", "grossProfit": "182675000", "totalRevenue": "835280000", "costOfRevenue": "652605000", "costofGoodsAndServicesSold": "652605000", "operatingIncome": "90629000", "sellingGeneralAndAdministrative": "80554000", "researchAndDevelopment": "11492000", "operatingExpenses": "92046000", "investmentIncomeNet": "None", "netInterestIncome": "None", "interestIncome": "None", "interestExpense": "33400000", "nonInterestIncome": "None", "otherNonOperatingIncome": "None", "depreciation": "None", "depreciationAndAmortization": "121637000", "incomeBeforeTax": "62072000", "incomeTaxExpense": "20119000", "interestAndDebtExpense": "None", "netIncomeFromContinuingOperations": "0", "comprehensiveIncomeNetOfTax": "None", "ebit": "90629000", "ebitda": "212266000", "netIncome": "28770000"}, {"fiscalDateEnding": "2008-09-30", "reportedCurrency": "USD", "grossProfit": "231849000", "totalRevenue": "893844000", "costOfRevenue": "661995000", "costofGoodsAndServicesSold": "661995000", "operatingIncome": "125750000", "sellingGeneralAndAdministrative": "79944000", "researchAndDevelopment": "26155000", "operatingExpenses": "106099000", "investmentIncomeNet": "None", "netInterestIncome": "None", "interestIncome": "None", "interestExpense": "47700000", "nonInterestIncome": "None", "otherNonOperatingIncome": "None", "depreciation": "None", "depreciationAndAmortization": "113187000", "incomeBeforeTax": "76447000", "incomeTaxExpense": "28071000", "interestAndDebtExpense": "None", "netIncomeFromContinuingOperations": "0", "comprehensiveIncomeNetOfTax": "None", "ebit": "107513000", "ebitda": "220700000", "netIncome": "43600000"}, {"fiscalDateEnding": "2008-06-30", "reportedCurrency": "USD", "grossProfit": "376074000", "totalRevenue": "1339038000", "costOfRevenue": "962964000", "costofGoodsAndServicesSold": "962964000", "operatingIncome": "174123000", "sellingGeneralAndAdministrative": "175384000", "researchAndDevelopment": "26567000", "operatingExpenses": "201951000", "investmentIncomeNet": "None", "netInterestIncome": "None", "interestIncome": "None", "interestExpense": "43600000", "nonInterestIncome": "None", "otherNonOperatingIncome": "None", "depreciation": "None", "depreciationAndAmortization": "121820000", "incomeBeforeTax": "115410000", "incomeTaxExpense": "40867000", "interestAndDebtExpense": "None", "netIncomeFromContinuingOperations": "0", "comprehensiveIncomeNetOfTax": "None", "ebit": "59080000", "ebitda": "180900000", "netIncome": "71900000"}, {"fiscalDateEnding": "2008-03-31", "reportedCurrency": "USD", "grossProfit": "362397000", "totalRevenue": "1290952000", "costOfRevenue": "928555000", "costofGoodsAndServicesSold": "928555000", "operatingIncome": "171778000", "sellingGeneralAndAdministrative": "163551000", "researchAndDevelopment": "27068000", "operatingExpenses": "190619000", "investmentIncomeNet": "None", "netInterestIncome": "None", "interestIncome": "None", "interestExpense": "38800000", "nonInterestIncome": "None", "otherNonOperatingIncome": "None", "depreciation": "None", "depreciationAndAmortization": "125556000", "incomeBeforeTax": "111897000", "incomeTaxExpense": "40955000", "interestAndDebtExpense": "None", "netIncomeFromContinuingOperations": "0", "comprehensiveIncomeNetOfTax": "None", "ebit": "51344000", "ebitda": "176900000", "netIncome": "70500000"}, {"fiscalDateEnding": "2007-12-31", "reportedCurrency": "USD", "grossProfit": "398626000", "totalRevenue": "1330414000", "costOfRevenue": "931788000", "costofGoodsAndServicesSold": "931788000", "operatingIncome": "229257000", "sellingGeneralAndAdministrative": "140208000", "researchAndDevelopment": "29161000", "operatingExpenses": "169369000", "investmentIncomeNet": "None", "netInterestIncome": "None", "interestIncome": "None", "interestExpense": "39400000", "nonInterestIncome": "None", "otherNonOperatingIncome": "None", "depreciation": "None", "depreciationAndAmortization": "139298000", "incomeBeforeTax": "173760000", "incomeTaxExpense": "64290000", "interestAndDebtExpense": "None", "netIncomeFromContinuingOperations": "0", "comprehensiveIncomeNetOfTax": "None", "ebit": "229257000", "ebitda": "368555000", "netIncome": "108411000"}, {"fiscalDateEnding": "2007-09-30", "reportedCurrency": "USD", "grossProfit": "329155000", "totalRevenue": "1168067000", "costOfRevenue": "838912000", "costofGoodsAndServicesSold": "838912000", "operatingIncome": "178897000", "sellingGeneralAndAdministrative": "123802000", "researchAndDevelopment": "26456000", "operatingExpenses": "150258000", "investmentIncomeNet": "None", "netInterestIncome": "None", "interestIncome": "None", "interestExpense": "35757000", "nonInterestIncome": "None", "otherNonOperatingIncome": "None", "depreciation": "None", "depreciationAndAmortization": "135227000", "incomeBeforeTax": "321376000", "incomeTaxExpense": "118909000", "interestAndDebtExpense": "None", "netIncomeFromContinuingOperations": "0", "comprehensiveIncomeNetOfTax": "None", "ebit": "59848000", "ebitda": "195075000", "netIncome": "245304000"}, {"fiscalDateEnding": "2007-06-30", "reportedCurrency": "USD", "grossProfit": "333292000", "totalRevenue": "1176238000", "costOfRevenue": "842946000", "costofGoodsAndServicesSold": "842946000", "operatingIncome": "183934000", "sellingGeneralAndAdministrative": "125770000", "researchAndDevelopment": "23588000", "operatingExpenses": "149358000", "investmentIncomeNet": "None", "netInterestIncome": "None", "interestIncome": "None", "interestExpense": "87843000", "nonInterestIncome": "None", "otherNonOperatingIncome": "None", "depreciation": "None", "depreciationAndAmortization": "114004000", "incomeBeforeTax": "234377000", "incomeTaxExpense": "86533000", "interestAndDebtExpense": "None", "netIncomeFromContinuingOperations": "0", "comprehensiveIncomeNetOfTax": "None", "ebit": "179369000", "ebitda": "293373000", "netIncome": "148004000"}, {"fiscalDateEnding": "2007-03-31", "reportedCurrency": "USD", "grossProfit": "310750000", "totalRevenue": "1124066000", "costOfRevenue": "813316000", "costofGoodsAndServicesSold": "813316000", "operatingIncome": "164158000", "sellingGeneralAndAdministrative": "119483000", "researchAndDevelopment": "27109000", "operatingExpenses": "146592000", "investmentIncomeNet": "None", "netInterestIncome": "None", "interestIncome": "None", "interestExpense": "None", "nonInterestIncome": "None", "otherNonOperatingIncome": "None", "depreciation": "None", "depreciationAndAmortization": "138936000", "incomeBeforeTax": "93400000", "incomeTaxExpense": "34745000", "interestAndDebtExpense": "None", "netIncomeFromContinuingOperations": "None", "comprehensiveIncomeNetOfTax": "None", "ebit": "158868000", "ebitda": "297804000", "netIncome": "59503000"}, {"fiscalDateEnding": "2006-12-31", "reportedCurrency": "USD", "grossProfit": "314137000", "totalRevenue": "1129069000", "costOfRevenue": "814932000", "costofGoodsAndServicesSold": "814932000", "operatingIncome": "164909000", "sellingGeneralAndAdministrative": "121209000", "researchAndDevelopment": "28019000", "operatingExpenses": "149228000", "investmentIncomeNet": "None", "netInterestIncome": "None", "interestIncome": "None", "interestExpense": "50801000", "nonInterestIncome": "None", "otherNonOperatingIncome": "None", "depreciation": "None", "depreciationAndAmortization": "115246000", "incomeBeforeTax": "116566000", "incomeTaxExpense": "43235000", "interestAndDebtExpense": "None", "netIncomeFromContinuingOperations": "0", "comprehensiveIncomeNetOfTax": "None", "ebit": "164909000", "ebitda": "280155000", "netIncome": "75120000"}, {"fiscalDateEnding": "2006-09-30", "reportedCurrency": "USD", "grossProfit": "308071000", "totalRevenue": "1080651000", "costOfRevenue": "772580000", "costofGoodsAndServicesSold": "772580000", "operatingIncome": "169492000", "sellingGeneralAndAdministrative": "112724000", "researchAndDevelopment": "25855000", "operatingExpenses": "138579000", "investmentIncomeNet": "None", "netInterestIncome": "None", "interestIncome": "None", "interestExpense": "49717000", "nonInterestIncome": "None", "otherNonOperatingIncome": "None", "depreciation": "None", "depreciationAndAmortization": "111135000", "incomeBeforeTax": "119659000", "incomeTaxExpense": "42799000", "interestAndDebtExpense": "None", "netIncomeFromContinuingOperations": "0", "comprehensiveIncomeNetOfTax": "None", "ebit": "163995000", "ebitda": "275130000", "netIncome": "78580000"}, {"fiscalDateEnding": "2006-06-30", "reportedCurrency": "USD", "grossProfit": "302228000", "totalRevenue": "1021946000", "costOfRevenue": "719718000", "costofGoodsAndServicesSold": "719718000", "operatingIncome": "152716000", "sellingGeneralAndAdministrative": "125866000", "researchAndDevelopment": "23646000", "operatingExpenses": "149512000", "investmentIncomeNet": "None", "netInterestIncome": "None", "interestIncome": "None", "interestExpense": "49033000", "nonInterestIncome": "None", "otherNonOperatingIncome": "None", "depreciation": "None", "depreciationAndAmortization": "110374000", "incomeBeforeTax": "106082000", "incomeTaxExpense": "40629000", "interestAndDebtExpense": "None", "netIncomeFromContinuingOperations": "0", "comprehensiveIncomeNetOfTax": "None", "ebit": "154125000", "ebitda": "264499000", "netIncome": "66029000"}, {"fiscalDateEnding": "2006-03-31", "reportedCurrency": "USD", "grossProfit": "278599000", "totalRevenue": "900936000", "costOfRevenue": "622337000", "costofGoodsAndServicesSold": "622337000", "operatingIncome": "104810000", "sellingGeneralAndAdministrative": "145729000", "researchAndDevelopment": "28060000", "operatingExpenses": "173789000", "investmentIncomeNet": "None", "netInterestIncome": "None", "interestIncome": "None", "interestExpense": "43268000", "nonInterestIncome": "None", "otherNonOperatingIncome": "None", "depreciation": "None", "depreciationAndAmortization": "96795000", "incomeBeforeTax": "61323000", "incomeTaxExpense": "23487000", "interestAndDebtExpense": "None", "netIncomeFromContinuingOperations": "0", "comprehensiveIncomeNetOfTax": "None", "ebit": "105897000", "ebitda": "202692000", "netIncome": "39358000"}, {"fiscalDateEnding": "2005-12-31", "reportedCurrency": "USD", "grossProfit": "93060000", "totalRevenue": "295886000", "costOfRevenue": "202826000", "costofGoodsAndServicesSold": "202826000", "operatingIncome": "61508000", "sellingGeneralAndAdministrative": "28692000", "researchAndDevelopment": "27714000", "operatingExpenses": "28692000", "investmentIncomeNet": "None", "netInterestIncome": "None", "interestIncome": "None", "interestExpense": "12832000", "nonInterestIncome": "None", "otherNonOperatingIncome": "None", "depreciation": "None", "depreciationAndAmortization": "16512000", "incomeBeforeTax": "59376000", "incomeTaxExpense": "22958000", "interestAndDebtExpense": "None", "netIncomeFromContinuingOperations": "0", "comprehensiveIncomeNetOfTax": "None", "ebit": "64368000", "ebitda": "80880000", "netIncome": "36310000"}, {"fiscalDateEnding": "2005-09-30", "reportedCurrency": "USD", "grossProfit": "80777000", "totalRevenue": "282774000", "costOfRevenue": "201997000", "costofGoodsAndServicesSold": "201997000", "operatingIncome": "43018000", "sellingGeneralAndAdministrative": "30749000", "researchAndDevelopment": "33545000", "operatingExpenses": "30749000", "investmentIncomeNet": "None", "netInterestIncome": "None", "interestIncome": "None", "interestExpense": "3122000", "nonInterestIncome": "None", "otherNonOperatingIncome": "None", "depreciation": "None", "depreciationAndAmortization": "15842000", "incomeBeforeTax": "40567000", "incomeTaxExpense": "17900000", "interestAndDebtExpense": "None", "netIncomeFromContinuingOperations": "0", "comprehensiveIncomeNetOfTax": "None", "ebit": "178663000", "ebitda": "194505000", "netIncome": "23269000"}, {"fiscalDateEnding": "2005-06-30", "reportedCurrency": "USD", "grossProfit": "79557000", "totalRevenue": "276023000", "costOfRevenue": "196466000", "costofGoodsAndServicesSold": "196466000", "operatingIncome": "43377000", "sellingGeneralAndAdministrative": "36180000", "researchAndDevelopment": "28303000", "operatingExpenses": "36180000", "investmentIncomeNet": "None", "netInterestIncome": "None", "interestIncome": "None", "interestExpense": "3250000", "nonInterestIncome": "None", "otherNonOperatingIncome": "None", "depreciation": "None", "depreciationAndAmortization": "16088000", "incomeBeforeTax": "40703000", "incomeTaxExpense": "15312000", "interestAndDebtExpense": "None", "netIncomeFromContinuingOperations": "0", "comprehensiveIncomeNetOfTax": "None", "ebit": "176863000", "ebitda": "192951000", "netIncome": "48576000"}, {"fiscalDateEnding": "2005-03-31", "reportedCurrency": "USD", "grossProfit": "72166000", "totalRevenue": "262458000", "costOfRevenue": "190292000", "costofGoodsAndServicesSold": "190292000", "operatingIncome": "37052000", "sellingGeneralAndAdministrative": "35114000", "researchAndDevelopment": "23936000", "operatingExpenses": "35114000", "investmentIncomeNet": "None", "netInterestIncome": "None", "interestIncome": "None", "interestExpense": "3305000", "nonInterestIncome": "None", "otherNonOperatingIncome": "None", "depreciation": "None", "depreciationAndAmortization": "15622000", "incomeBeforeTax": "33912000", "incomeTaxExpense": "12757000", "interestAndDebtExpense": "None", "netIncomeFromContinuingOperations": "0", "comprehensiveIncomeNetOfTax": "None", "ebit": "147131000", "ebitda": "162753000", "netIncome": "23196000"}, {"fiscalDateEnding": "2004-12-31", "reportedCurrency": "USD", "grossProfit": "89179000", "totalRevenue": "281842000", "costOfRevenue": "192663000", "costofGoodsAndServicesSold": "192663000", "operatingIncome": "58862000", "sellingGeneralAndAdministrative": "30317000", "researchAndDevelopment": "74214000", "operatingExpenses": "30317000", "investmentIncomeNet": "None", "netInterestIncome": "None", "interestIncome": "None", "interestExpense": "12914000", "nonInterestIncome": "None", "otherNonOperatingIncome": "None", "depreciation": "None", "depreciationAndAmortization": "14382000", "incomeBeforeTax": "67651000", "incomeTaxExpense": "20630000", "interestAndDebtExpense": "None", "netIncomeFromContinuingOperations": "0", "comprehensiveIncomeNetOfTax": "None", "ebit": "58862000", "ebitda": "73244000", "netIncome": "37115000"}]}