{"symbol": "JBHT", "annualReports": [{"fiscalDateEnding": "2024-12-31", "reportedCurrency": "USD", "grossProfit": "2063158000", "totalRevenue": "12087204000", "costOfRevenue": "10024046000", "costofGoodsAndServicesSold": "10024046000", "operatingIncome": "831225000", "sellingGeneralAndAdministrative": "664011000", "researchAndDevelopment": "None", "operatingExpenses": "1231933000", "investmentIncomeNet": "None", "netInterestIncome": "-71709000", "interestIncome": "7311000", "interestExpense": "79020000", "nonInterestIncome": "None", "otherNonOperatingIncome": "None", "depreciation": "None", "depreciationAndAmortization": "761141000", "incomeBeforeTax": "759516000", "incomeTaxExpense": "188630000", "interestAndDebtExpense": "None", "netIncomeFromContinuingOperations": "570886000", "comprehensiveIncomeNetOfTax": "None", "ebit": "838536000", "ebitda": "1599677000", "netIncome": "570886000"}, {"fiscalDateEnding": "2023-12-31", "reportedCurrency": "USD", "grossProfit": "2396388000", "totalRevenue": "12829665000", "costOfRevenue": "10433277000", "costofGoodsAndServicesSold": "10433277000", "operatingIncome": "993196000", "sellingGeneralAndAdministrative": "167764000", "researchAndDevelopment": "None", "operatingExpenses": "1403192000", "investmentIncomeNet": "None", "netInterestIncome": "-53169000", "interestIncome": "7624000", "interestExpense": "65933000", "nonInterestIncome": "None", "otherNonOperatingIncome": "None", "depreciation": "None", "depreciationAndAmortization": "737954000", "incomeBeforeTax": "934887000", "incomeTaxExpense": "206600000", "interestAndDebtExpense": "None", "netIncomeFromContinuingOperations": "776055000", "comprehensiveIncomeNetOfTax": "None", "ebit": "1000820000", "ebitda": "1738774000", "netIncome": "728287000"}, {"fiscalDateEnding": "2022-12-31", "reportedCurrency": "USD", "grossProfit": "2472527000", "totalRevenue": "14813999000", "costOfRevenue": "12341472000", "costofGoodsAndServicesSold": "12341472000", "operatingIncome": "687033000", "sellingGeneralAndAdministrative": "570191000", "researchAndDevelopment": "None", "operatingExpenses": "1140974000", "investmentIncomeNet": "None", "netInterestIncome": "-50180000", "interestIncome": "1069000", "interestExpense": "50180000", "nonInterestIncome": "None", "otherNonOperatingIncome": "1069000", "depreciation": "None", "depreciationAndAmortization": "728317000", "incomeBeforeTax": "1281373000", "incomeTaxExpense": "312022000", "interestAndDebtExpense": "None", "netIncomeFromContinuingOperations": "969351000", "comprehensiveIncomeNetOfTax": "None", "ebit": "603236000", "ebitda": "1331553000", "netIncome": "969351000"}, {"fiscalDateEnding": "2021-12-31", "reportedCurrency": "USD", "grossProfit": "1869819000", "totalRevenue": "12168302000", "costOfRevenue": "10298483000", "costofGoodsAndServicesSold": "10298483000", "operatingIncome": "488437000", "sellingGeneralAndAdministrative": "395533000", "researchAndDevelopment": "None", "operatingExpenses": "824289000", "investmentIncomeNet": "None", "netInterestIncome": "-45758000", "interestIncome": "493000", "interestExpense": "45758000", "nonInterestIncome": "None", "otherNonOperatingIncome": "493000", "depreciation": "None", "depreciationAndAmortization": "612230000", "incomeBeforeTax": "999772000", "incomeTaxExpense": "238966000", "interestAndDebtExpense": "None", "netIncomeFromContinuingOperations": "760806000", "comprehensiveIncomeNetOfTax": "None", "ebit": "433300000", "ebitda": "1045530000", "netIncome": "760806000"}, {"fiscalDateEnding": "2020-12-31", "reportedCurrency": "USD", "grossProfit": "1449876000", "totalRevenue": "9636573000", "costOfRevenue": "8186697000", "costofGoodsAndServicesSold": "8186697000", "operatingIncome": "185744000", "sellingGeneralAndAdministrative": "348076000", "researchAndDevelopment": "None", "operatingExpenses": "736757000", "investmentIncomeNet": "None", "netInterestIncome": "-47094000", "interestIncome": "486000", "interestExpense": "47094000", "nonInterestIncome": "None", "otherNonOperatingIncome": "486000", "depreciation": "None", "depreciationAndAmortization": "573360000", "incomeBeforeTax": "666025000", "incomeTaxExpense": "159990000", "interestAndDebtExpense": "None", "netIncomeFromContinuingOperations": "506035000", "comprehensiveIncomeNetOfTax": "None", "ebit": "139759000", "ebitda": "713119000", "netIncome": "506035000"}, {"fiscalDateEnding": "2019-12-31", "reportedCurrency": "USD", "grossProfit": "1506255000", "totalRevenue": "9165258000", "costOfRevenue": "7659003000", "costofGoodsAndServicesSold": "7659003000", "operatingIncome": "234680000", "sellingGeneralAndAdministrative": "383981000", "researchAndDevelopment": "None", "operatingExpenses": "772430000", "investmentIncomeNet": "None", "netInterestIncome": "-52930000", "interestIncome": "1754000", "interestExpense": "52930000", "nonInterestIncome": "None", "otherNonOperatingIncome": "1754000", "depreciation": "None", "depreciationAndAmortization": "538662000", "incomeBeforeTax": "680895000", "incomeTaxExpense": "164575000", "interestAndDebtExpense": "None", "netIncomeFromContinuingOperations": "516320000", "comprehensiveIncomeNetOfTax": "None", "ebit": "735579000", "ebitda": "1274241000", "netIncome": "516320000"}, {"fiscalDateEnding": "2018-12-31", "reportedCurrency": "USD", "grossProfit": "1359217000", "totalRevenue": "8614874000", "costOfRevenue": "7255657000", "costofGoodsAndServicesSold": "7255657000", "operatingIncome": "641042000", "sellingGeneralAndAdministrative": "323587000", "researchAndDevelopment": "0", "operatingExpenses": "678196000", "investmentIncomeNet": "None", "netInterestIncome": "-40203000", "interestIncome": "224000", "interestExpense": "40203000", "nonInterestIncome": "None", "otherNonOperatingIncome": "224000", "depreciation": "None", "depreciationAndAmortization": "435893000", "incomeBeforeTax": "640818000", "incomeTaxExpense": "151233000", "interestAndDebtExpense": "None", "netIncomeFromContinuingOperations": "489585000", "comprehensiveIncomeNetOfTax": "None", "ebit": "681021000", "ebitda": "1116914000", "netIncome": "489585000"}, {"fiscalDateEnding": "2017-12-31", "reportedCurrency": "USD", "grossProfit": "1199293000", "totalRevenue": "7189568000", "costOfRevenue": "5990275000", "costofGoodsAndServicesSold": "5990275000", "operatingIncome": "623789000", "sellingGeneralAndAdministrative": "273440000", "researchAndDevelopment": "0", "operatingExpenses": "575504000", "investmentIncomeNet": "None", "netInterestIncome": "-28550000", "interestIncome": "235000", "interestExpense": "28550000", "nonInterestIncome": "None", "otherNonOperatingIncome": "235000", "depreciation": "None", "depreciationAndAmortization": "383518000", "incomeBeforeTax": "595239000", "incomeTaxExpense": "-91024000", "interestAndDebtExpense": "None", "netIncomeFromContinuingOperations": "686263000", "comprehensiveIncomeNetOfTax": "None", "ebit": "623789000", "ebitda": "1007307000", "netIncome": "686263000"}, {"fiscalDateEnding": "2016-12-31", "reportedCurrency": "USD", "grossProfit": "1185633000", "totalRevenue": "6555459000", "costOfRevenue": "5369826000", "costofGoodsAndServicesSold": "5369826000", "operatingIncome": "721020000", "sellingGeneralAndAdministrative": "185436000", "researchAndDevelopment": "0", "operatingExpenses": "464613000", "investmentIncomeNet": "None", "netInterestIncome": "-25223000", "interestIncome": "71000", "interestExpense": "25223000", "nonInterestIncome": "None", "otherNonOperatingIncome": "71000", "depreciation": "None", "depreciationAndAmortization": "361510000", "incomeBeforeTax": "695797000", "incomeTaxExpense": "263707000", "interestAndDebtExpense": "None", "netIncomeFromContinuingOperations": "432090000", "comprehensiveIncomeNetOfTax": "None", "ebit": "721020000", "ebitda": "1082530000", "netIncome": "432090000"}, {"fiscalDateEnding": "2015-12-31", "reportedCurrency": "USD", "grossProfit": "1146174000", "totalRevenue": "6187646000", "costOfRevenue": "5041472000", "costofGoodsAndServicesSold": "5041472000", "operatingIncome": "715694000", "sellingGeneralAndAdministrative": "166799000", "researchAndDevelopment": "0", "operatingExpenses": "430480000", "investmentIncomeNet": "None", "netInterestIncome": "None", "interestIncome": "25491000", "interestExpense": "25491000", "nonInterestIncome": "None", "otherNonOperatingIncome": "86000", "depreciation": "None", "depreciationAndAmortization": "339613000", "incomeBeforeTax": "690203000", "incomeTaxExpense": "262968000", "interestAndDebtExpense": "None", "netIncomeFromContinuingOperations": "427235000", "comprehensiveIncomeNetOfTax": "None", "ebit": "715694000", "ebitda": "1055307000", "netIncome": "427235000"}, {"fiscalDateEnding": "2014-12-31", "reportedCurrency": "USD", "grossProfit": "1041346000", "totalRevenue": "6165441000", "costOfRevenue": "5124095000", "costofGoodsAndServicesSold": "5124095000", "operatingIncome": "631542000", "sellingGeneralAndAdministrative": "152469000", "researchAndDevelopment": "0", "operatingExpenses": "409804000", "investmentIncomeNet": "None", "netInterestIncome": "None", "interestIncome": "None", "interestExpense": "26941000", "nonInterestIncome": "None", "otherNonOperatingIncome": "87000", "depreciation": "None", "depreciationAndAmortization": "294496000", "incomeBeforeTax": "604601000", "incomeTaxExpense": "229809000", "interestAndDebtExpense": "None", "netIncomeFromContinuingOperations": "374792000", "comprehensiveIncomeNetOfTax": "None", "ebit": "631542000", "ebitda": "926038000", "netIncome": "374792000"}, {"fiscalDateEnding": "2013-12-31", "reportedCurrency": "USD", "grossProfit": "931484000", "totalRevenue": "5584571000", "costOfRevenue": "4653087000", "costofGoodsAndServicesSold": "4653087000", "operatingIncome": "576708000", "sellingGeneralAndAdministrative": "119769000", "researchAndDevelopment": "0", "operatingExpenses": "354776000", "investmentIncomeNet": "None", "netInterestIncome": "None", "interestIncome": "None", "interestExpense": "23140000", "nonInterestIncome": "None", "otherNonOperatingIncome": "69000", "depreciation": "None", "depreciationAndAmortization": "253380000", "incomeBeforeTax": "553568000", "incomeTaxExpense": "211186000", "interestAndDebtExpense": "None", "netIncomeFromContinuingOperations": "342382000", "comprehensiveIncomeNetOfTax": "None", "ebit": "576708000", "ebitda": "830088000", "netIncome": "342382000"}, {"fiscalDateEnding": "2012-12-31", "reportedCurrency": "USD", "grossProfit": "836779000", "totalRevenue": "5054980000", "costOfRevenue": "4218201000", "costofGoodsAndServicesSold": "4218201000", "operatingIncome": "530200000", "sellingGeneralAndAdministrative": "98508000", "researchAndDevelopment": "0", "operatingExpenses": "306579000", "investmentIncomeNet": "None", "netInterestIncome": "None", "interestIncome": "None", "interestExpense": "25559000", "nonInterestIncome": "None", "otherNonOperatingIncome": "1000", "depreciation": "None", "depreciationAndAmortization": "229166000", "incomeBeforeTax": "504641000", "incomeTaxExpense": "194287000", "interestAndDebtExpense": "None", "netIncomeFromContinuingOperations": "310354000", "comprehensiveIncomeNetOfTax": "None", "ebit": "530200000", "ebitda": "759366000", "netIncome": "310354000"}, {"fiscalDateEnding": "2011-12-31", "reportedCurrency": "USD", "grossProfit": "1689029000", "totalRevenue": "4526842000", "costOfRevenue": "2837813000", "costofGoodsAndServicesSold": "2837813000", "operatingIncome": "444233000", "sellingGeneralAndAdministrative": "1030853000", "researchAndDevelopment": "0", "operatingExpenses": "1244796000", "investmentIncomeNet": "None", "netInterestIncome": "None", "interestIncome": "None", "interestExpense": "28500000", "nonInterestIncome": "None", "otherNonOperatingIncome": "8000", "depreciation": "None", "depreciationAndAmortization": "213943000", "incomeBeforeTax": "415733000", "incomeTaxExpense": "158727000", "interestAndDebtExpense": "None", "netIncomeFromContinuingOperations": "257006000", "comprehensiveIncomeNetOfTax": "None", "ebit": "444241000", "ebitda": "658184000", "netIncome": "257006000"}, {"fiscalDateEnding": "2010-12-31", "reportedCurrency": "USD", "grossProfit": "1634361000", "totalRevenue": "3793485000", "costOfRevenue": "2159124000", "costofGoodsAndServicesSold": "2159124000", "operatingIncome": "347625000", "sellingGeneralAndAdministrative": "966219000", "researchAndDevelopment": "0", "operatingExpenses": "1190176000", "investmentIncomeNet": "None", "netInterestIncome": "None", "interestIncome": "None", "interestExpense": "28006000", "nonInterestIncome": "None", "otherNonOperatingIncome": "75000", "depreciation": "None", "depreciationAndAmortization": "197062000", "incomeBeforeTax": "319694000", "incomeTaxExpense": "120077000", "interestAndDebtExpense": "None", "netIncomeFromContinuingOperations": "255629000", "comprehensiveIncomeNetOfTax": "None", "ebit": "347700000", "ebitda": "544762000", "netIncome": "199617000"}, {"fiscalDateEnding": "2009-12-31", "reportedCurrency": "USD", "grossProfit": "1430601000", "totalRevenue": "3203321000", "costOfRevenue": "1772720000", "costofGoodsAndServicesSold": "1772720000", "operatingIncome": "247971000", "sellingGeneralAndAdministrative": "863977000", "researchAndDevelopment": "None", "operatingExpenses": "1081036000", "investmentIncomeNet": "None", "netInterestIncome": "None", "interestIncome": "None", "interestExpense": "27359000", "nonInterestIncome": "None", "otherNonOperatingIncome": "None", "depreciation": "None", "depreciationAndAmortization": "189045000", "incomeBeforeTax": "224068000", "incomeTaxExpense": "87633000", "interestAndDebtExpense": "None", "netIncomeFromContinuingOperations": "None", "comprehensiveIncomeNetOfTax": "None", "ebit": "251497000", "ebitda": "440542000", "netIncome": "136435000"}, {"fiscalDateEnding": "2008-12-31", "reportedCurrency": "USD", "grossProfit": "2313481000", "totalRevenue": "3731943000", "costOfRevenue": "1418462000", "costofGoodsAndServicesSold": "1418462000", "operatingIncome": "358418000", "sellingGeneralAndAdministrative": "19409000", "researchAndDevelopment": "None", "operatingExpenses": "1833519000", "investmentIncomeNet": "None", "netInterestIncome": "None", "interestIncome": "None", "interestExpense": "35337000", "nonInterestIncome": "None", "otherNonOperatingIncome": "None", "depreciation": "None", "depreciationAndAmortization": "202288000", "incomeBeforeTax": "322236000", "incomeTaxExpense": "121643000", "interestAndDebtExpense": "None", "netIncomeFromContinuingOperations": "None", "comprehensiveIncomeNetOfTax": "None", "ebit": "357573000", "ebitda": "559861000", "netIncome": "200593000"}, {"fiscalDateEnding": "2007-12-31", "reportedCurrency": "USD", "grossProfit": "1544267000", "totalRevenue": "3489899000", "costOfRevenue": "1945632000", "costofGoodsAndServicesSold": "1945632000", "operatingIncome": "368789000", "sellingGeneralAndAdministrative": "117866000", "researchAndDevelopment": "None", "operatingExpenses": "3190765000", "investmentIncomeNet": "None", "netInterestIncome": "None", "interestIncome": "None", "interestExpense": "43523000", "nonInterestIncome": "None", "otherNonOperatingIncome": "None", "depreciation": "None", "depreciationAndAmortization": "205133000", "incomeBeforeTax": "325047000", "incomeTaxExpense": "111913000", "interestAndDebtExpense": "None", "netIncomeFromContinuingOperations": "None", "comprehensiveIncomeNetOfTax": "None", "ebit": "368570000", "ebitda": "573703000", "netIncome": "213134000"}, {"fiscalDateEnding": "2006-12-31", "reportedCurrency": "USD", "grossProfit": "1516002000", "totalRevenue": "3327987000", "costOfRevenue": "1811985000", "costofGoodsAndServicesSold": "1811985000", "operatingIncome": "372653000", "sellingGeneralAndAdministrative": "104814000", "researchAndDevelopment": "None", "operatingExpenses": "3026916000", "investmentIncomeNet": "None", "netInterestIncome": "None", "interestIncome": "None", "interestExpense": "0", "nonInterestIncome": "None", "otherNonOperatingIncome": "None", "depreciation": "None", "depreciationAndAmortization": "183604000", "incomeBeforeTax": "354313000", "incomeTaxExpense": "134361000", "interestAndDebtExpense": "None", "netIncomeFromContinuingOperations": "None", "comprehensiveIncomeNetOfTax": "None", "ebit": "372653000", "ebitda": "556257000", "netIncome": "219952000"}, {"fiscalDateEnding": "2005-12-31", "reportedCurrency": "USD", "grossProfit": "1469773000", "totalRevenue": "3127899000", "costOfRevenue": "1658126000", "costofGoodsAndServicesSold": "1658126000", "operatingIncome": "343900000", "sellingGeneralAndAdministrative": "101205000", "researchAndDevelopment": "None", "operatingExpenses": "2813464000", "investmentIncomeNet": "None", "netInterestIncome": "None", "interestIncome": "None", "interestExpense": "0", "nonInterestIncome": "None", "otherNonOperatingIncome": "None", "depreciation": "None", "depreciationAndAmortization": "163034000", "incomeBeforeTax": "333626000", "incomeTaxExpense": "126315000", "interestAndDebtExpense": "None", "netIncomeFromContinuingOperations": "None", "comprehensiveIncomeNetOfTax": "None", "ebit": "343900000", "ebitda": "506934000", "netIncome": "207311000"}], "quarterlyReports": [{"fiscalDateEnding": "2024-12-31", "reportedCurrency": "USD", "grossProfit": "530353000", "totalRevenue": "3146348000", "costOfRevenue": "2615995000", "costofGoodsAndServicesSold": "2615995000", "operatingIncome": "207039000", "sellingGeneralAndAdministrative": "179512000", "researchAndDevelopment": "None", "operatingExpenses": "323314000", "investmentIncomeNet": "None", "netInterestIncome": "-15111000", "interestIncome": "None", "interestExpense": "22422000", "nonInterestIncome": "None", "otherNonOperatingIncome": "None", "depreciation": "None", "depreciationAndAmortization": "205504000", "incomeBeforeTax": "191928000", "incomeTaxExpense": "36474000", "interestAndDebtExpense": "None", "netIncomeFromContinuingOperations": "155454000", "comprehensiveIncomeNetOfTax": "None", "ebit": "214350000", "ebitda": "419854000", "netIncome": "155454000"}, {"fiscalDateEnding": "2024-09-30", "reportedCurrency": "USD", "grossProfit": "531523000", "totalRevenue": "3068171000", "costOfRevenue": "2536648000", "costofGoodsAndServicesSold": "2536648000", "operatingIncome": "224108000", "sellingGeneralAndAdministrative": "161821000", "researchAndDevelopment": "None", "operatingExpenses": "307415000", "investmentIncomeNet": "None", "netInterestIncome": "-20751000", "interestIncome": "None", "interestExpense": "20751000", "nonInterestIncome": "None", "otherNonOperatingIncome": "None", "depreciation": "None", "depreciationAndAmortization": "187982000", "incomeBeforeTax": "203357000", "incomeTaxExpense": "51291000", "interestAndDebtExpense": "None", "netIncomeFromContinuingOperations": "152066000", "comprehensiveIncomeNetOfTax": "None", "ebit": "224108000", "ebitda": "412090000", "netIncome": "152066000"}, {"fiscalDateEnding": "2024-06-30", "reportedCurrency": "USD", "grossProfit": "309031000", "totalRevenue": "2928685000", "costOfRevenue": "2619654000", "costofGoodsAndServicesSold": "2619654000", "operatingIncome": "205709000", "sellingGeneralAndAdministrative": "158969000", "researchAndDevelopment": "None", "operatingExpenses": "103322000", "investmentIncomeNet": "None", "netInterestIncome": "-20198000", "interestIncome": "None", "interestExpense": "20198000", "nonInterestIncome": "None", "otherNonOperatingIncome": "None", "depreciation": "None", "depreciationAndAmortization": "184658000", "incomeBeforeTax": "185511000", "incomeTaxExpense": "49638000", "interestAndDebtExpense": "None", "netIncomeFromContinuingOperations": "135873000", "comprehensiveIncomeNetOfTax": "None", "ebit": "205709000", "ebitda": "390367000", "netIncome": "135873000"}, {"fiscalDateEnding": "2024-03-31", "reportedCurrency": "USD", "grossProfit": "299930000", "totalRevenue": "2944001000", "costOfRevenue": "2644071000", "costofGoodsAndServicesSold": "2644071000", "operatingIncome": "201640000", "sellingGeneralAndAdministrative": "163712000", "researchAndDevelopment": "None", "operatingExpenses": "98290000", "investmentIncomeNet": "None", "netInterestIncome": "-15649000", "interestIncome": "None", "interestExpense": "15649000", "nonInterestIncome": "None", "otherNonOperatingIncome": "None", "depreciation": "None", "depreciationAndAmortization": "182996000", "incomeBeforeTax": "178720000", "incomeTaxExpense": "51227000", "interestAndDebtExpense": "None", "netIncomeFromContinuingOperations": "127493000", "comprehensiveIncomeNetOfTax": "None", "ebit": "194369000", "ebitda": "377365000", "netIncome": "127493000"}, {"fiscalDateEnding": "2023-12-31", "reportedCurrency": "USD", "grossProfit": "317035000", "totalRevenue": "3303701000", "costOfRevenue": "2986666000", "costofGoodsAndServicesSold": "2986666000", "operatingIncome": "203279000", "sellingGeneralAndAdministrative": "213339000", "researchAndDevelopment": "None", "operatingExpenses": "113756000", "investmentIncomeNet": "None", "netInterestIncome": "-16329000", "interestIncome": "None", "interestExpense": "16329999", "nonInterestIncome": "None", "otherNonOperatingIncome": "None", "depreciation": "None", "depreciationAndAmortization": "194456000", "incomeBeforeTax": "186949000", "incomeTaxExpense": "33414000", "interestAndDebtExpense": "None", "netIncomeFromContinuingOperations": "153535000", "comprehensiveIncomeNetOfTax": "None", "ebit": "203279000", "ebitda": "397735000", "netIncome": "153535000"}, {"fiscalDateEnding": "2023-09-30", "reportedCurrency": "USD", "grossProfit": "533693000", "totalRevenue": "3163753000", "costOfRevenue": "2630060000", "costofGoodsAndServicesSold": "2630060000", "operatingIncome": "241716000", "sellingGeneralAndAdministrative": "142333000", "researchAndDevelopment": "None", "operatingExpenses": "291977000", "investmentIncomeNet": "None", "netInterestIncome": "-12586000", "interestIncome": "None", "interestExpense": "12586000", "nonInterestIncome": "None", "otherNonOperatingIncome": "None", "depreciation": "None", "depreciationAndAmortization": "187714000", "incomeBeforeTax": "229130000", "incomeTaxExpense": "41699000", "interestAndDebtExpense": "None", "netIncomeFromContinuingOperations": "187431000", "comprehensiveIncomeNetOfTax": "None", "ebit": "241716000", "ebitda": "429430000", "netIncome": "187431000"}, {"fiscalDateEnding": "2023-06-30", "reportedCurrency": "USD", "grossProfit": "554343000", "totalRevenue": "3132623000", "costOfRevenue": "2578280000", "costofGoodsAndServicesSold": "2578280000", "operatingIncome": "270712000", "sellingGeneralAndAdministrative": "135731000", "researchAndDevelopment": "None", "operatingExpenses": "283631000", "investmentIncomeNet": "None", "netInterestIncome": "-14604000", "interestIncome": "None", "interestExpense": "14604000", "nonInterestIncome": "None", "otherNonOperatingIncome": "None", "depreciation": "None", "depreciationAndAmortization": "203964000", "incomeBeforeTax": "256108000", "incomeTaxExpense": "66556000", "interestAndDebtExpense": "None", "netIncomeFromContinuingOperations": "189552000", "comprehensiveIncomeNetOfTax": "None", "ebit": "246720000", "ebitda": "450684000", "netIncome": "189552000"}, {"fiscalDateEnding": "2023-03-31", "reportedCurrency": "USD", "grossProfit": "565145000", "totalRevenue": "3229588000", "costOfRevenue": "2664443000", "costofGoodsAndServicesSold": "2664443000", "operatingIncome": "277489000", "sellingGeneralAndAdministrative": "141188000", "researchAndDevelopment": "None", "operatingExpenses": "287656000", "investmentIncomeNet": "None", "netInterestIncome": "-14789000", "interestIncome": "None", "interestExpense": "14789000", "nonInterestIncome": "None", "otherNonOperatingIncome": "None", "depreciation": "None", "depreciationAndAmortization": "175812000", "incomeBeforeTax": "262700000", "incomeTaxExpense": "64932000", "interestAndDebtExpense": "None", "netIncomeFromContinuingOperations": "197768000", "comprehensiveIncomeNetOfTax": "None", "ebit": "277489000", "ebitda": "453301000", "netIncome": "197768000"}, {"fiscalDateEnding": "2022-12-31", "reportedCurrency": "USD", "grossProfit": "621696000", "totalRevenue": "3649622000", "costOfRevenue": "3027926000", "costofGoodsAndServicesSold": "3027926000", "operatingIncome": "110342000", "sellingGeneralAndAdministrative": "189787000", "researchAndDevelopment": "None", "operatingExpenses": "339748000", "investmentIncomeNet": "None", "netInterestIncome": "-11189000", "interestIncome": "None", "interestExpense": "11189000", "nonInterestIncome": "None", "otherNonOperatingIncome": "1069000", "depreciation": "None", "depreciationAndAmortization": "171606000", "incomeBeforeTax": "270759000", "incomeTaxExpense": "69456000", "interestAndDebtExpense": "None", "netIncomeFromContinuingOperations": "201303000", "comprehensiveIncomeNetOfTax": "None", "ebit": "110342000", "ebitda": "281948000", "netIncome": "201303000"}, {"fiscalDateEnding": "2022-09-30", "reportedCurrency": "USD", "grossProfit": "649727000", "totalRevenue": "3838257000", "costOfRevenue": "3188530000", "costofGoodsAndServicesSold": "3188530000", "operatingIncome": "195648000", "sellingGeneralAndAdministrative": "132071000", "researchAndDevelopment": "None", "operatingExpenses": "287499000", "investmentIncomeNet": "None", "netInterestIncome": "-13562000", "interestIncome": "None", "interestExpense": "13562000", "nonInterestIncome": "None", "otherNonOperatingIncome": "None", "depreciation": "None", "depreciationAndAmortization": "189170000", "incomeBeforeTax": "348666000", "incomeTaxExpense": "79284000", "interestAndDebtExpense": "None", "netIncomeFromContinuingOperations": "269382000", "comprehensiveIncomeNetOfTax": "None", "ebit": "339638000", "ebitda": "528808000", "netIncome": "269382000"}, {"fiscalDateEnding": "2022-06-30", "reportedCurrency": "USD", "grossProfit": "651677000", "totalRevenue": "3837532000", "costOfRevenue": "3185855000", "costofGoodsAndServicesSold": "3185855000", "operatingIncome": "195512000", "sellingGeneralAndAdministrative": "155888000", "researchAndDevelopment": "None", "operatingExpenses": "298594000", "investmentIncomeNet": "None", "netInterestIncome": "-12842000", "interestIncome": "None", "interestExpense": "12842000", "nonInterestIncome": "None", "otherNonOperatingIncome": "None", "depreciation": "None", "depreciationAndAmortization": "178176000", "incomeBeforeTax": "340241000", "incomeTaxExpense": "84900000", "interestAndDebtExpense": "None", "netIncomeFromContinuingOperations": "255341000", "comprehensiveIncomeNetOfTax": "None", "ebit": "332478000", "ebitda": "510654000", "netIncome": "255341000"}, {"fiscalDateEnding": "2022-03-31", "reportedCurrency": "USD", "grossProfit": "549428000", "totalRevenue": "3488588000", "costOfRevenue": "2939160000", "costofGoodsAndServicesSold": "2939160000", "operatingIncome": "185531000", "sellingGeneralAndAdministrative": "92446000", "researchAndDevelopment": "None", "operatingExpenses": "215134000", "investmentIncomeNet": "None", "netInterestIncome": "-12586000", "interestIncome": "None", "interestExpense": "12586000", "nonInterestIncome": "None", "otherNonOperatingIncome": "None", "depreciation": "None", "depreciationAndAmortization": "167224000", "incomeBeforeTax": "321708000", "incomeTaxExpense": "78383000", "interestAndDebtExpense": "None", "netIncomeFromContinuingOperations": "243325000", "comprehensiveIncomeNetOfTax": "None", "ebit": "315833000", "ebitda": "483057000", "netIncome": "243325000"}, {"fiscalDateEnding": "2021-12-31", "reportedCurrency": "USD", "grossProfit": "548329000", "totalRevenue": "3496971000", "costOfRevenue": "2948642000", "costofGoodsAndServicesSold": "2948642000", "operatingIncome": "322503000", "sellingGeneralAndAdministrative": "111817000", "researchAndDevelopment": "None", "operatingExpenses": "225826000", "investmentIncomeNet": "None", "netInterestIncome": "-9697000", "interestIncome": "None", "interestExpense": "9697000", "nonInterestIncome": "None", "otherNonOperatingIncome": "493000", "depreciation": "None", "depreciationAndAmortization": "141254000", "incomeBeforeTax": "312806000", "incomeTaxExpense": "70597000", "interestAndDebtExpense": "None", "netIncomeFromContinuingOperations": "242209000", "comprehensiveIncomeNetOfTax": "None", "ebit": "322503000", "ebitda": "463757000", "netIncome": "242209000"}, {"fiscalDateEnding": "2021-09-30", "reportedCurrency": "USD", "grossProfit": "487804000", "totalRevenue": "3144812000", "costOfRevenue": "2657008000", "costofGoodsAndServicesSold": "2657008000", "operatingIncome": "273829000", "sellingGeneralAndAdministrative": "99970000", "researchAndDevelopment": "None", "operatingExpenses": "213975000", "investmentIncomeNet": "None", "netInterestIncome": "-11977000", "interestIncome": "None", "interestExpense": "11977000", "nonInterestIncome": "None", "otherNonOperatingIncome": "None", "depreciation": "None", "depreciationAndAmortization": "153672000", "incomeBeforeTax": "261852000", "incomeTaxExpense": "62023000", "interestAndDebtExpense": "None", "netIncomeFromContinuingOperations": "199829000", "comprehensiveIncomeNetOfTax": "None", "ebit": "259080000", "ebitda": "412752000", "netIncome": "199829000"}, {"fiscalDateEnding": "2021-06-30", "reportedCurrency": "USD", "grossProfit": "438455000", "totalRevenue": "2908370000", "costOfRevenue": "2469915000", "costofGoodsAndServicesSold": "2469915000", "operatingIncome": "241546000", "sellingGeneralAndAdministrative": "91681000", "researchAndDevelopment": "None", "operatingExpenses": "196909000", "investmentIncomeNet": "None", "netInterestIncome": "-12059000", "interestIncome": "None", "interestExpense": "12059000", "nonInterestIncome": "None", "otherNonOperatingIncome": "None", "depreciation": "None", "depreciationAndAmortization": "152486000", "incomeBeforeTax": "229487000", "incomeTaxExpense": "57325000", "interestAndDebtExpense": "None", "netIncomeFromContinuingOperations": "172162000", "comprehensiveIncomeNetOfTax": "None", "ebit": "228431000", "ebitda": "380917000", "netIncome": "172162000"}, {"fiscalDateEnding": "2021-03-31", "reportedCurrency": "USD", "grossProfit": "395231000", "totalRevenue": "2618149000", "costOfRevenue": "2222918000", "costofGoodsAndServicesSold": "2222918000", "operatingIncome": "207652000", "sellingGeneralAndAdministrative": "92067000", "researchAndDevelopment": "None", "operatingExpenses": "187579000", "investmentIncomeNet": "None", "netInterestIncome": "-12024000", "interestIncome": "None", "interestExpense": "12024000", "nonInterestIncome": "None", "otherNonOperatingIncome": "None", "depreciation": "None", "depreciationAndAmortization": "137545000", "incomeBeforeTax": "195628000", "incomeTaxExpense": "49022000", "interestAndDebtExpense": "None", "netIncomeFromContinuingOperations": "146606000", "comprehensiveIncomeNetOfTax": "None", "ebit": "207652000", "ebitda": "345197000", "netIncome": "146606000"}, {"fiscalDateEnding": "2020-12-31", "reportedCurrency": "USD", "grossProfit": "398003000", "totalRevenue": "2737652000", "costOfRevenue": "2339649000", "costofGoodsAndServicesSold": "2339649000", "operatingIncome": "207691000", "sellingGeneralAndAdministrative": "93040000", "researchAndDevelopment": "None", "operatingExpenses": "190312000", "investmentIncomeNet": "None", "netInterestIncome": "-10344000", "interestIncome": "None", "interestExpense": "10345000", "nonInterestIncome": "None", "otherNonOperatingIncome": "486000", "depreciation": "None", "depreciationAndAmortization": "134589000", "incomeBeforeTax": "197347000", "incomeTaxExpense": "43340000", "interestAndDebtExpense": "None", "netIncomeFromContinuingOperations": "154007000", "comprehensiveIncomeNetOfTax": "None", "ebit": "207692000", "ebitda": "342281000", "netIncome": "154007000"}, {"fiscalDateEnding": "2020-09-30", "reportedCurrency": "USD", "grossProfit": "361286000", "totalRevenue": "2472523000", "costOfRevenue": "2111237000", "costofGoodsAndServicesSold": "2111237000", "operatingIncome": "175503000", "sellingGeneralAndAdministrative": "85984000", "researchAndDevelopment": "None", "operatingExpenses": "185783000", "investmentIncomeNet": "None", "netInterestIncome": "-11895000", "interestIncome": "None", "interestExpense": "11895000", "nonInterestIncome": "None", "otherNonOperatingIncome": "None", "depreciation": "None", "depreciationAndAmortization": "132393000", "incomeBeforeTax": "163608000", "incomeTaxExpense": "38112000", "interestAndDebtExpense": "None", "netIncomeFromContinuingOperations": "125496000", "comprehensiveIncomeNetOfTax": "None", "ebit": "175503000", "ebitda": "307896000", "netIncome": "125496000"}, {"fiscalDateEnding": "2020-06-30", "reportedCurrency": "USD", "grossProfit": "351383000", "totalRevenue": "2145573000", "costOfRevenue": "1794190000", "costofGoodsAndServicesSold": "1794190000", "operatingIncome": "175183000", "sellingGeneralAndAdministrative": "83499000", "researchAndDevelopment": "None", "operatingExpenses": "176200000", "investmentIncomeNet": "None", "netInterestIncome": "-12818000", "interestIncome": "12818000", "interestExpense": "12818000", "nonInterestIncome": "None", "otherNonOperatingIncome": "None", "depreciation": "None", "depreciationAndAmortization": "130298000", "incomeBeforeTax": "162365000", "incomeTaxExpense": "40667000", "interestAndDebtExpense": "None", "netIncomeFromContinuingOperations": "121698000", "comprehensiveIncomeNetOfTax": "None", "ebit": "175183000", "ebitda": "305481000", "netIncome": "121698000"}, {"fiscalDateEnding": "2020-03-31", "reportedCurrency": "USD", "grossProfit": "339208000", "totalRevenue": "2280826000", "costOfRevenue": "1941618000", "costofGoodsAndServicesSold": "1941618000", "operatingIncome": "154741000", "sellingGeneralAndAdministrative": "85557000", "researchAndDevelopment": "None", "operatingExpenses": "184467000", "investmentIncomeNet": "None", "netInterestIncome": "-12036000", "interestIncome": "12036000", "interestExpense": "12036000", "nonInterestIncome": "None", "otherNonOperatingIncome": "None", "depreciation": "None", "depreciationAndAmortization": "130095000", "incomeBeforeTax": "142705000", "incomeTaxExpense": "37871000", "interestAndDebtExpense": "None", "netIncomeFromContinuingOperations": "104834000", "comprehensiveIncomeNetOfTax": "None", "ebit": "154741000", "ebitda": "284836000", "netIncome": "104834000"}, {"fiscalDateEnding": "2019-12-31", "reportedCurrency": "USD", "grossProfit": "395999000", "totalRevenue": "2450323000", "costOfRevenue": "2054324000", "costofGoodsAndServicesSold": "2054324000", "operatingIncome": "205074000", "sellingGeneralAndAdministrative": "92947000", "researchAndDevelopment": "None", "operatingExpenses": "190925000", "investmentIncomeNet": "None", "netInterestIncome": "-12777000", "interestIncome": "12777000", "interestExpense": "12777000", "nonInterestIncome": "None", "otherNonOperatingIncome": "1754000", "depreciation": "None", "depreciationAndAmortization": "128417000", "incomeBeforeTax": "192298000", "incomeTaxExpense": "47622000", "interestAndDebtExpense": "None", "netIncomeFromContinuingOperations": "144676000", "comprehensiveIncomeNetOfTax": "None", "ebit": "235275000", "ebitda": "363692000", "netIncome": "144676000"}, {"fiscalDateEnding": "2019-09-30", "reportedCurrency": "USD", "grossProfit": "397644000", "totalRevenue": "2363660000", "costOfRevenue": "1966016000", "costofGoodsAndServicesSold": "1966016000", "operatingIncome": "212075000", "sellingGeneralAndAdministrative": "84259000", "researchAndDevelopment": "None", "operatingExpenses": "185569000", "investmentIncomeNet": "None", "netInterestIncome": "-12357000", "interestIncome": "12357000", "interestExpense": "12357000", "nonInterestIncome": "None", "otherNonOperatingIncome": "None", "depreciation": "None", "depreciationAndAmortization": "126804000", "incomeBeforeTax": "199718000", "incomeTaxExpense": "48502000", "interestAndDebtExpense": "None", "netIncomeFromContinuingOperations": "118410000", "comprehensiveIncomeNetOfTax": "None", "ebit": "167862000", "ebitda": "294666000", "netIncome": "151216000"}, {"fiscalDateEnding": "2019-06-30", "reportedCurrency": "USD", "grossProfit": "398052000", "totalRevenue": "2261647000", "costOfRevenue": "1863595000", "costofGoodsAndServicesSold": "1863595000", "operatingIncome": "193093000", "sellingGeneralAndAdministrative": "107130000", "researchAndDevelopment": "None", "operatingExpenses": "204959000", "investmentIncomeNet": "None", "netInterestIncome": "-14763000", "interestIncome": "14763000", "interestExpense": "14763000", "nonInterestIncome": "None", "otherNonOperatingIncome": "None", "depreciation": "None", "depreciationAndAmortization": "123994000", "incomeBeforeTax": "178330000", "incomeTaxExpense": "44697000", "interestAndDebtExpense": "None", "netIncomeFromContinuingOperations": "133633000", "comprehensiveIncomeNetOfTax": "None", "ebit": "193093000", "ebitda": "317087000", "netIncome": "133633000"}, {"fiscalDateEnding": "2019-03-31", "reportedCurrency": "USD", "grossProfit": "341357000", "totalRevenue": "2089627000", "costOfRevenue": "1748270000", "costofGoodsAndServicesSold": "1748270000", "operatingIncome": "167795000", "sellingGeneralAndAdministrative": "82230000", "researchAndDevelopment": "None", "operatingExpenses": "173562000", "investmentIncomeNet": "None", "netInterestIncome": "-13033000", "interestIncome": "None", "interestExpense": "13033000", "nonInterestIncome": "None", "otherNonOperatingIncome": "None", "depreciation": "None", "depreciationAndAmortization": "119930000", "incomeBeforeTax": "154762000", "incomeTaxExpense": "35161000", "interestAndDebtExpense": "None", "netIncomeFromContinuingOperations": "119601000", "comprehensiveIncomeNetOfTax": "None", "ebit": "167795000", "ebitda": "287725000", "netIncome": "119601000"}, {"fiscalDateEnding": "2018-12-31", "reportedCurrency": "USD", "grossProfit": "299775000", "totalRevenue": "2317842000", "costOfRevenue": "2018067000", "costofGoodsAndServicesSold": "2018067000", "operatingIncome": "122739000", "sellingGeneralAndAdministrative": "85804000", "researchAndDevelopment": "0", "operatingExpenses": "177036000", "investmentIncomeNet": "None", "netInterestIncome": "None", "interestIncome": "None", "interestExpense": "11458000", "nonInterestIncome": "None", "otherNonOperatingIncome": "224000", "depreciation": "None", "depreciationAndAmortization": "114086000", "incomeBeforeTax": "111505000", "incomeTaxExpense": "22824000", "interestAndDebtExpense": "None", "netIncomeFromContinuingOperations": "88681000", "comprehensiveIncomeNetOfTax": "None", "ebit": "122739000", "ebitda": "236825000", "netIncome": "88681000"}, {"fiscalDateEnding": "2018-09-30", "reportedCurrency": "USD", "grossProfit": "362247000", "totalRevenue": "2209760000", "costOfRevenue": "1847513000", "costofGoodsAndServicesSold": "1847513000", "operatingIncome": "174688000", "sellingGeneralAndAdministrative": "95131000", "researchAndDevelopment": "0", "operatingExpenses": "187559000", "investmentIncomeNet": "None", "netInterestIncome": "None", "interestIncome": "None", "interestExpense": "9961000", "nonInterestIncome": "None", "otherNonOperatingIncome": "None", "depreciation": "None", "depreciationAndAmortization": "108801000", "incomeBeforeTax": "164727000", "incomeTaxExpense": "33617000", "interestAndDebtExpense": "None", "netIncomeFromContinuingOperations": "131110000", "comprehensiveIncomeNetOfTax": "None", "ebit": "174688000", "ebitda": "283489000", "netIncome": "131110000"}, {"fiscalDateEnding": "2018-06-30", "reportedCurrency": "USD", "grossProfit": "377573000", "totalRevenue": "2139027000", "costOfRevenue": "1761454000", "costofGoodsAndServicesSold": "1761454000", "operatingIncome": "214812000", "sellingGeneralAndAdministrative": "74081000", "researchAndDevelopment": "0", "operatingExpenses": "162761000", "investmentIncomeNet": "None", "netInterestIncome": "None", "interestIncome": "None", "interestExpense": "9855000", "nonInterestIncome": "None", "otherNonOperatingIncome": "None", "depreciation": "None", "depreciationAndAmortization": "107423000", "incomeBeforeTax": "204957000", "incomeTaxExpense": "53305000", "interestAndDebtExpense": "None", "netIncomeFromContinuingOperations": "151652000", "comprehensiveIncomeNetOfTax": "None", "ebit": "214812000", "ebitda": "322235000", "netIncome": "151652000"}, {"fiscalDateEnding": "2018-03-31", "reportedCurrency": "USD", "grossProfit": "319624000", "totalRevenue": "1948245000", "costOfRevenue": "1628621000", "costofGoodsAndServicesSold": "1628621000", "operatingIncome": "168781000", "sellingGeneralAndAdministrative": "68574000", "researchAndDevelopment": "0", "operatingExpenses": "150843000", "investmentIncomeNet": "None", "netInterestIncome": "None", "interestIncome": "None", "interestExpense": "9152000", "nonInterestIncome": "None", "otherNonOperatingIncome": "None", "depreciation": "None", "depreciationAndAmortization": "105583000", "incomeBeforeTax": "159629000", "incomeTaxExpense": "41487000", "interestAndDebtExpense": "None", "netIncomeFromContinuingOperations": "118142000", "comprehensiveIncomeNetOfTax": "None", "ebit": "168781000", "ebitda": "274364000", "netIncome": "118142000"}, {"fiscalDateEnding": "2017-12-31", "reportedCurrency": "USD", "grossProfit": "331039000", "totalRevenue": "1990160000", "costOfRevenue": "1659121000", "costofGoodsAndServicesSold": "1659121000", "operatingIncome": "145814000", "sellingGeneralAndAdministrative": "105575000", "researchAndDevelopment": "0", "operatingExpenses": "185225000", "investmentIncomeNet": "None", "netInterestIncome": "None", "interestIncome": "None", "interestExpense": "6030000", "nonInterestIncome": "None", "otherNonOperatingIncome": "235000", "depreciation": "None", "depreciationAndAmortization": "102320000", "incomeBeforeTax": "139784000", "incomeTaxExpense": "-245524000", "interestAndDebtExpense": "None", "netIncomeFromContinuingOperations": "385307000", "comprehensiveIncomeNetOfTax": "None", "ebit": "148913000", "ebitda": "251233000", "netIncome": "385308000"}, {"fiscalDateEnding": "2017-09-30", "reportedCurrency": "USD", "grossProfit": "304884000", "totalRevenue": "1843334000", "costOfRevenue": "1538450000", "costofGoodsAndServicesSold": "1538450000", "operatingIncome": "164972000", "sellingGeneralAndAdministrative": "61590000", "researchAndDevelopment": "0", "operatingExpenses": "139912000", "investmentIncomeNet": "None", "netInterestIncome": "None", "interestIncome": "None", "interestExpense": "8310000", "nonInterestIncome": "None", "otherNonOperatingIncome": "None", "depreciation": "None", "depreciationAndAmortization": "95960000", "incomeBeforeTax": "156662000", "incomeTaxExpense": "56277000", "interestAndDebtExpense": "None", "netIncomeFromContinuingOperations": "100385000", "comprehensiveIncomeNetOfTax": "None", "ebit": "164972000", "ebitda": "260932000", "netIncome": "100385000"}, {"fiscalDateEnding": "2017-06-30", "reportedCurrency": "USD", "grossProfit": "293798000", "totalRevenue": "1726915000", "costOfRevenue": "1433117000", "costofGoodsAndServicesSold": "1433117000", "operatingIncome": "163615000", "sellingGeneralAndAdministrative": "54792000", "researchAndDevelopment": "0", "operatingExpenses": "130183000", "investmentIncomeNet": "None", "netInterestIncome": "None", "interestIncome": "None", "interestExpense": "7393000", "nonInterestIncome": "None", "otherNonOperatingIncome": "None", "depreciation": "None", "depreciationAndAmortization": "93049000", "incomeBeforeTax": "156222000", "incomeTaxExpense": "58353000", "interestAndDebtExpense": "None", "netIncomeFromContinuingOperations": "97869000", "comprehensiveIncomeNetOfTax": "None", "ebit": "163615000", "ebitda": "256664000", "netIncome": "97869000"}, {"fiscalDateEnding": "2017-03-31", "reportedCurrency": "USD", "grossProfit": "269573000", "totalRevenue": "1629158000", "costOfRevenue": "1359585000", "costofGoodsAndServicesSold": "1359585000", "operatingIncome": "149389000", "sellingGeneralAndAdministrative": "51482000", "researchAndDevelopment": "0", "operatingExpenses": "120184000", "investmentIncomeNet": "None", "netInterestIncome": "None", "interestIncome": "None", "interestExpense": "6817000", "nonInterestIncome": "None", "otherNonOperatingIncome": "None", "depreciation": "None", "depreciationAndAmortization": "92189000", "incomeBeforeTax": "142572000", "incomeTaxExpense": "39870000", "interestAndDebtExpense": "None", "netIncomeFromContinuingOperations": "102702000", "comprehensiveIncomeNetOfTax": "None", "ebit": "149389000", "ebitda": "241578000", "netIncome": "102702000"}, {"fiscalDateEnding": "2016-12-31", "reportedCurrency": "USD", "grossProfit": "316579000", "totalRevenue": "1721062000", "costOfRevenue": "1404483000", "costofGoodsAndServicesSold": "1404483000", "operatingIncome": "194361000", "sellingGeneralAndAdministrative": "50419000", "researchAndDevelopment": "0", "operatingExpenses": "122218000", "investmentIncomeNet": "None", "netInterestIncome": "None", "interestIncome": "None", "interestExpense": "5876000", "nonInterestIncome": "None", "otherNonOperatingIncome": "71000", "depreciation": "None", "depreciationAndAmortization": "91793000", "incomeBeforeTax": "188485000", "incomeTaxExpense": "70929000", "interestAndDebtExpense": "None", "netIncomeFromContinuingOperations": "117556000", "comprehensiveIncomeNetOfTax": "None", "ebit": "179161000", "ebitda": "270954000", "netIncome": "117556000"}, {"fiscalDateEnding": "2016-09-30", "reportedCurrency": "USD", "grossProfit": "304724000", "totalRevenue": "1690659000", "costOfRevenue": "1385935000", "costofGoodsAndServicesSold": "1385935000", "operatingIncome": "182977000", "sellingGeneralAndAdministrative": "47891000", "researchAndDevelopment": "0", "operatingExpenses": "121747000", "investmentIncomeNet": "None", "netInterestIncome": "None", "interestIncome": "None", "interestExpense": "6485000", "nonInterestIncome": "None", "otherNonOperatingIncome": "None", "depreciation": "None", "depreciationAndAmortization": "91001000", "incomeBeforeTax": "176492000", "incomeTaxExpense": "67067000", "interestAndDebtExpense": "None", "netIncomeFromContinuingOperations": "109425000", "comprehensiveIncomeNetOfTax": "None", "ebit": "182977000", "ebitda": "273978000", "netIncome": "109425000"}, {"fiscalDateEnding": "2016-06-30", "reportedCurrency": "USD", "grossProfit": "286297000", "totalRevenue": "1615026000", "costOfRevenue": "1328729000", "costofGoodsAndServicesSold": "1328729000", "operatingIncome": "175792000", "sellingGeneralAndAdministrative": "42645000", "researchAndDevelopment": "0", "operatingExpenses": "110505000", "investmentIncomeNet": "None", "netInterestIncome": "None", "interestIncome": "None", "interestExpense": "6420000", "nonInterestIncome": "None", "otherNonOperatingIncome": "None", "depreciation": "None", "depreciationAndAmortization": "90364000", "incomeBeforeTax": "169372000", "incomeTaxExpense": "64361000", "interestAndDebtExpense": "None", "netIncomeFromContinuingOperations": "105011000", "comprehensiveIncomeNetOfTax": "None", "ebit": "175792000", "ebitda": "266156000", "netIncome": "105011000"}, {"fiscalDateEnding": "2016-03-31", "reportedCurrency": "USD", "grossProfit": "278033000", "totalRevenue": "1528712000", "costOfRevenue": "1250679000", "costofGoodsAndServicesSold": "1250679000", "operatingIncome": "167890000", "sellingGeneralAndAdministrative": "44480000", "researchAndDevelopment": "0", "operatingExpenses": "110143000", "investmentIncomeNet": "None", "netInterestIncome": "None", "interestIncome": "None", "interestExpense": "6442000", "nonInterestIncome": "None", "otherNonOperatingIncome": "None", "depreciation": "None", "depreciationAndAmortization": "88352000", "incomeBeforeTax": "161448000", "incomeTaxExpense": "61350000", "interestAndDebtExpense": "None", "netIncomeFromContinuingOperations": "100098000", "comprehensiveIncomeNetOfTax": "None", "ebit": "167890000", "ebitda": "256242000", "netIncome": "100098000"}, {"fiscalDateEnding": "2015-12-31", "reportedCurrency": "USD", "grossProfit": "299362000", "totalRevenue": "1621015000", "costOfRevenue": "1321653000", "costofGoodsAndServicesSold": "1321653000", "operatingIncome": "192893000", "sellingGeneralAndAdministrative": "38790000", "researchAndDevelopment": "0", "operatingExpenses": "106469000", "investmentIncomeNet": "None", "netInterestIncome": "None", "interestIncome": "None", "interestExpense": "4290000", "nonInterestIncome": "None", "otherNonOperatingIncome": "86000", "depreciation": "None", "depreciationAndAmortization": "88374000", "incomeBeforeTax": "188603000", "incomeTaxExpense": "71857000", "interestAndDebtExpense": "None", "netIncomeFromContinuingOperations": "116745000", "comprehensiveIncomeNetOfTax": "None", "ebit": "192893000", "ebitda": "281267000", "netIncome": "116746000"}, {"fiscalDateEnding": "2015-09-30", "reportedCurrency": "USD", "grossProfit": "301739000", "totalRevenue": "1586494000", "costOfRevenue": "1284755000", "costofGoodsAndServicesSold": "1284755000", "operatingIncome": "193846000", "sellingGeneralAndAdministrative": "39911000", "researchAndDevelopment": "0", "operatingExpenses": "107893000", "investmentIncomeNet": "None", "netInterestIncome": "None", "interestIncome": "None", "interestExpense": "7838000", "nonInterestIncome": "None", "otherNonOperatingIncome": "None", "depreciation": "None", "depreciationAndAmortization": "86201000", "incomeBeforeTax": "186008000", "incomeTaxExpense": "70869000", "interestAndDebtExpense": "None", "netIncomeFromContinuingOperations": "115139000", "comprehensiveIncomeNetOfTax": "None", "ebit": "193846000", "ebitda": "280047000", "netIncome": "115139000"}, {"fiscalDateEnding": "2015-06-30", "reportedCurrency": "USD", "grossProfit": "292277000", "totalRevenue": "1539957000", "costOfRevenue": "1247680000", "costofGoodsAndServicesSold": "1247680000", "operatingIncome": "173735000", "sellingGeneralAndAdministrative": "51090000", "researchAndDevelopment": "0", "operatingExpenses": "118542000", "investmentIncomeNet": "None", "netInterestIncome": "None", "interestIncome": "None", "interestExpense": "6661000", "nonInterestIncome": "None", "otherNonOperatingIncome": "None", "depreciation": "None", "depreciationAndAmortization": "83660000", "incomeBeforeTax": "167074000", "incomeTaxExpense": "63655000", "interestAndDebtExpense": "None", "netIncomeFromContinuingOperations": "103419000", "comprehensiveIncomeNetOfTax": "None", "ebit": "173736000", "ebitda": "257396000", "netIncome": "103419000"}, {"fiscalDateEnding": "2015-03-31", "reportedCurrency": "USD", "grossProfit": "252794000", "totalRevenue": "1440180000", "costOfRevenue": "1187386000", "costofGoodsAndServicesSold": "1187386000", "operatingIncome": "155220000", "sellingGeneralAndAdministrative": "37005000", "researchAndDevelopment": "0", "operatingExpenses": "97574000", "investmentIncomeNet": "None", "netInterestIncome": "None", "interestIncome": "None", "interestExpense": "6703000", "nonInterestIncome": "None", "otherNonOperatingIncome": "None", "depreciation": "None", "depreciationAndAmortization": "81378000", "incomeBeforeTax": "148518000", "incomeTaxExpense": "56585000", "interestAndDebtExpense": "None", "netIncomeFromContinuingOperations": "91932000", "comprehensiveIncomeNetOfTax": "None", "ebit": "155220000", "ebitda": "236598000", "netIncome": "91932000"}, {"fiscalDateEnding": "2014-12-31", "reportedCurrency": "USD", "grossProfit": "288486000", "totalRevenue": "1609511000", "costOfRevenue": "1321025000", "costofGoodsAndServicesSold": "1321025000", "operatingIncome": "182905000", "sellingGeneralAndAdministrative": "42702000", "researchAndDevelopment": "0", "operatingExpenses": "105581000", "investmentIncomeNet": "None", "netInterestIncome": "None", "interestIncome": "None", "interestExpense": "5670000", "nonInterestIncome": "None", "otherNonOperatingIncome": "87000", "depreciation": "None", "depreciationAndAmortization": "78387000", "incomeBeforeTax": "177322000", "incomeTaxExpense": "67016000", "interestAndDebtExpense": "None", "netIncomeFromContinuingOperations": "110306000", "comprehensiveIncomeNetOfTax": "None", "ebit": "182904999", "ebitda": "261291999", "netIncome": "110306000"}, {"fiscalDateEnding": "2014-09-30", "reportedCurrency": "USD", "grossProfit": "281039000", "totalRevenue": "1601156000", "costOfRevenue": "1320117000", "costofGoodsAndServicesSold": "1320117000", "operatingIncome": "172100000", "sellingGeneralAndAdministrative": "42068000", "researchAndDevelopment": "0", "operatingExpenses": "108939000", "investmentIncomeNet": "None", "netInterestIncome": "None", "interestIncome": "None", "interestExpense": "6649000", "nonInterestIncome": "None", "otherNonOperatingIncome": "None", "depreciation": "None", "depreciationAndAmortization": "75416000", "incomeBeforeTax": "165451000", "incomeTaxExpense": "63037000", "interestAndDebtExpense": "None", "netIncomeFromContinuingOperations": "102414000", "comprehensiveIncomeNetOfTax": "None", "ebit": "172100000", "ebitda": "247516000", "netIncome": "102414000"}, {"fiscalDateEnding": "2014-06-30", "reportedCurrency": "USD", "grossProfit": "263641000", "totalRevenue": "1547867000", "costOfRevenue": "1284226000", "costofGoodsAndServicesSold": "1284226000", "operatingIncome": "159230000", "sellingGeneralAndAdministrative": "36588000", "researchAndDevelopment": "0", "operatingExpenses": "104411000", "investmentIncomeNet": "None", "netInterestIncome": "None", "interestIncome": "None", "interestExpense": "8329000", "nonInterestIncome": "None", "otherNonOperatingIncome": "None", "depreciation": "None", "depreciationAndAmortization": "71726000", "incomeBeforeTax": "150901000", "incomeTaxExpense": "57493000", "interestAndDebtExpense": "None", "netIncomeFromContinuingOperations": "93408000", "comprehensiveIncomeNetOfTax": "None", "ebit": "159230000", "ebitda": "230956000", "netIncome": "93408000"}, {"fiscalDateEnding": "2014-03-31", "reportedCurrency": "USD", "grossProfit": "208183000", "totalRevenue": "1406908000", "costOfRevenue": "1198725000", "costofGoodsAndServicesSold": "1198725000", "operatingIncome": "117307000", "sellingGeneralAndAdministrative": "31115000", "researchAndDevelopment": "0", "operatingExpenses": "90876000", "investmentIncomeNet": "None", "netInterestIncome": "None", "interestIncome": "None", "interestExpense": "6380000", "nonInterestIncome": "None", "otherNonOperatingIncome": "None", "depreciation": "None", "depreciationAndAmortization": "68967000", "incomeBeforeTax": "110927000", "incomeTaxExpense": "42263000", "interestAndDebtExpense": "None", "netIncomeFromContinuingOperations": "68664000", "comprehensiveIncomeNetOfTax": "None", "ebit": "117307000", "ebitda": "186274000", "netIncome": "68664000"}, {"fiscalDateEnding": "2013-12-31", "reportedCurrency": "USD", "grossProfit": "247988000", "totalRevenue": "1474276000", "costOfRevenue": "1226288000", "costofGoodsAndServicesSold": "1226288000", "operatingIncome": "153533000", "sellingGeneralAndAdministrative": "33088000", "researchAndDevelopment": "0", "operatingExpenses": "94455000", "investmentIncomeNet": "None", "netInterestIncome": "None", "interestIncome": "None", "interestExpense": "4820000", "nonInterestIncome": "None", "otherNonOperatingIncome": "69000", "depreciation": "None", "depreciationAndAmortization": "66076000", "incomeBeforeTax": "148713000", "incomeTaxExpense": "56849000", "interestAndDebtExpense": "None", "netIncomeFromContinuingOperations": "91864000", "comprehensiveIncomeNetOfTax": "None", "ebit": "153533000", "ebitda": "219609000", "netIncome": "91864000"}, {"fiscalDateEnding": "2013-09-30", "reportedCurrency": "USD", "grossProfit": "243206000", "totalRevenue": "1435850000", "costOfRevenue": "1192644000", "costofGoodsAndServicesSold": "1192644000", "operatingIncome": "150729000", "sellingGeneralAndAdministrative": "28931000", "researchAndDevelopment": "0", "operatingExpenses": "92477000", "investmentIncomeNet": "None", "netInterestIncome": "None", "interestIncome": "None", "interestExpense": "5835000", "nonInterestIncome": "None", "otherNonOperatingIncome": "None", "depreciation": "None", "depreciationAndAmortization": "64291000", "incomeBeforeTax": "144894000", "incomeTaxExpense": "55422000", "interestAndDebtExpense": "None", "netIncomeFromContinuingOperations": "89472000", "comprehensiveIncomeNetOfTax": "None", "ebit": "150729000", "ebitda": "215020000", "netIncome": "89472000"}, {"fiscalDateEnding": "2013-06-30", "reportedCurrency": "USD", "grossProfit": "234248000", "totalRevenue": "1382858000", "costOfRevenue": "1148610000", "costofGoodsAndServicesSold": "1148610000", "operatingIncome": "147407000", "sellingGeneralAndAdministrative": "29173000", "researchAndDevelopment": "0", "operatingExpenses": "86841000", "investmentIncomeNet": "None", "netInterestIncome": "None", "interestIncome": "None", "interestExpense": "6230000", "nonInterestIncome": "None", "otherNonOperatingIncome": "None", "depreciation": "None", "depreciationAndAmortization": "62283000", "incomeBeforeTax": "141177000", "incomeTaxExpense": "53480000", "interestAndDebtExpense": "None", "netIncomeFromContinuingOperations": "87697000", "comprehensiveIncomeNetOfTax": "None", "ebit": "147407000", "ebitda": "209690000", "netIncome": "87697000"}, {"fiscalDateEnding": "2013-03-31", "reportedCurrency": "USD", "grossProfit": "206040000", "totalRevenue": "1291587000", "costOfRevenue": "1085547000", "costofGoodsAndServicesSold": "1085547000", "operatingIncome": "125039000", "sellingGeneralAndAdministrative": "28574000", "researchAndDevelopment": "0", "operatingExpenses": "81001000", "investmentIncomeNet": "None", "netInterestIncome": "None", "interestIncome": "None", "interestExpense": "6256000", "nonInterestIncome": "None", "otherNonOperatingIncome": "None", "depreciation": "None", "depreciationAndAmortization": "60730000", "incomeBeforeTax": "118783000", "incomeTaxExpense": "45434000", "interestAndDebtExpense": "None", "netIncomeFromContinuingOperations": "73349000", "comprehensiveIncomeNetOfTax": "None", "ebit": "125039000", "ebitda": "185769000", "netIncome": "73349000"}, {"fiscalDateEnding": "2012-12-31", "reportedCurrency": "USD", "grossProfit": "224097000", "totalRevenue": "1338136000", "costOfRevenue": "1114039000", "costofGoodsAndServicesSold": "1114039000", "operatingIncome": "143335000", "sellingGeneralAndAdministrative": "28239000", "researchAndDevelopment": "0", "operatingExpenses": "80762000", "investmentIncomeNet": "None", "netInterestIncome": "None", "interestIncome": "None", "interestExpense": "5296000", "nonInterestIncome": "None", "otherNonOperatingIncome": "1000", "depreciation": "None", "depreciationAndAmortization": "59046000", "incomeBeforeTax": "138039000", "incomeTaxExpense": "54062000", "interestAndDebtExpense": "None", "netIncomeFromContinuingOperations": "83978000", "comprehensiveIncomeNetOfTax": "None", "ebit": "143336000", "ebitda": "202382000", "netIncome": "83977000"}, {"fiscalDateEnding": "2012-09-30", "reportedCurrency": "USD", "grossProfit": "461105000", "totalRevenue": "1295792000", "costOfRevenue": "834687000", "costofGoodsAndServicesSold": "834687000", "operatingIncome": "133052000", "sellingGeneralAndAdministrative": "270280000", "researchAndDevelopment": "0", "operatingExpenses": "328053000", "investmentIncomeNet": "None", "netInterestIncome": "None", "interestIncome": "None", "interestExpense": "6346000", "nonInterestIncome": "None", "otherNonOperatingIncome": "None", "depreciation": "None", "depreciationAndAmortization": "57773000", "incomeBeforeTax": "126706000", "incomeTaxExpense": "48465000", "interestAndDebtExpense": "None", "netIncomeFromContinuingOperations": "78241000", "comprehensiveIncomeNetOfTax": "None", "ebit": "133052000", "ebitda": "190825000", "netIncome": "78241000"}, {"fiscalDateEnding": "2012-06-30", "reportedCurrency": "USD", "grossProfit": "455662000", "totalRevenue": "1255130000", "costOfRevenue": "799468000", "costofGoodsAndServicesSold": "799468000", "operatingIncome": "137215000", "sellingGeneralAndAdministrative": "262220000", "researchAndDevelopment": "0", "operatingExpenses": "318447000", "investmentIncomeNet": "None", "netInterestIncome": "None", "interestIncome": "None", "interestExpense": "6929000", "nonInterestIncome": "None", "otherNonOperatingIncome": "None", "depreciation": "None", "depreciationAndAmortization": "56227000", "incomeBeforeTax": "130286000", "incomeTaxExpense": "49835000", "interestAndDebtExpense": "None", "netIncomeFromContinuingOperations": "80451000", "comprehensiveIncomeNetOfTax": "None", "ebit": "137215000", "ebitda": "193442000", "netIncome": "80451000"}, {"fiscalDateEnding": "2012-03-31", "reportedCurrency": "USD", "grossProfit": "426756000", "totalRevenue": "1165922000", "costOfRevenue": "739166000", "costofGoodsAndServicesSold": "739166000", "operatingIncome": "116597000", "sellingGeneralAndAdministrative": "254039000", "researchAndDevelopment": "0", "operatingExpenses": "310159000", "investmentIncomeNet": "None", "netInterestIncome": "None", "interestIncome": "None", "interestExpense": "6987000", "nonInterestIncome": "None", "otherNonOperatingIncome": "None", "depreciation": "None", "depreciationAndAmortization": "56120000", "incomeBeforeTax": "109610000", "incomeTaxExpense": "41926000", "interestAndDebtExpense": "None", "netIncomeFromContinuingOperations": "67684000", "comprehensiveIncomeNetOfTax": "None", "ebit": "116597000", "ebitda": "172717000", "netIncome": "67684000"}, {"fiscalDateEnding": "2011-12-31", "reportedCurrency": "USD", "grossProfit": "444790000", "totalRevenue": "1204937000", "costOfRevenue": "760147000", "costofGoodsAndServicesSold": "760147000", "operatingIncome": "122287000", "sellingGeneralAndAdministrative": "266872000", "researchAndDevelopment": "0", "operatingExpenses": "322503000", "investmentIncomeNet": "None", "netInterestIncome": "None", "interestIncome": "None", "interestExpense": "6222000", "nonInterestIncome": "None", "otherNonOperatingIncome": "8000", "depreciation": "None", "depreciationAndAmortization": "55631000", "incomeBeforeTax": "116073000", "incomeTaxExpense": "43508000", "interestAndDebtExpense": "None", "netIncomeFromContinuingOperations": "42285000", "comprehensiveIncomeNetOfTax": "None", "ebit": "122295000", "ebitda": "177926000", "netIncome": "72565000"}, {"fiscalDateEnding": "2011-09-30", "reportedCurrency": "USD", "grossProfit": "435180000", "totalRevenue": "1171270000", "costOfRevenue": "736090000", "costofGoodsAndServicesSold": "736090000", "operatingIncome": "118680000", "sellingGeneralAndAdministrative": "262096000", "researchAndDevelopment": "0", "operatingExpenses": "316500000", "investmentIncomeNet": "None", "netInterestIncome": "None", "interestIncome": "None", "interestExpense": "7145000", "nonInterestIncome": "None", "otherNonOperatingIncome": "None", "depreciation": "None", "depreciationAndAmortization": "54404000", "incomeBeforeTax": "111535000", "incomeTaxExpense": "42885000", "interestAndDebtExpense": "None", "netIncomeFromContinuingOperations": "68650000", "comprehensiveIncomeNetOfTax": "None", "ebit": "118680000", "ebitda": "173084000", "netIncome": "68650000"}, {"fiscalDateEnding": "2011-06-30", "reportedCurrency": "USD", "grossProfit": "428971000", "totalRevenue": "1149855000", "costOfRevenue": "720884000", "costofGoodsAndServicesSold": "720884000", "operatingIncome": "113443000", "sellingGeneralAndAdministrative": "262977000", "researchAndDevelopment": "0", "operatingExpenses": "315528000", "investmentIncomeNet": "None", "netInterestIncome": "None", "interestIncome": "None", "interestExpense": "6706000", "nonInterestIncome": "None", "otherNonOperatingIncome": "None", "depreciation": "None", "depreciationAndAmortization": "52551000", "incomeBeforeTax": "106737000", "incomeTaxExpense": "41041000", "interestAndDebtExpense": "None", "netIncomeFromContinuingOperations": "79108000", "comprehensiveIncomeNetOfTax": "None", "ebit": "113443000", "ebitda": "165994000", "netIncome": "65696000"}, {"fiscalDateEnding": "2011-03-31", "reportedCurrency": "USD", "grossProfit": "411299000", "totalRevenue": "1000780000", "costOfRevenue": "589481000", "costofGoodsAndServicesSold": "589481000", "operatingIncome": "89823000", "sellingGeneralAndAdministrative": "243777000", "researchAndDevelopment": "0", "operatingExpenses": "301782000", "investmentIncomeNet": "None", "netInterestIncome": "None", "interestIncome": "None", "interestExpense": "8434000", "nonInterestIncome": "None", "otherNonOperatingIncome": "None", "depreciation": "None", "depreciationAndAmortization": "51357000", "incomeBeforeTax": "81389000", "incomeTaxExpense": "31294000", "interestAndDebtExpense": "None", "netIncomeFromContinuingOperations": "66963000", "comprehensiveIncomeNetOfTax": "None", "ebit": "89823000", "ebitda": "141180000", "netIncome": "50095000"}, {"fiscalDateEnding": "2010-12-31", "reportedCurrency": "USD", "grossProfit": "431119000", "totalRevenue": "1020012000", "costOfRevenue": "588893000", "costofGoodsAndServicesSold": "588893000", "operatingIncome": "97348000", "sellingGeneralAndAdministrative": "249740000", "researchAndDevelopment": "0", "operatingExpenses": "306697000", "investmentIncomeNet": "None", "netInterestIncome": "None", "interestIncome": "None", "interestExpense": "8164000", "nonInterestIncome": "None", "otherNonOperatingIncome": "None", "depreciation": "None", "depreciationAndAmortization": "50094000", "incomeBeforeTax": "89184000", "incomeTaxExpense": "31331000", "interestAndDebtExpense": "None", "netIncomeFromContinuingOperations": "0", "comprehensiveIncomeNetOfTax": "None", "ebit": "27937000", "ebitda": "78031000", "netIncome": "57853000"}, {"fiscalDateEnding": "2010-09-30", "reportedCurrency": "USD", "grossProfit": "426349000", "totalRevenue": "986024000", "costOfRevenue": "559675000", "costofGoodsAndServicesSold": "559675000", "operatingIncome": "91490000", "sellingGeneralAndAdministrative": "255175000", "researchAndDevelopment": "0", "operatingExpenses": "311773000", "investmentIncomeNet": "None", "netInterestIncome": "None", "interestIncome": "None", "interestExpense": "6662000", "nonInterestIncome": "None", "otherNonOperatingIncome": "None", "depreciation": "None", "depreciationAndAmortization": "49808000", "incomeBeforeTax": "84828000", "incomeTaxExpense": "32659000", "interestAndDebtExpense": "None", "netIncomeFromContinuingOperations": "65493000", "comprehensiveIncomeNetOfTax": "None", "ebit": "91490000", "ebitda": "141298000", "netIncome": "52169000"}, {"fiscalDateEnding": "2010-06-30", "reportedCurrency": "USD", "grossProfit": "411857000", "totalRevenue": "942776000", "costOfRevenue": "530919000", "costofGoodsAndServicesSold": "530919000", "operatingIncome": "91347000", "sellingGeneralAndAdministrative": "241357000", "researchAndDevelopment": "0", "operatingExpenses": "297212000", "investmentIncomeNet": "None", "netInterestIncome": "None", "interestIncome": "None", "interestExpense": "6611000", "nonInterestIncome": "None", "otherNonOperatingIncome": "None", "depreciation": "None", "depreciationAndAmortization": "49148000", "incomeBeforeTax": "84736000", "incomeTaxExpense": "32623000", "interestAndDebtExpense": "None", "netIncomeFromContinuingOperations": "65335000", "comprehensiveIncomeNetOfTax": "None", "ebit": "91347000", "ebitda": "140495000", "netIncome": "52113000"}, {"fiscalDateEnding": "2010-03-31", "reportedCurrency": "USD", "grossProfit": "365036000", "totalRevenue": "844673000", "costOfRevenue": "479637000", "costofGoodsAndServicesSold": "479637000", "operatingIncome": "67440000", "sellingGeneralAndAdministrative": "219948000", "researchAndDevelopment": "0", "operatingExpenses": "274494000", "investmentIncomeNet": "None", "netInterestIncome": "None", "interestIncome": "None", "interestExpense": "6494000", "nonInterestIncome": "None", "otherNonOperatingIncome": "None", "depreciation": "None", "depreciationAndAmortization": "48012000", "incomeBeforeTax": "60946000", "incomeTaxExpense": "23464000", "interestAndDebtExpense": "None", "netIncomeFromContinuingOperations": "0", "comprehensiveIncomeNetOfTax": "None", "ebit": "67440000", "ebitda": "115452000", "netIncome": "37482000"}, {"fiscalDateEnding": "2009-12-31", "reportedCurrency": "USD", "grossProfit": "376398000", "totalRevenue": "876952000", "costOfRevenue": "500554000", "costofGoodsAndServicesSold": "500554000", "operatingIncome": "72936000", "sellingGeneralAndAdministrative": "223313000", "researchAndDevelopment": "0", "operatingExpenses": "277916000", "investmentIncomeNet": "None", "netInterestIncome": "None", "interestIncome": "None", "interestExpense": "6455000", "nonInterestIncome": "None", "otherNonOperatingIncome": "None", "depreciation": "None", "depreciationAndAmortization": "47490000", "incomeBeforeTax": "70221000", "incomeTaxExpense": "28556000", "interestAndDebtExpense": "None", "netIncomeFromContinuingOperations": "0", "comprehensiveIncomeNetOfTax": "None", "ebit": "76676000", "ebitda": "124166000", "netIncome": "41665000"}, {"fiscalDateEnding": "2009-09-30", "reportedCurrency": "USD", "grossProfit": "368100000", "totalRevenue": "833749000", "costOfRevenue": "465649000", "costofGoodsAndServicesSold": "465649000", "operatingIncome": "70954000", "sellingGeneralAndAdministrative": "218432000", "researchAndDevelopment": "0", "operatingExpenses": "272514000", "investmentIncomeNet": "None", "netInterestIncome": "None", "interestIncome": "None", "interestExpense": "6308000", "nonInterestIncome": "None", "otherNonOperatingIncome": "None", "depreciation": "None", "depreciationAndAmortization": "47098000", "incomeBeforeTax": "64875000", "incomeTaxExpense": "24912000", "interestAndDebtExpense": "None", "netIncomeFromContinuingOperations": "0", "comprehensiveIncomeNetOfTax": "None", "ebit": "95586000", "ebitda": "142684000", "netIncome": "39963000"}, {"fiscalDateEnding": "2009-06-30", "reportedCurrency": "USD", "grossProfit": "345696000", "totalRevenue": "769784000", "costOfRevenue": "424088000", "costofGoodsAndServicesSold": "424088000", "operatingIncome": "47091000", "sellingGeneralAndAdministrative": "216773000", "researchAndDevelopment": "0", "operatingExpenses": "270889000", "investmentIncomeNet": "None", "netInterestIncome": "None", "interestIncome": "None", "interestExpense": "7637000", "nonInterestIncome": "None", "otherNonOperatingIncome": "None", "depreciation": "None", "depreciationAndAmortization": "47094000", "incomeBeforeTax": "39363000", "incomeTaxExpense": "15314000", "interestAndDebtExpense": "None", "netIncomeFromContinuingOperations": "0", "comprehensiveIncomeNetOfTax": "None", "ebit": "74807000", "ebitda": "121901000", "netIncome": "24049000"}, {"fiscalDateEnding": "2009-03-31", "reportedCurrency": "USD", "grossProfit": "340407000", "totalRevenue": "722835000", "costOfRevenue": "382428000", "costofGoodsAndServicesSold": "382428000", "operatingIncome": "56990000", "sellingGeneralAndAdministrative": "205459000", "researchAndDevelopment": "0", "operatingExpenses": "259717000", "investmentIncomeNet": "None", "netInterestIncome": "None", "interestIncome": "None", "interestExpense": "6910000", "nonInterestIncome": "None", "otherNonOperatingIncome": "None", "depreciation": "None", "depreciationAndAmortization": "47363000", "incomeBeforeTax": "49609000", "incomeTaxExpense": "18851000", "interestAndDebtExpense": "None", "netIncomeFromContinuingOperations": "0", "comprehensiveIncomeNetOfTax": "None", "ebit": "80690000", "ebitda": "128053000", "netIncome": "30758000"}, {"fiscalDateEnding": "2008-12-31", "reportedCurrency": "USD", "grossProfit": "399654000", "totalRevenue": "879787000", "costOfRevenue": "480133000", "costofGoodsAndServicesSold": "480133000", "operatingIncome": "86051000", "sellingGeneralAndAdministrative": "240102000", "researchAndDevelopment": "0", "operatingExpenses": "283907000", "investmentIncomeNet": "None", "netInterestIncome": "None", "interestIncome": "None", "interestExpense": "3571000", "nonInterestIncome": "None", "otherNonOperatingIncome": "None", "depreciation": "None", "depreciationAndAmortization": "50354000", "incomeBeforeTax": "83047000", "incomeTaxExpense": "29771000", "interestAndDebtExpense": "None", "netIncomeFromContinuingOperations": "0", "comprehensiveIncomeNetOfTax": "None", "ebit": "86618000", "ebitda": "136972000", "netIncome": "53276000"}, {"fiscalDateEnding": "2008-09-30", "reportedCurrency": "USD", "grossProfit": "609653000", "totalRevenue": "996434000", "costOfRevenue": "386781000", "costofGoodsAndServicesSold": "386781000", "operatingIncome": "106266000", "sellingGeneralAndAdministrative": "3646000", "researchAndDevelopment": "0", "operatingExpenses": "475667000", "investmentIncomeNet": "None", "netInterestIncome": "None", "interestIncome": "None", "interestExpense": "9694000", "nonInterestIncome": "None", "otherNonOperatingIncome": "None", "depreciation": "None", "depreciationAndAmortization": "50666000", "incomeBeforeTax": "96539000", "incomeTaxExpense": "36239000", "interestAndDebtExpense": "None", "netIncomeFromContinuingOperations": "0", "comprehensiveIncomeNetOfTax": "None", "ebit": "106233000", "ebitda": "156899000", "netIncome": "60300000"}, {"fiscalDateEnding": "2008-06-30", "reportedCurrency": "USD", "grossProfit": "415566000", "totalRevenue": "977339000", "costOfRevenue": "561773000", "costofGoodsAndServicesSold": "561773000", "operatingIncome": "94045000", "sellingGeneralAndAdministrative": "229545000", "researchAndDevelopment": "0", "operatingExpenses": "292997000", "investmentIncomeNet": "None", "netInterestIncome": "None", "interestIncome": "None", "interestExpense": "10322000", "nonInterestIncome": "None", "otherNonOperatingIncome": "None", "depreciation": "None", "depreciationAndAmortization": "50728000", "incomeBeforeTax": "82957000", "incomeTaxExpense": "32353000", "interestAndDebtExpense": "None", "netIncomeFromContinuingOperations": "0", "comprehensiveIncomeNetOfTax": "None", "ebit": "93279000", "ebitda": "144007000", "netIncome": "50604000"}, {"fiscalDateEnding": "2008-03-31", "reportedCurrency": "USD", "grossProfit": "353813000", "totalRevenue": "878383000", "costOfRevenue": "524570000", "costofGoodsAndServicesSold": "524570000", "operatingIncome": "72055000", "sellingGeneralAndAdministrative": "27333000", "researchAndDevelopment": "0", "operatingExpenses": "824130000", "investmentIncomeNet": "None", "netInterestIncome": "None", "interestIncome": "None", "interestExpense": "11750000", "nonInterestIncome": "None", "otherNonOperatingIncome": "None", "depreciation": "None", "depreciationAndAmortization": "50539000", "incomeBeforeTax": "59694000", "incomeTaxExpense": "23281000", "interestAndDebtExpense": "None", "netIncomeFromContinuingOperations": "0", "comprehensiveIncomeNetOfTax": "None", "ebit": "71444000", "ebitda": "121983000", "netIncome": "36413000"}, {"fiscalDateEnding": "2007-12-31", "reportedCurrency": "USD", "grossProfit": "397643000", "totalRevenue": "944950000", "costOfRevenue": "547307000", "costofGoodsAndServicesSold": "547307000", "operatingIncome": "96264000", "sellingGeneralAndAdministrative": "36726000", "researchAndDevelopment": "0", "operatingExpenses": "866596000", "investmentIncomeNet": "None", "netInterestIncome": "None", "interestIncome": "None", "interestExpense": "12156000", "nonInterestIncome": "None", "otherNonOperatingIncome": "None", "depreciation": "None", "depreciationAndAmortization": "52787000", "incomeBeforeTax": "84220000", "incomeTaxExpense": "29897000", "interestAndDebtExpense": "None", "netIncomeFromContinuingOperations": "0", "comprehensiveIncomeNetOfTax": "None", "ebit": "-468953000", "ebitda": "-416166000", "netIncome": "54323000"}, {"fiscalDateEnding": "2007-09-30", "reportedCurrency": "USD", "grossProfit": "391850000", "totalRevenue": "891638000", "costOfRevenue": "499788000", "costofGoodsAndServicesSold": "499788000", "operatingIncome": "95899000", "sellingGeneralAndAdministrative": "28471000", "researchAndDevelopment": "0", "operatingExpenses": "813408000", "investmentIncomeNet": "None", "netInterestIncome": "None", "interestIncome": "None", "interestExpense": "12764000", "nonInterestIncome": "None", "otherNonOperatingIncome": "None", "depreciation": "None", "depreciationAndAmortization": "52299000", "incomeBeforeTax": "83387000", "incomeTaxExpense": "32604000", "interestAndDebtExpense": "None", "netIncomeFromContinuingOperations": "0", "comprehensiveIncomeNetOfTax": "None", "ebit": "96151000", "ebitda": "148450000", "netIncome": "50783000"}, {"fiscalDateEnding": "2007-06-30", "reportedCurrency": "USD", "grossProfit": "388174000", "totalRevenue": "855860000", "costOfRevenue": "467686000", "costofGoodsAndServicesSold": "467686000", "operatingIncome": "96227000", "sellingGeneralAndAdministrative": "26291000", "researchAndDevelopment": "0", "operatingExpenses": "776407000", "investmentIncomeNet": "None", "netInterestIncome": "None", "interestIncome": "None", "interestExpense": "11011000", "nonInterestIncome": "None", "otherNonOperatingIncome": "None", "depreciation": "None", "depreciationAndAmortization": "50527000", "incomeBeforeTax": "84911000", "incomeTaxExpense": "21054000", "interestAndDebtExpense": "None", "netIncomeFromContinuingOperations": "0", "comprehensiveIncomeNetOfTax": "None", "ebit": "95921000", "ebitda": "146448000", "netIncome": "63857000"}, {"fiscalDateEnding": "2007-03-31", "reportedCurrency": "USD", "grossProfit": "366599000", "totalRevenue": "797451000", "costOfRevenue": "430852000", "costofGoodsAndServicesSold": "430852000", "operatingIncome": "80399000", "sellingGeneralAndAdministrative": "26379000", "researchAndDevelopment": "0", "operatingExpenses": "734355000", "investmentIncomeNet": "None", "netInterestIncome": "None", "interestIncome": "None", "interestExpense": "7591000", "nonInterestIncome": "None", "otherNonOperatingIncome": "None", "depreciation": "None", "depreciationAndAmortization": "49520000", "incomeBeforeTax": "72529000", "incomeTaxExpense": "28359000", "interestAndDebtExpense": "None", "netIncomeFromContinuingOperations": "0", "comprehensiveIncomeNetOfTax": "None", "ebit": "80399000", "ebitda": "129919000", "netIncome": "44170000"}, {"fiscalDateEnding": "2006-12-31", "reportedCurrency": "USD", "grossProfit": "384282000", "totalRevenue": "851568000", "costOfRevenue": "467286000", "costofGoodsAndServicesSold": "467286000", "operatingIncome": "95367000", "sellingGeneralAndAdministrative": "36333000", "researchAndDevelopment": "0", "operatingExpenses": "785658000", "investmentIncomeNet": "None", "netInterestIncome": "None", "interestIncome": "None", "interestExpense": "6757000", "nonInterestIncome": "None", "otherNonOperatingIncome": "None", "depreciation": "None", "depreciationAndAmortization": "49742000", "incomeBeforeTax": "88497000", "incomeTaxExpense": "30693000", "interestAndDebtExpense": "None", "netIncomeFromContinuingOperations": "0", "comprehensiveIncomeNetOfTax": "None", "ebit": "-401376000", "ebitda": "-351634000", "netIncome": "57804000"}, {"fiscalDateEnding": "2006-09-30", "reportedCurrency": "USD", "grossProfit": "393280000", "totalRevenue": "858265000", "costOfRevenue": "464985000", "costofGoodsAndServicesSold": "464985000", "operatingIncome": "100489000", "sellingGeneralAndAdministrative": "22807000", "researchAndDevelopment": "0", "operatingExpenses": "772101000", "investmentIncomeNet": "None", "netInterestIncome": "None", "interestIncome": "None", "interestExpense": "5375000", "nonInterestIncome": "None", "otherNonOperatingIncome": "None", "depreciation": "None", "depreciationAndAmortization": "45812000", "incomeBeforeTax": "94810000", "incomeTaxExpense": "36976000", "interestAndDebtExpense": "None", "netIncomeFromContinuingOperations": "0", "comprehensiveIncomeNetOfTax": "None", "ebit": "100489000", "ebitda": "146301000", "netIncome": "57834000"}, {"fiscalDateEnding": "2006-06-30", "reportedCurrency": "USD", "grossProfit": "381958000", "totalRevenue": "838254000", "costOfRevenue": "456296000", "costofGoodsAndServicesSold": "456296000", "operatingIncome": "95409000", "sellingGeneralAndAdministrative": "24591000", "researchAndDevelopment": "0", "operatingExpenses": "758183000", "investmentIncomeNet": "None", "netInterestIncome": "None", "interestIncome": "None", "interestExpense": "3299000", "nonInterestIncome": "None", "otherNonOperatingIncome": "None", "depreciation": "None", "depreciationAndAmortization": "44520000", "incomeBeforeTax": "90711000", "incomeTaxExpense": "35377000", "interestAndDebtExpense": "None", "netIncomeFromContinuingOperations": "0", "comprehensiveIncomeNetOfTax": "None", "ebit": "95409000", "ebitda": "139929000", "netIncome": "55334000"}, {"fiscalDateEnding": "2006-03-31", "reportedCurrency": "USD", "grossProfit": "356483000", "totalRevenue": "779900000", "costOfRevenue": "423417000", "costofGoodsAndServicesSold": "423417000", "operatingIncome": "81388000", "sellingGeneralAndAdministrative": "21084000", "researchAndDevelopment": "0", "operatingExpenses": "710974000", "investmentIncomeNet": "None", "netInterestIncome": "None", "interestIncome": "None", "interestExpense": "705000", "nonInterestIncome": "None", "otherNonOperatingIncome": "None", "depreciation": "None", "depreciationAndAmortization": "43530000", "incomeBeforeTax": "80295000", "incomeTaxExpense": "31315000", "interestAndDebtExpense": "None", "netIncomeFromContinuingOperations": "0", "comprehensiveIncomeNetOfTax": "None", "ebit": "81388000", "ebitda": "124918000", "netIncome": "48980000"}, {"fiscalDateEnding": "2005-12-31", "reportedCurrency": "USD", "grossProfit": "389361000", "totalRevenue": "858375000", "costOfRevenue": "469014000", "costofGoodsAndServicesSold": "469014000", "operatingIncome": "106625000", "sellingGeneralAndAdministrative": "25788000", "researchAndDevelopment": "0", "operatingExpenses": "768069000", "investmentIncomeNet": "None", "netInterestIncome": "None", "interestIncome": "None", "interestExpense": "1972000", "nonInterestIncome": "None", "otherNonOperatingIncome": "None", "depreciation": "None", "depreciationAndAmortization": "42586000", "incomeBeforeTax": "103342000", "incomeTaxExpense": "38004000", "interestAndDebtExpense": "None", "netIncomeFromContinuingOperations": "0", "comprehensiveIncomeNetOfTax": "None", "ebit": "-378708000", "ebitda": "-336122000", "netIncome": "65338000"}, {"fiscalDateEnding": "2005-09-30", "reportedCurrency": "USD", "grossProfit": "375619000", "totalRevenue": "801140000", "costOfRevenue": "425521000", "costofGoodsAndServicesSold": "425521000", "operatingIncome": "65102000", "sellingGeneralAndAdministrative": "30060000", "researchAndDevelopment": "0", "operatingExpenses": "724354000", "investmentIncomeNet": "None", "netInterestIncome": "None", "interestIncome": "None", "interestExpense": "1567000", "nonInterestIncome": "None", "otherNonOperatingIncome": "None", "depreciation": "None", "depreciationAndAmortization": "41107000", "incomeBeforeTax": "62858000", "incomeTaxExpense": "23015000", "interestAndDebtExpense": "None", "netIncomeFromContinuingOperations": "0", "comprehensiveIncomeNetOfTax": "None", "ebit": "64426000", "ebitda": "105533000", "netIncome": "39843000"}, {"fiscalDateEnding": "2005-06-30", "reportedCurrency": "USD", "grossProfit": "366837000", "totalRevenue": "759206000", "costOfRevenue": "392369000", "costofGoodsAndServicesSold": "392369000", "operatingIncome": "93005000", "sellingGeneralAndAdministrative": "23813000", "researchAndDevelopment": "0", "operatingExpenses": "679276000", "investmentIncomeNet": "None", "netInterestIncome": "None", "interestIncome": "None", "interestExpense": "1758000", "nonInterestIncome": "None", "otherNonOperatingIncome": "None", "depreciation": "None", "depreciationAndAmortization": "40109000", "incomeBeforeTax": "90192000", "incomeTaxExpense": "35561000", "interestAndDebtExpense": "None", "netIncomeFromContinuingOperations": "0", "comprehensiveIncomeNetOfTax": "None", "ebit": "-312439000", "ebitda": "-272330000", "netIncome": "54631000"}, {"fiscalDateEnding": "2005-03-31", "reportedCurrency": "USD", "grossProfit": "337956000", "totalRevenue": "709178000", "costOfRevenue": "371222000", "costofGoodsAndServicesSold": "371222000", "operatingIncome": "79167000", "sellingGeneralAndAdministrative": "21544000", "researchAndDevelopment": "0", "operatingExpenses": "641766000", "investmentIncomeNet": "None", "netInterestIncome": "None", "interestIncome": "None", "interestExpense": "1233000", "nonInterestIncome": "None", "otherNonOperatingIncome": "None", "depreciation": "None", "depreciationAndAmortization": "39232000", "incomeBeforeTax": "77234000", "incomeTaxExpense": "29735000", "interestAndDebtExpense": "None", "netIncomeFromContinuingOperations": "0", "comprehensiveIncomeNetOfTax": "None", "ebit": "-303810000", "ebitda": "-264578000", "netIncome": "47499000"}, {"fiscalDateEnding": "2004-12-31", "reportedCurrency": "USD", "grossProfit": "391500000", "totalRevenue": "770805000", "costOfRevenue": "379305000", "costofGoodsAndServicesSold": "379305000", "operatingIncome": "90163000", "sellingGeneralAndAdministrative": "24919000", "researchAndDevelopment": "0", "operatingExpenses": "692051000", "investmentIncomeNet": "None", "netInterestIncome": "None", "interestIncome": "None", "interestExpense": "338000", "nonInterestIncome": "None", "otherNonOperatingIncome": "None", "depreciation": "None", "depreciationAndAmortization": "38543000", "incomeBeforeTax": "89717000", "incomeTaxExpense": "69935000", "interestAndDebtExpense": "None", "netIncomeFromContinuingOperations": "0", "comprehensiveIncomeNetOfTax": "None", "ebit": "-300551000", "ebitda": "-262008000", "netIncome": "19782000"}]}