{"symbol": "HON", "annualReports": [{"fiscalDateEnding": "2024-12-31", "reportedCurrency": "USD", "grossProfit": "14662000000", "totalRevenue": "38498000000", "costOfRevenue": "23836000000", "costofGoodsAndServicesSold": "23836000000", "operatingIncome": "7213000000", "sellingGeneralAndAdministrative": "5466000000", "researchAndDevelopment": "1536000000", "operatingExpenses": "7449000000", "investmentIncomeNet": "None", "netInterestIncome": "-632000000", "interestIncome": "426000000", "interestExpense": "1058000000", "nonInterestIncome": "None", "otherNonOperatingIncome": "None", "depreciation": "None", "depreciationAndAmortization": "1334000000", "incomeBeforeTax": "7213000000", "incomeTaxExpense": "1508000000", "interestAndDebtExpense": "None", "netIncomeFromContinuingOperations": "5740000000", "comprehensiveIncomeNetOfTax": "None", "ebit": "8271000000", "ebitda": "9605000000", "netIncome": "5705000000"}, {"fiscalDateEnding": "2023-12-31", "reportedCurrency": "USD", "grossProfit": "13667000000", "totalRevenue": "36662000000", "costOfRevenue": "22995000000", "costofGoodsAndServicesSold": "22995000000", "operatingIncome": "7084000000", "sellingGeneralAndAdministrative": "5080000000", "researchAndDevelopment": "1456000000", "operatingExpenses": "6583000000", "investmentIncomeNet": "None", "netInterestIncome": "-405000000", "interestIncome": "302000000", "interestExpense": "765000000", "nonInterestIncome": "None", "otherNonOperatingIncome": "None", "depreciation": "None", "depreciationAndAmortization": "1176000000", "incomeBeforeTax": "7159000000", "incomeTaxExpense": "1501000000", "interestAndDebtExpense": "None", "netIncomeFromContinuingOperations": "5445000000", "comprehensiveIncomeNetOfTax": "None", "ebit": "7084000000", "ebitda": "7084000000", "netIncome": "5658000000"}, {"fiscalDateEnding": "2022-12-31", "reportedCurrency": "USD", "grossProfit": "11641000000", "totalRevenue": "35466000000", "costOfRevenue": "23825000000", "costofGoodsAndServicesSold": "23825000000", "operatingIncome": "6793000000", "sellingGeneralAndAdministrative": "4571000000", "researchAndDevelopment": "1478000000", "operatingExpenses": "5214000000", "investmentIncomeNet": "None", "netInterestIncome": "-414000000", "interestIncome": "138000000", "interestExpense": "414000000", "nonInterestIncome": "None", "otherNonOperatingIncome": "366000000", "depreciation": "None", "depreciationAndAmortization": "1204000000", "incomeBeforeTax": "6379000000", "incomeTaxExpense": "1412000000", "interestAndDebtExpense": "None", "netIncomeFromContinuingOperations": "4967000000", "comprehensiveIncomeNetOfTax": "None", "ebit": "6793000000", "ebitda": "7997000000", "netIncome": "4966000000"}, {"fiscalDateEnding": "2021-12-31", "reportedCurrency": "USD", "grossProfit": "10998000000", "totalRevenue": "34392000000", "costOfRevenue": "23394000000", "costofGoodsAndServicesSold": "23394000000", "operatingIncome": "7578000000", "sellingGeneralAndAdministrative": "3525000000", "researchAndDevelopment": "1333000000", "operatingExpenses": "4798000000", "investmentIncomeNet": "None", "netInterestIncome": "-343000000", "interestIncome": "102000000", "interestExpense": "343000000", "nonInterestIncome": "None", "otherNonOperatingIncome": "1378000000", "depreciation": "None", "depreciationAndAmortization": "1223000000", "incomeBeforeTax": "7235000000", "incomeTaxExpense": "1625000000", "interestAndDebtExpense": "None", "netIncomeFromContinuingOperations": "5610000000", "comprehensiveIncomeNetOfTax": "None", "ebit": "7578000000", "ebitda": "8801000000", "netIncome": "5542000000"}, {"fiscalDateEnding": "2020-12-31", "reportedCurrency": "USD", "grossProfit": "10468000000", "totalRevenue": "32637000000", "costOfRevenue": "22169000000", "costofGoodsAndServicesSold": "22169000000", "operatingIncome": "6371000000", "sellingGeneralAndAdministrative": "3814000000", "researchAndDevelopment": "1334000000", "operatingExpenses": "4772000000", "investmentIncomeNet": "None", "netInterestIncome": "-359000000", "interestIncome": "107000000", "interestExpense": "359000000", "nonInterestIncome": "None", "otherNonOperatingIncome": "675000000", "depreciation": "None", "depreciationAndAmortization": "1002000000", "incomeBeforeTax": "6012000000", "incomeTaxExpense": "1147000000", "interestAndDebtExpense": "None", "netIncomeFromContinuingOperations": "4865000000", "comprehensiveIncomeNetOfTax": "None", "ebit": "6371000000", "ebitda": "7373000000", "netIncome": "4779000000"}, {"fiscalDateEnding": "2019-12-31", "reportedCurrency": "USD", "grossProfit": "12370000000", "totalRevenue": "36709000000", "costOfRevenue": "24339000000", "costofGoodsAndServicesSold": "24339000000", "operatingIncome": "7916000000", "sellingGeneralAndAdministrative": "5519000000", "researchAndDevelopment": "1556000000", "operatingExpenses": "5519000000", "investmentIncomeNet": "None", "netInterestIncome": "-102000000", "interestIncome": "255000000", "interestExpense": "357000000", "nonInterestIncome": "None", "otherNonOperatingIncome": "1065000000", "depreciation": "None", "depreciationAndAmortization": "1088000000", "incomeBeforeTax": "7559000000", "incomeTaxExpense": "1329000000", "interestAndDebtExpense": "None", "netIncomeFromContinuingOperations": "6230000000", "comprehensiveIncomeNetOfTax": "None", "ebit": "7504000000", "ebitda": "8592000000", "netIncome": "6143000000"}, {"fiscalDateEnding": "2018-12-31", "reportedCurrency": "USD", "grossProfit": "12756000000", "totalRevenue": "41802000000", "costOfRevenue": "29046000000", "costofGoodsAndServicesSold": "29046000000", "operatingIncome": "6705000000", "sellingGeneralAndAdministrative": "6051000000", "researchAndDevelopment": "1809000000", "operatingExpenses": "6051000000", "investmentIncomeNet": "None", "netInterestIncome": "-150000000", "interestIncome": "217000000", "interestExpense": "367000000", "nonInterestIncome": "None", "otherNonOperatingIncome": "1149000000", "depreciation": "None", "depreciationAndAmortization": "1116000000", "incomeBeforeTax": "7487000000", "incomeTaxExpense": "659000000", "interestAndDebtExpense": "None", "netIncomeFromContinuingOperations": "6828000000", "comprehensiveIncomeNetOfTax": "None", "ebit": "7902000000", "ebitda": "9018000000", "netIncome": "6765000000"}, {"fiscalDateEnding": "2017-12-31", "reportedCurrency": "USD", "grossProfit": "12959000000", "totalRevenue": "40534000000", "costOfRevenue": "27575000000", "costofGoodsAndServicesSold": "27575000000", "operatingIncome": "7151000000", "sellingGeneralAndAdministrative": "5808000000", "researchAndDevelopment": "1835000000", "operatingExpenses": "5808000000", "investmentIncomeNet": "None", "netInterestIncome": "-165000000", "interestIncome": "151000000", "interestExpense": "316000000", "nonInterestIncome": "None", "otherNonOperatingIncome": "67000000", "depreciation": "None", "depreciationAndAmortization": "1115000000", "incomeBeforeTax": "6902000000", "incomeTaxExpense": "5204000000", "interestAndDebtExpense": "None", "netIncomeFromContinuingOperations": "1698000000", "comprehensiveIncomeNetOfTax": "None", "ebit": "7199000000", "ebitda": "8314000000", "netIncome": "1655000000"}, {"fiscalDateEnding": "2016-12-31", "reportedCurrency": "USD", "grossProfit": "12152000000", "totalRevenue": "39302000000", "costOfRevenue": "27150000000", "costofGoodsAndServicesSold": "27150000000", "operatingIncome": "6683000000", "sellingGeneralAndAdministrative": "5469000000", "researchAndDevelopment": "2143000000", "operatingExpenses": "5469000000", "investmentIncomeNet": "None", "netInterestIncome": "-232000000", "interestIncome": "106000000", "interestExpense": "338000000", "nonInterestIncome": "None", "otherNonOperatingIncome": "102000000", "depreciation": "None", "depreciationAndAmortization": "1030000000", "incomeBeforeTax": "6447000000", "incomeTaxExpense": "1601000000", "interestAndDebtExpense": "None", "netIncomeFromContinuingOperations": "4846000000", "comprehensiveIncomeNetOfTax": "None", "ebit": "6688000000", "ebitda": "7718000000", "netIncome": "4809000000"}, {"fiscalDateEnding": "2015-12-31", "reportedCurrency": "USD", "grossProfit": "11834000000", "totalRevenue": "38581000000", "costOfRevenue": "26747000000", "costofGoodsAndServicesSold": "26747000000", "operatingIncome": "6828000000", "sellingGeneralAndAdministrative": "5006000000", "researchAndDevelopment": "2854000000", "operatingExpenses": "5006000000", "investmentIncomeNet": "None", "netInterestIncome": "None", "interestIncome": "None", "interestExpense": "310000000", "nonInterestIncome": "None", "otherNonOperatingIncome": "68000000", "depreciation": "None", "depreciationAndAmortization": "883000000", "incomeBeforeTax": "6586000000", "incomeTaxExpense": "1739000000", "interestAndDebtExpense": "None", "netIncomeFromContinuingOperations": "4847000000", "comprehensiveIncomeNetOfTax": "None", "ebit": "6828000000", "ebitda": "7711000000", "netIncome": "4768000000"}, {"fiscalDateEnding": "2014-12-31", "reportedCurrency": "USD", "grossProfit": "11349000000", "totalRevenue": "40306000000", "costOfRevenue": "28957000000", "costofGoodsAndServicesSold": "28957000000", "operatingIncome": "5831000000", "sellingGeneralAndAdministrative": "5518000000", "researchAndDevelopment": "2926000000", "operatingExpenses": "5518000000", "investmentIncomeNet": "None", "netInterestIncome": "None", "interestIncome": "None", "interestExpense": "318000000", "nonInterestIncome": "None", "otherNonOperatingIncome": "305000000", "depreciation": "None", "depreciationAndAmortization": "924000000", "incomeBeforeTax": "5818000000", "incomeTaxExpense": "1489000000", "interestAndDebtExpense": "None", "netIncomeFromContinuingOperations": "4329000000", "comprehensiveIncomeNetOfTax": "None", "ebit": "5831000000", "ebitda": "6755000000", "netIncome": "4239000000"}, {"fiscalDateEnding": "2013-12-31", "reportedCurrency": "USD", "grossProfit": "10691000000", "totalRevenue": "39055000000", "costOfRevenue": "28364000000", "costofGoodsAndServicesSold": "28364000000", "operatingIncome": "5501000000", "sellingGeneralAndAdministrative": "5190000000", "researchAndDevelopment": "2773000000", "operatingExpenses": "5190000000", "investmentIncomeNet": "None", "netInterestIncome": "None", "interestIncome": "None", "interestExpense": "327000000", "nonInterestIncome": "None", "otherNonOperatingIncome": "238000000", "depreciation": "None", "depreciationAndAmortization": "989000000", "incomeBeforeTax": "5412000000", "incomeTaxExpense": "1450000000", "interestAndDebtExpense": "None", "netIncomeFromContinuingOperations": "3962000000", "comprehensiveIncomeNetOfTax": "None", "ebit": "5501000000", "ebitda": "6490000000", "netIncome": "3924000000"}, {"fiscalDateEnding": "2012-12-31", "reportedCurrency": "USD", "grossProfit": "9374000000", "totalRevenue": "37665000000", "costOfRevenue": "28291000000", "costofGoodsAndServicesSold": "28291000000", "operatingIncome": "4156000000", "sellingGeneralAndAdministrative": "5218000000", "researchAndDevelopment": "2682000000", "operatingExpenses": "5218000000", "investmentIncomeNet": "None", "netInterestIncome": "None", "interestIncome": "None", "interestExpense": "351000000", "nonInterestIncome": "None", "otherNonOperatingIncome": "70000000", "depreciation": "None", "depreciationAndAmortization": "926000000", "incomeBeforeTax": "3875000000", "incomeTaxExpense": "944000000", "interestAndDebtExpense": "None", "netIncomeFromContinuingOperations": "2931000000", "comprehensiveIncomeNetOfTax": "None", "ebit": "4238000000", "ebitda": "5164000000", "netIncome": "2926000000"}, {"fiscalDateEnding": "2011-12-31", "reportedCurrency": "USD", "grossProfit": "7973000000", "totalRevenue": "36529000000", "costOfRevenue": "28556000000", "costofGoodsAndServicesSold": "28556000000", "operatingIncome": "2574000000", "sellingGeneralAndAdministrative": "5399000000", "researchAndDevelopment": "1799000000", "operatingExpenses": "5399000000", "investmentIncomeNet": "None", "netInterestIncome": "None", "interestIncome": "None", "interestExpense": "376000000", "nonInterestIncome": "None", "otherNonOperatingIncome": "None", "depreciation": "None", "depreciationAndAmortization": "957000000", "incomeBeforeTax": "2282000000", "incomeTaxExpense": "417000000", "interestAndDebtExpense": "None", "netIncomeFromContinuingOperations": "None", "comprehensiveIncomeNetOfTax": "None", "ebit": "2770000000", "ebitda": "3727000000", "netIncome": "2067000000"}, {"fiscalDateEnding": "2010-12-31", "reportedCurrency": "USD", "grossProfit": "7851000000", "totalRevenue": "33370000000", "costOfRevenue": "25519000000", "costofGoodsAndServicesSold": "25519000000", "operatingIncome": "3134000000", "sellingGeneralAndAdministrative": "4717000000", "researchAndDevelopment": "1466000000", "operatingExpenses": "5008000000", "investmentIncomeNet": "None", "netInterestIncome": "None", "interestIncome": "None", "interestExpense": "386000000", "nonInterestIncome": "None", "otherNonOperatingIncome": "95000000", "depreciation": "None", "depreciationAndAmortization": "987000000", "incomeBeforeTax": "2843000000", "incomeTaxExpense": "808000000", "interestAndDebtExpense": "None", "netIncomeFromContinuingOperations": "2035000000", "comprehensiveIncomeNetOfTax": "None", "ebit": "3132000000", "ebitda": "4119000000", "netIncome": "2022000000"}, {"fiscalDateEnding": "2009-12-31", "reportedCurrency": "USD", "grossProfit": "7723000000", "totalRevenue": "30908000000", "costOfRevenue": "23185000000", "costofGoodsAndServicesSold": "23185000000", "operatingIncome": "3382000000", "sellingGeneralAndAdministrative": "4341000000", "researchAndDevelopment": "1330000000", "operatingExpenses": "4341000000", "investmentIncomeNet": "None", "netInterestIncome": "None", "interestIncome": "None", "interestExpense": "459000000", "nonInterestIncome": "None", "otherNonOperatingIncome": "None", "depreciation": "None", "depreciationAndAmortization": "957000000", "incomeBeforeTax": "2978000000", "incomeTaxExpense": "789000000", "interestAndDebtExpense": "None", "netIncomeFromContinuingOperations": "None", "comprehensiveIncomeNetOfTax": "None", "ebit": "2506000000", "ebitda": "3463000000", "netIncome": "2153000000"}, {"fiscalDateEnding": "2008-12-31", "reportedCurrency": "USD", "grossProfit": "8562000000", "totalRevenue": "36556000000", "costOfRevenue": "27994000000", "costofGoodsAndServicesSold": "27994000000", "operatingIncome": "3529000000", "sellingGeneralAndAdministrative": "5033000000", "researchAndDevelopment": "1543000000", "operatingExpenses": "5033000000", "investmentIncomeNet": "None", "netInterestIncome": "None", "interestIncome": "None", "interestExpense": "456000000", "nonInterestIncome": "None", "otherNonOperatingIncome": "None", "depreciation": "None", "depreciationAndAmortization": "903000000", "incomeBeforeTax": "3801000000", "incomeTaxExpense": "1009000000", "interestAndDebtExpense": "None", "netIncomeFromContinuingOperations": "None", "comprehensiveIncomeNetOfTax": "None", "ebit": "4257000000", "ebitda": "5160000000", "netIncome": "2792000000"}, {"fiscalDateEnding": "2007-12-31", "reportedCurrency": "USD", "grossProfit": "8289000000", "totalRevenue": "34589000000", "costOfRevenue": "26300000000", "costofGoodsAndServicesSold": "26300000000", "operatingIncome": "3724000000", "sellingGeneralAndAdministrative": "4565000000", "researchAndDevelopment": "1459000000", "operatingExpenses": "4565000000", "investmentIncomeNet": "None", "netInterestIncome": "None", "interestIncome": "None", "interestExpense": "456000000", "nonInterestIncome": "None", "otherNonOperatingIncome": "None", "depreciation": "None", "depreciationAndAmortization": "837000000", "incomeBeforeTax": "3321000000", "incomeTaxExpense": "877000000", "interestAndDebtExpense": "None", "netIncomeFromContinuingOperations": "None", "comprehensiveIncomeNetOfTax": "None", "ebit": "3724000000", "ebitda": "4561000000", "netIncome": "2444000000"}, {"fiscalDateEnding": "2006-12-31", "reportedCurrency": "USD", "grossProfit": "7271000000", "totalRevenue": "31367000000", "costOfRevenue": "24096000000", "costofGoodsAndServicesSold": "24096000000", "operatingIncome": "3061000000", "sellingGeneralAndAdministrative": "4210000000", "researchAndDevelopment": "1411000000", "operatingExpenses": "4210000000", "investmentIncomeNet": "None", "netInterestIncome": "None", "interestIncome": "None", "interestExpense": "374000000", "nonInterestIncome": "None", "otherNonOperatingIncome": "None", "depreciation": "None", "depreciationAndAmortization": "794000000", "incomeBeforeTax": "2798000000", "incomeTaxExpense": "720000000", "interestAndDebtExpense": "None", "netIncomeFromContinuingOperations": "None", "comprehensiveIncomeNetOfTax": "None", "ebit": "3061000000", "ebitda": "3855000000", "netIncome": "2083000000"}, {"fiscalDateEnding": "2005-12-31", "reportedCurrency": "USD", "grossProfit": "6188000000", "totalRevenue": "27653000000", "costOfRevenue": "21465000000", "costofGoodsAndServicesSold": "21465000000", "operatingIncome": "2481000000", "sellingGeneralAndAdministrative": "3707000000", "researchAndDevelopment": "1072000000", "operatingExpenses": "3707000000", "investmentIncomeNet": "None", "netInterestIncome": "None", "interestIncome": "None", "interestExpense": "356000000", "nonInterestIncome": "None", "otherNonOperatingIncome": "None", "depreciation": "None", "depreciationAndAmortization": "697000000", "incomeBeforeTax": "2323000000", "incomeTaxExpense": "742000000", "interestAndDebtExpense": "None", "netIncomeFromContinuingOperations": "None", "comprehensiveIncomeNetOfTax": "None", "ebit": "2378000000", "ebitda": "3075000000", "netIncome": "1655000000"}], "quarterlyReports": [{"fiscalDateEnding": "2024-12-31", "reportedCurrency": "USD", "grossProfit": "3670000000", "totalRevenue": "10088000000", "costOfRevenue": "6418000000", "costofGoodsAndServicesSold": "6418000000", "operatingIncome": "1839000000", "sellingGeneralAndAdministrative": "1405000000", "researchAndDevelopment": "426000000", "operatingExpenses": "1831000000", "investmentIncomeNet": "None", "netInterestIncome": "-190000000", "interestIncome": "101000000", "interestExpense": "291000000", "nonInterestIncome": "None", "otherNonOperatingIncome": "None", "depreciation": "None", "depreciationAndAmortization": "377000000", "incomeBeforeTax": "1544000000", "incomeTaxExpense": "259000000", "interestAndDebtExpense": "None", "netIncomeFromContinuingOperations": "1290000000", "comprehensiveIncomeNetOfTax": "None", "ebit": "1835000000", "ebitda": "2212000000", "netIncome": "1285000000"}, {"fiscalDateEnding": "2024-09-30", "reportedCurrency": "USD", "grossProfit": "3749000000", "totalRevenue": "9728000000", "costOfRevenue": "5979000000", "costofGoodsAndServicesSold": "5979000000", "operatingIncome": "2147000000", "sellingGeneralAndAdministrative": "1234000000", "researchAndDevelopment": "368000000", "operatingExpenses": "1738000000", "investmentIncomeNet": "None", "netInterestIncome": "-187000000", "interestIncome": "110000000", "interestExpense": "297000000", "nonInterestIncome": "None", "otherNonOperatingIncome": "None", "depreciation": "None", "depreciationAndAmortization": "357000000", "incomeBeforeTax": "1824000000", "incomeTaxExpense": "409000000", "interestAndDebtExpense": "None", "netIncomeFromContinuingOperations": "1415000000", "comprehensiveIncomeNetOfTax": "None", "ebit": "2121000000", "ebitda": "2478000000", "netIncome": "1413000000"}, {"fiscalDateEnding": "2024-06-30", "reportedCurrency": "USD", "grossProfit": "3739000000", "totalRevenue": "9575000000", "costOfRevenue": "5836000000", "costofGoodsAndServicesSold": "5836000000", "operatingIncome": "2008000000", "sellingGeneralAndAdministrative": "1201000000", "researchAndDevelopment": "382000000", "operatingExpenses": "1731000000", "investmentIncomeNet": "None", "netInterestIncome": "-140000000", "interestIncome": "110000000", "interestExpense": "250000000", "nonInterestIncome": "None", "otherNonOperatingIncome": "None", "depreciation": "None", "depreciationAndAmortization": "309000000", "incomeBeforeTax": "1974000000", "incomeTaxExpense": "414000000", "interestAndDebtExpense": "None", "netIncomeFromContinuingOperations": "1560000000", "comprehensiveIncomeNetOfTax": "None", "ebit": "2008000000", "ebitda": "2317000000", "netIncome": "1544000000"}, {"fiscalDateEnding": "2024-03-31", "reportedCurrency": "USD", "grossProfit": "3576000000", "totalRevenue": "9104000000", "costOfRevenue": "5528000000", "costofGoodsAndServicesSold": "5528000000", "operatingIncome": "1931000000", "sellingGeneralAndAdministrative": "1135000000", "researchAndDevelopment": "360000000", "operatingExpenses": "1645000000", "investmentIncomeNet": "None", "netInterestIncome": "-115000000", "interestIncome": "105000000", "interestExpense": "220000000", "nonInterestIncome": "None", "otherNonOperatingIncome": "None", "depreciation": "None", "depreciationAndAmortization": "291000000", "incomeBeforeTax": "1871000000", "incomeTaxExpense": "396000000", "interestAndDebtExpense": "None", "netIncomeFromContinuingOperations": "1475000000", "comprehensiveIncomeNetOfTax": "None", "ebit": "1931000000", "ebitda": "2222000000", "netIncome": "1463000000"}, {"fiscalDateEnding": "2023-12-31", "reportedCurrency": "USD", "grossProfit": "3700000000", "totalRevenue": "9433000000", "costOfRevenue": "5733000000", "costofGoodsAndServicesSold": "5733000000", "operatingIncome": "2090000000", "sellingGeneralAndAdministrative": "1285000000", "researchAndDevelopment": "360000000", "operatingExpenses": "1610000000", "investmentIncomeNet": "None", "netInterestIncome": "-122000000", "interestIncome": "80000000", "interestExpense": "202000000", "nonInterestIncome": "None", "otherNonOperatingIncome": "None", "depreciation": "None", "depreciationAndAmortization": "301000000", "incomeBeforeTax": "1506000000", "incomeTaxExpense": "258000000", "interestAndDebtExpense": "None", "netIncomeFromContinuingOperations": "1248000000", "comprehensiveIncomeNetOfTax": "None", "ebit": "2090000000", "ebitda": "2391000000", "netIncome": "1263000000"}, {"fiscalDateEnding": "2023-09-30", "reportedCurrency": "USD", "grossProfit": "3542000000", "totalRevenue": "9212000000", "costOfRevenue": "5670000000", "costofGoodsAndServicesSold": "5670000000", "operatingIncome": "1926000000", "sellingGeneralAndAdministrative": "1098000000", "researchAndDevelopment": "364000000", "operatingExpenses": "1616000000", "investmentIncomeNet": "None", "netInterestIncome": "-206000000", "interestIncome": "89000000", "interestExpense": "206000000", "nonInterestIncome": "None", "otherNonOperatingIncome": "None", "depreciation": "None", "depreciationAndAmortization": "308000000", "incomeBeforeTax": "1967000000", "incomeTaxExpense": "452000000", "interestAndDebtExpense": "None", "netIncomeFromContinuingOperations": "1515000000", "comprehensiveIncomeNetOfTax": "None", "ebit": "2173000000", "ebitda": "2481000000", "netIncome": "1514000000"}, {"fiscalDateEnding": "2023-06-30", "reportedCurrency": "USD", "grossProfit": "3520000000", "totalRevenue": "9146000000", "costOfRevenue": "5626000000", "costofGoodsAndServicesSold": "5626000000", "operatingIncome": "1487000000", "sellingGeneralAndAdministrative": "1109000000", "researchAndDevelopment": "375000000", "operatingExpenses": "1637000000", "investmentIncomeNet": "None", "netInterestIncome": "-111000000", "interestIncome": "76000000", "interestExpense": "187000000", "nonInterestIncome": "None", "otherNonOperatingIncome": "208000000", "depreciation": "None", "depreciationAndAmortization": "284000000", "incomeBeforeTax": "1904000000", "incomeTaxExpense": "403000000", "interestAndDebtExpense": "None", "netIncomeFromContinuingOperations": "1501000000", "comprehensiveIncomeNetOfTax": "None", "ebit": "2036000000", "ebitda": "2320000000", "netIncome": "1487000000"}, {"fiscalDateEnding": "2023-03-31", "reportedCurrency": "USD", "grossProfit": "3366000000", "totalRevenue": "8864000000", "costOfRevenue": "5498000000", "costofGoodsAndServicesSold": "5498000000", "operatingIncome": "1952000000", "sellingGeneralAndAdministrative": "1165000000", "researchAndDevelopment": "357000000", "operatingExpenses": "1674000000", "investmentIncomeNet": "None", "netInterestIncome": "-170000000", "interestIncome": "76000000", "interestExpense": "170000000", "nonInterestIncome": "None", "otherNonOperatingIncome": "260000000", "depreciation": "None", "depreciationAndAmortization": "283000000", "incomeBeforeTax": "1782000000", "incomeTaxExpense": "374000000", "interestAndDebtExpense": "None", "netIncomeFromContinuingOperations": "1408000000", "comprehensiveIncomeNetOfTax": "None", "ebit": "1952000000", "ebitda": "2235000000", "netIncome": "1394000000"}, {"fiscalDateEnding": "2022-12-31", "reportedCurrency": "USD", "grossProfit": "3062000000", "totalRevenue": "9186000000", "costOfRevenue": "6124000000", "costofGoodsAndServicesSold": "6124000000", "operatingIncome": "1333000000", "sellingGeneralAndAdministrative": "1249000000", "researchAndDevelopment": "1478000000", "operatingExpenses": "1249000000", "investmentIncomeNet": "None", "netInterestIncome": "-144000000", "interestIncome": "61000000", "interestExpense": "144000000", "nonInterestIncome": "None", "otherNonOperatingIncome": "-480000000", "depreciation": "None", "depreciationAndAmortization": "299000000", "incomeBeforeTax": "1189000000", "incomeTaxExpense": "168000000", "interestAndDebtExpense": "None", "netIncomeFromContinuingOperations": "1021000000", "comprehensiveIncomeNetOfTax": "None", "ebit": "1333000000", "ebitda": "1632000000", "netIncome": "1019000000"}, {"fiscalDateEnding": "2022-09-30", "reportedCurrency": "USD", "grossProfit": "2970000000", "totalRevenue": "8951000000", "costOfRevenue": "5981000000", "costofGoodsAndServicesSold": "5981000000", "operatingIncome": "2072000000", "sellingGeneralAndAdministrative": "1228000000", "researchAndDevelopment": "387000000", "operatingExpenses": "1228000000", "investmentIncomeNet": "None", "netInterestIncome": "-61000000", "interestIncome": "37000000", "interestExpense": "98000000", "nonInterestIncome": "None", "otherNonOperatingIncome": "337000000", "depreciation": "None", "depreciationAndAmortization": "300000000", "incomeBeforeTax": "1981000000", "incomeTaxExpense": "432000000", "interestAndDebtExpense": "None", "netIncomeFromContinuingOperations": "1549000000", "comprehensiveIncomeNetOfTax": "None", "ebit": "2072000000", "ebitda": "2372000000", "netIncome": "1552000000"}, {"fiscalDateEnding": "2022-06-30", "reportedCurrency": "USD", "grossProfit": "2907000000", "totalRevenue": "8953000000", "costOfRevenue": "6046000000", "costofGoodsAndServicesSold": "6046000000", "operatingIncome": "1601000000", "sellingGeneralAndAdministrative": "1306000000", "researchAndDevelopment": "386000000", "operatingExpenses": "1306000000", "investmentIncomeNet": "None", "netInterestIncome": "-67000000", "interestIncome": "20000000", "interestExpense": "87000000", "nonInterestIncome": "None", "otherNonOperatingIncome": "190000000", "depreciation": "None", "depreciationAndAmortization": "275000000", "incomeBeforeTax": "1704000000", "incomeTaxExpense": "443000000", "interestAndDebtExpense": "None", "netIncomeFromContinuingOperations": "1263000000", "comprehensiveIncomeNetOfTax": "None", "ebit": "1704000000", "ebitda": "1865000000", "netIncome": "1261000000"}, {"fiscalDateEnding": "2022-03-31", "reportedCurrency": "USD", "grossProfit": "2702000000", "totalRevenue": "8376000000", "costOfRevenue": "5674000000", "costofGoodsAndServicesSold": "5674000000", "operatingIncome": "1588000000", "sellingGeneralAndAdministrative": "1431000000", "researchAndDevelopment": "350000000", "operatingExpenses": "1431000000", "investmentIncomeNet": "None", "netInterestIncome": "-65000000", "interestIncome": "20000000", "interestExpense": "85000000", "nonInterestIncome": "None", "otherNonOperatingIncome": "319000000", "depreciation": "None", "depreciationAndAmortization": "330000000", "incomeBeforeTax": "1505000000", "incomeTaxExpense": "371000000", "interestAndDebtExpense": "None", "netIncomeFromContinuingOperations": "1134000000", "comprehensiveIncomeNetOfTax": "None", "ebit": "1588000000", "ebitda": "1918000000", "netIncome": "1134000000"}, {"fiscalDateEnding": "2021-12-31", "reportedCurrency": "USD", "grossProfit": "2721000000", "totalRevenue": "8657000000", "costOfRevenue": "5936000000", "costofGoodsAndServicesSold": "5936000000", "operatingIncome": "1859000000", "sellingGeneralAndAdministrative": "1203000000", "researchAndDevelopment": "1333000000", "operatingExpenses": "1203000000", "investmentIncomeNet": "None", "netInterestIncome": "-80000000", "interestIncome": "32000000", "interestExpense": "80000000", "nonInterestIncome": "None", "otherNonOperatingIncome": "355000000", "depreciation": "None", "depreciationAndAmortization": "290000000", "incomeBeforeTax": "1793000000", "incomeTaxExpense": "351000000", "interestAndDebtExpense": "None", "netIncomeFromContinuingOperations": "1442000000", "comprehensiveIncomeNetOfTax": "None", "ebit": "1873000000", "ebitda": "2163000000", "netIncome": "1428000000"}, {"fiscalDateEnding": "2021-09-30", "reportedCurrency": "USD", "grossProfit": "2727000000", "totalRevenue": "8473000000", "costOfRevenue": "5746000000", "costofGoodsAndServicesSold": "5746000000", "operatingIncome": "1575000000", "sellingGeneralAndAdministrative": "1152000000", "researchAndDevelopment": "None", "operatingExpenses": "1152000000", "investmentIncomeNet": "None", "netInterestIncome": "-62000000", "interestIncome": "28000000", "interestExpense": "90000000", "nonInterestIncome": "None", "otherNonOperatingIncome": "215000000", "depreciation": "None", "depreciationAndAmortization": "308000000", "incomeBeforeTax": "1700000000", "incomeTaxExpense": "427000000", "interestAndDebtExpense": "None", "netIncomeFromContinuingOperations": "1273000000", "comprehensiveIncomeNetOfTax": "None", "ebit": "1899000000", "ebitda": "2207000000", "netIncome": "1257000000"}, {"fiscalDateEnding": "2021-06-30", "reportedCurrency": "USD", "grossProfit": "2805000000", "totalRevenue": "8808000000", "costOfRevenue": "6003000000", "costofGoodsAndServicesSold": "6003000000", "operatingIncome": "1598000000", "sellingGeneralAndAdministrative": "1207000000", "researchAndDevelopment": "None", "operatingExpenses": "1207000000", "investmentIncomeNet": "None", "netInterestIncome": "-60000000", "interestIncome": "23000000", "interestExpense": "83000000", "nonInterestIncome": "None", "otherNonOperatingIncome": "366000000", "depreciation": "None", "depreciationAndAmortization": "284000000", "incomeBeforeTax": "1881000000", "incomeTaxExpense": "434000000", "interestAndDebtExpense": "None", "netIncomeFromContinuingOperations": "1447000000", "comprehensiveIncomeNetOfTax": "None", "ebit": "1964000000", "ebitda": "2248000000", "netIncome": "1430000000"}, {"fiscalDateEnding": "2021-03-31", "reportedCurrency": "USD", "grossProfit": "2745000000", "totalRevenue": "8454000000", "costOfRevenue": "5709000000", "costofGoodsAndServicesSold": "5709000000", "operatingIncome": "1509000000", "sellingGeneralAndAdministrative": "1236000000", "researchAndDevelopment": "None", "operatingExpenses": "1236000000", "investmentIncomeNet": "None", "netInterestIncome": "-71000000", "interestIncome": "19000000", "interestExpense": "90000000", "nonInterestIncome": "None", "otherNonOperatingIncome": "442000000", "depreciation": "None", "depreciationAndAmortization": "341000000", "incomeBeforeTax": "1861000000", "incomeTaxExpense": "413000000", "interestAndDebtExpense": "None", "netIncomeFromContinuingOperations": "1448000000", "comprehensiveIncomeNetOfTax": "None", "ebit": "1951000000", "ebitda": "2292000000", "netIncome": "1427000000"}, {"fiscalDateEnding": "2020-12-31", "reportedCurrency": "USD", "grossProfit": "2924000000", "totalRevenue": "8900000000", "costOfRevenue": "5976000000", "costofGoodsAndServicesSold": "5976000000", "operatingIncome": "1676000000", "sellingGeneralAndAdministrative": "1248000000", "researchAndDevelopment": "1334000000", "operatingExpenses": "1248000000", "investmentIncomeNet": "None", "netInterestIncome": "-95000000", "interestIncome": "21000000", "interestExpense": "95000000", "nonInterestIncome": "None", "otherNonOperatingIncome": "129000000", "depreciation": "None", "depreciationAndAmortization": "254000000", "incomeBeforeTax": "1710000000", "incomeTaxExpense": "331000000", "interestAndDebtExpense": "None", "netIncomeFromContinuingOperations": "1379000000", "comprehensiveIncomeNetOfTax": "None", "ebit": "1805000000", "ebitda": "2059000000", "netIncome": "1359000000"}, {"fiscalDateEnding": "2020-09-30", "reportedCurrency": "USD", "grossProfit": "2414000000", "totalRevenue": "7797000000", "costOfRevenue": "5383000000", "costofGoodsAndServicesSold": "5383000000", "operatingIncome": "1311000000", "sellingGeneralAndAdministrative": "1103000000", "researchAndDevelopment": "None", "operatingExpenses": "1103000000", "investmentIncomeNet": "None", "netInterestIncome": "-81000000", "interestIncome": "20000000", "interestExpense": "101000000", "nonInterestIncome": "None", "otherNonOperatingIncome": "-62000000", "depreciation": "None", "depreciationAndAmortization": "255000000", "incomeBeforeTax": "1148000000", "incomeTaxExpense": "367000000", "interestAndDebtExpense": "None", "netIncomeFromContinuingOperations": "781000000", "comprehensiveIncomeNetOfTax": "None", "ebit": "1249000000", "ebitda": "1504000000", "netIncome": "758000000"}, {"fiscalDateEnding": "2020-06-30", "reportedCurrency": "USD", "grossProfit": "2201000000", "totalRevenue": "7477000000", "costOfRevenue": "5276000000", "costofGoodsAndServicesSold": "5276000000", "operatingIncome": "1018000000", "sellingGeneralAndAdministrative": "1183000000", "researchAndDevelopment": "None", "operatingExpenses": "1183000000", "investmentIncomeNet": "None", "netInterestIncome": "-68000000", "interestIncome": "22000000", "interestExpense": "90000000", "nonInterestIncome": "None", "otherNonOperatingIncome": "291000000", "depreciation": "None", "depreciationAndAmortization": "250000000", "incomeBeforeTax": "1219000000", "incomeTaxExpense": "120000000", "interestAndDebtExpense": "None", "netIncomeFromContinuingOperations": "1099000000", "comprehensiveIncomeNetOfTax": "None", "ebit": "1268000000", "ebitda": "1518000000", "netIncome": "1081000000"}, {"fiscalDateEnding": "2020-03-31", "reportedCurrency": "USD", "grossProfit": "2929000000", "totalRevenue": "8463000000", "costOfRevenue": "5534000000", "costofGoodsAndServicesSold": "5534000000", "operatingIncome": "1691000000", "sellingGeneralAndAdministrative": "1238000000", "researchAndDevelopment": "None", "operatingExpenses": "1238000000", "investmentIncomeNet": "None", "netInterestIncome": "-29000000", "interestIncome": "44000000", "interestExpense": "73000000", "nonInterestIncome": "None", "otherNonOperatingIncome": "317000000", "depreciation": "None", "depreciationAndAmortization": "243000000", "incomeBeforeTax": "1935000000", "incomeTaxExpense": "329000000", "interestAndDebtExpense": "None", "netIncomeFromContinuingOperations": "1606000000", "comprehensiveIncomeNetOfTax": "None", "ebit": "1941000000", "ebitda": "2184000000", "netIncome": "1581000000"}, {"fiscalDateEnding": "2019-12-31", "reportedCurrency": "USD", "grossProfit": "3168000000", "totalRevenue": "9496000000", "costOfRevenue": "6328000000", "costofGoodsAndServicesSold": "6328000000", "operatingIncome": "1695000000", "sellingGeneralAndAdministrative": "1473000000", "researchAndDevelopment": "1556000000", "operatingExpenses": "1473000000", "investmentIncomeNet": "None", "netInterestIncome": "-30000000", "interestIncome": "61000000", "interestExpense": "91000000", "nonInterestIncome": "None", "otherNonOperatingIncome": "164000000", "depreciation": "None", "depreciationAndAmortization": "269000000", "incomeBeforeTax": "1768000000", "incomeTaxExpense": "178000000", "interestAndDebtExpense": "None", "netIncomeFromContinuingOperations": "1590000000", "comprehensiveIncomeNetOfTax": "None", "ebit": "1764000000", "ebitda": "2033000000", "netIncome": "1562000000"}, {"fiscalDateEnding": "2019-09-30", "reportedCurrency": "USD", "grossProfit": "3048000000", "totalRevenue": "9086000000", "costOfRevenue": "6038000000", "costofGoodsAndServicesSold": "6038000000", "operatingIncome": "1752000000", "sellingGeneralAndAdministrative": "1296000000", "researchAndDevelopment": "None", "operatingExpenses": "1296000000", "investmentIncomeNet": "None", "netInterestIncome": "-32000000", "interestIncome": "64000000", "interestExpense": "96000000", "nonInterestIncome": "None", "otherNonOperatingIncome": "311000000", "depreciation": "None", "depreciationAndAmortization": "263000000", "incomeBeforeTax": "1967000000", "incomeTaxExpense": "319000000", "interestAndDebtExpense": "None", "netIncomeFromContinuingOperations": "1648000000", "comprehensiveIncomeNetOfTax": "None", "ebit": "1944000000", "ebitda": "2207000000", "netIncome": "1624000000"}, {"fiscalDateEnding": "2019-06-30", "reportedCurrency": "USD", "grossProfit": "3149000000", "totalRevenue": "9243000000", "costOfRevenue": "6094000000", "costofGoodsAndServicesSold": "6094000000", "operatingIncome": "1762000000", "sellingGeneralAndAdministrative": "1387000000", "researchAndDevelopment": "None", "operatingExpenses": "1387000000", "investmentIncomeNet": "None", "netInterestIncome": "-22000000", "interestIncome": "63000000", "interestExpense": "85000000", "nonInterestIncome": "None", "otherNonOperatingIncome": "305000000", "depreciation": "None", "depreciationAndAmortization": "295000000", "incomeBeforeTax": "1982000000", "incomeTaxExpense": "426000000", "interestAndDebtExpense": "None", "netIncomeFromContinuingOperations": "1556000000", "comprehensiveIncomeNetOfTax": "None", "ebit": "1958000000", "ebitda": "2253000000", "netIncome": "1541000000"}, {"fiscalDateEnding": "2019-03-31", "reportedCurrency": "USD", "grossProfit": "3005000000", "totalRevenue": "8884000000", "costOfRevenue": "5879000000", "costofGoodsAndServicesSold": "5879000000", "operatingIncome": "1642000000", "sellingGeneralAndAdministrative": "1363000000", "researchAndDevelopment": "0", "operatingExpenses": "1363000000", "investmentIncomeNet": "None", "netInterestIncome": "-18000000", "interestIncome": "67000000", "interestExpense": "85000000", "nonInterestIncome": "None", "otherNonOperatingIncome": "285000000", "depreciation": "None", "depreciationAndAmortization": "261000000", "incomeBeforeTax": "1842000000", "incomeTaxExpense": "406000000", "interestAndDebtExpense": "None", "netIncomeFromContinuingOperations": "1436000000", "comprehensiveIncomeNetOfTax": "None", "ebit": "1838000000", "ebitda": "2099000000", "netIncome": "1416000000"}, {"fiscalDateEnding": "2018-12-31", "reportedCurrency": "USD", "grossProfit": "3044000000", "totalRevenue": "9729000000", "costOfRevenue": "6685000000", "costofGoodsAndServicesSold": "6685000000", "operatingIncome": "1520000000", "sellingGeneralAndAdministrative": "1524000000", "researchAndDevelopment": "1809000000", "operatingExpenses": "1524000000", "investmentIncomeNet": "None", "netInterestIncome": "None", "interestIncome": "None", "interestExpense": "90000000", "nonInterestIncome": "None", "otherNonOperatingIncome": "290000000", "depreciation": "None", "depreciationAndAmortization": "254000000", "incomeBeforeTax": "1720000000", "incomeTaxExpense": "-20000000", "interestAndDebtExpense": "None", "netIncomeFromContinuingOperations": "1741000000", "comprehensiveIncomeNetOfTax": "None", "ebit": "1787000000", "ebitda": "2041000000", "netIncome": "1721000000"}, {"fiscalDateEnding": "2018-09-30", "reportedCurrency": "USD", "grossProfit": "3206000000", "totalRevenue": "10762000000", "costOfRevenue": "7556000000", "costofGoodsAndServicesSold": "7556000000", "operatingIncome": "1682000000", "sellingGeneralAndAdministrative": "1524000000", "researchAndDevelopment": "0", "operatingExpenses": "1524000000", "investmentIncomeNet": "None", "netInterestIncome": "None", "interestIncome": "None", "interestExpense": "99000000", "nonInterestIncome": "None", "otherNonOperatingIncome": "275000000", "depreciation": "None", "depreciationAndAmortization": "286000000", "incomeBeforeTax": "1858000000", "incomeTaxExpense": "-498000000", "interestAndDebtExpense": "None", "netIncomeFromContinuingOperations": "2356000000", "comprehensiveIncomeNetOfTax": "None", "ebit": "1995000000", "ebitda": "2281000000", "netIncome": "2338000000"}, {"fiscalDateEnding": "2018-06-30", "reportedCurrency": "USD", "grossProfit": "3306000000", "totalRevenue": "10919000000", "costOfRevenue": "7613000000", "costofGoodsAndServicesSold": "7613000000", "operatingIncome": "1778000000", "sellingGeneralAndAdministrative": "1528000000", "researchAndDevelopment": "0", "operatingExpenses": "1528000000", "investmentIncomeNet": "None", "netInterestIncome": "None", "interestIncome": "None", "interestExpense": "95000000", "nonInterestIncome": "None", "otherNonOperatingIncome": "316000000", "depreciation": "None", "depreciationAndAmortization": "288000000", "incomeBeforeTax": "1999000000", "incomeTaxExpense": "719000000", "interestAndDebtExpense": "None", "netIncomeFromContinuingOperations": "1280000000", "comprehensiveIncomeNetOfTax": "None", "ebit": "2084000000", "ebitda": "2372000000", "netIncome": "1267000000"}, {"fiscalDateEnding": "2018-03-31", "reportedCurrency": "USD", "grossProfit": "3199000000", "totalRevenue": "10392000000", "costOfRevenue": "7193000000", "costofGoodsAndServicesSold": "7193000000", "operatingIncome": "1724000000", "sellingGeneralAndAdministrative": "1475000000", "researchAndDevelopment": "0", "operatingExpenses": "1475000000", "investmentIncomeNet": "None", "netInterestIncome": "None", "interestIncome": "None", "interestExpense": "83000000", "nonInterestIncome": "None", "otherNonOperatingIncome": "268000000", "depreciation": "None", "depreciationAndAmortization": "288000000", "incomeBeforeTax": "1909000000", "incomeTaxExpense": "458000000", "interestAndDebtExpense": "None", "netIncomeFromContinuingOperations": "1451000000", "comprehensiveIncomeNetOfTax": "None", "ebit": "2036000000", "ebitda": "2324000000", "netIncome": "1439000000"}, {"fiscalDateEnding": "2017-12-31", "reportedCurrency": "USD", "grossProfit": "3347000000", "totalRevenue": "10843000000", "costOfRevenue": "7496000000", "costofGoodsAndServicesSold": "7496000000", "operatingIncome": "1716000000", "sellingGeneralAndAdministrative": "1631000000", "researchAndDevelopment": "1835000000", "operatingExpenses": "1631000000", "investmentIncomeNet": "None", "netInterestIncome": "None", "interestIncome": "None", "interestExpense": "81000000", "nonInterestIncome": "None", "otherNonOperatingIncome": "-18000000", "depreciation": "None", "depreciationAndAmortization": "283000000", "incomeBeforeTax": "1617000000", "incomeTaxExpense": "4016000000", "interestAndDebtExpense": "None", "netIncomeFromContinuingOperations": "-2399000000", "comprehensiveIncomeNetOfTax": "None", "ebit": "1767000000", "ebitda": "2050000000", "netIncome": "-2411000000"}, {"fiscalDateEnding": "2017-09-30", "reportedCurrency": "USD", "grossProfit": "3248000000", "totalRevenue": "10121000000", "costOfRevenue": "6873000000", "costofGoodsAndServicesSold": "6873000000", "operatingIncome": "1801000000", "sellingGeneralAndAdministrative": "1447000000", "researchAndDevelopment": "0", "operatingExpenses": "1447000000", "investmentIncomeNet": "None", "netInterestIncome": "None", "interestIncome": "None", "interestExpense": "81000000", "nonInterestIncome": "None", "otherNonOperatingIncome": "63000000", "depreciation": "None", "depreciationAndAmortization": "285000000", "incomeBeforeTax": "1783000000", "incomeTaxExpense": "418000000", "interestAndDebtExpense": "None", "netIncomeFromContinuingOperations": "1365000000", "comprehensiveIncomeNetOfTax": "None", "ebit": "1796000000", "ebitda": "2081000000", "netIncome": "1345000000"}, {"fiscalDateEnding": "2017-06-30", "reportedCurrency": "USD", "grossProfit": "3228000000", "totalRevenue": "10078000000", "costOfRevenue": "6850000000", "costofGoodsAndServicesSold": "6850000000", "operatingIncome": "1847000000", "sellingGeneralAndAdministrative": "1381000000", "researchAndDevelopment": "0", "operatingExpenses": "1381000000", "investmentIncomeNet": "None", "netInterestIncome": "None", "interestIncome": "None", "interestExpense": "79000000", "nonInterestIncome": "None", "otherNonOperatingIncome": "10000000", "depreciation": "None", "depreciationAndAmortization": "276000000", "incomeBeforeTax": "1778000000", "incomeTaxExpense": "378000000", "interestAndDebtExpense": "None", "netIncomeFromContinuingOperations": "1400000000", "comprehensiveIncomeNetOfTax": "None", "ebit": "1598000000", "ebitda": "1874000000", "netIncome": "1392000000"}, {"fiscalDateEnding": "2017-03-31", "reportedCurrency": "USD", "grossProfit": "3136000000", "totalRevenue": "9492000000", "costOfRevenue": "6356000000", "costofGoodsAndServicesSold": "6356000000", "operatingIncome": "1787000000", "sellingGeneralAndAdministrative": "1349000000", "researchAndDevelopment": "0", "operatingExpenses": "1349000000", "investmentIncomeNet": "None", "netInterestIncome": "None", "interestIncome": "None", "interestExpense": "75000000", "nonInterestIncome": "None", "otherNonOperatingIncome": "12000000", "depreciation": "None", "depreciationAndAmortization": "271000000", "incomeBeforeTax": "1724000000", "incomeTaxExpense": "392000000", "interestAndDebtExpense": "None", "netIncomeFromContinuingOperations": "1332000000", "comprehensiveIncomeNetOfTax": "None", "ebit": "1787000000", "ebitda": "2058000000", "netIncome": "1326000000"}, {"fiscalDateEnding": "2016-12-31", "reportedCurrency": "USD", "grossProfit": "3106000000", "totalRevenue": "9985000000", "costOfRevenue": "6879000000", "costofGoodsAndServicesSold": "6879000000", "operatingIncome": "1613000000", "sellingGeneralAndAdministrative": "1493000000", "researchAndDevelopment": "2831000000", "operatingExpenses": "1493000000", "investmentIncomeNet": "None", "netInterestIncome": "None", "interestIncome": "None", "interestExpense": "86000000", "nonInterestIncome": "None", "otherNonOperatingIncome": "None", "depreciation": "None", "depreciationAndAmortization": "257000000", "incomeBeforeTax": "1432000000", "incomeTaxExpense": "387000000", "interestAndDebtExpense": "None", "netIncomeFromContinuingOperations": "11121000000", "comprehensiveIncomeNetOfTax": "None", "ebit": "1613000000", "ebitda": "1870000000", "netIncome": "1034000000"}, {"fiscalDateEnding": "2016-09-30", "reportedCurrency": "USD", "grossProfit": "2901000000", "totalRevenue": "9804000000", "costOfRevenue": "6903000000", "costofGoodsAndServicesSold": "6903000000", "operatingIncome": "1534000000", "sellingGeneralAndAdministrative": "1367000000", "researchAndDevelopment": "0", "operatingExpenses": "1367000000", "investmentIncomeNet": "None", "netInterestIncome": "None", "interestIncome": "None", "interestExpense": "82000000", "nonInterestIncome": "None", "otherNonOperatingIncome": "180000000", "depreciation": "None", "depreciationAndAmortization": "260000000", "incomeBeforeTax": "1632000000", "incomeTaxExpense": "384000000", "interestAndDebtExpense": "None", "netIncomeFromContinuingOperations": "1248000000", "comprehensiveIncomeNetOfTax": "None", "ebit": "1534000000", "ebitda": "1794000000", "netIncome": "1240000000"}, {"fiscalDateEnding": "2016-06-30", "reportedCurrency": "USD", "grossProfit": "3170000000", "totalRevenue": "9991000000", "costOfRevenue": "6821000000", "costofGoodsAndServicesSold": "6821000000", "operatingIncome": "1841000000", "sellingGeneralAndAdministrative": "1329000000", "researchAndDevelopment": "0", "operatingExpenses": "1329000000", "investmentIncomeNet": "None", "netInterestIncome": "None", "interestIncome": "None", "interestExpense": "85000000", "nonInterestIncome": "None", "otherNonOperatingIncome": "-1000000", "depreciation": "None", "depreciationAndAmortization": "260000000", "incomeBeforeTax": "1755000000", "incomeTaxExpense": "465000000", "interestAndDebtExpense": "None", "netIncomeFromContinuingOperations": "1290000000", "comprehensiveIncomeNetOfTax": "None", "ebit": "1841000000", "ebitda": "2101000000", "netIncome": "1319000000"}, {"fiscalDateEnding": "2016-03-31", "reportedCurrency": "USD", "grossProfit": "2975000000", "totalRevenue": "9522000000", "costOfRevenue": "6547000000", "costofGoodsAndServicesSold": "6547000000", "operatingIncome": "1695000000", "sellingGeneralAndAdministrative": "1280000000", "researchAndDevelopment": "0", "operatingExpenses": "1280000000", "investmentIncomeNet": "None", "netInterestIncome": "None", "interestIncome": "None", "interestExpense": "85000000", "nonInterestIncome": "None", "otherNonOperatingIncome": "18000000", "depreciation": "None", "depreciationAndAmortization": "253000000", "incomeBeforeTax": "1628000000", "incomeTaxExpense": "432000000", "interestAndDebtExpense": "None", "netIncomeFromContinuingOperations": "0", "comprehensiveIncomeNetOfTax": "None", "ebit": "1695000000", "ebitda": "1948000000", "netIncome": "1216000000"}, {"fiscalDateEnding": "2015-12-31", "reportedCurrency": "USD", "grossProfit": "3065000000", "totalRevenue": "9982000000", "costOfRevenue": "6917000000", "costofGoodsAndServicesSold": "6917000000", "operatingIncome": "1733000000", "sellingGeneralAndAdministrative": "1332000000", "researchAndDevelopment": "2854000000", "operatingExpenses": "1332000000", "investmentIncomeNet": "None", "netInterestIncome": "None", "interestIncome": "None", "interestExpense": "84000000", "nonInterestIncome": "None", "otherNonOperatingIncome": "4000000", "depreciation": "None", "depreciationAndAmortization": "222000000", "incomeBeforeTax": "1653000000", "incomeTaxExpense": "450000000", "interestAndDebtExpense": "None", "netIncomeFromContinuingOperations": "1203000000", "comprehensiveIncomeNetOfTax": "None", "ebit": "1733000000", "ebitda": "1955000000", "netIncome": "1194000000"}, {"fiscalDateEnding": "2015-09-30", "reportedCurrency": "USD", "grossProfit": "2957000000", "totalRevenue": "9611000000", "costOfRevenue": "6654000000", "costofGoodsAndServicesSold": "6654000000", "operatingIncome": "1755000000", "sellingGeneralAndAdministrative": "1202000000", "researchAndDevelopment": "0", "operatingExpenses": "1202000000", "investmentIncomeNet": "None", "netInterestIncome": "None", "interestIncome": "None", "interestExpense": "72000000", "nonInterestIncome": "None", "otherNonOperatingIncome": "24000000", "depreciation": "None", "depreciationAndAmortization": "219000000", "incomeBeforeTax": "1707000000", "incomeTaxExpense": "431000000", "interestAndDebtExpense": "None", "netIncomeFromContinuingOperations": "1276000000", "comprehensiveIncomeNetOfTax": "None", "ebit": "1755000000", "ebitda": "1974000000", "netIncome": "1264000000"}, {"fiscalDateEnding": "2015-06-30", "reportedCurrency": "USD", "grossProfit": "2961000000", "totalRevenue": "9775000000", "costOfRevenue": "6814000000", "costofGoodsAndServicesSold": "6814000000", "operatingIncome": "1719000000", "sellingGeneralAndAdministrative": "1242000000", "researchAndDevelopment": "0", "operatingExpenses": "1242000000", "investmentIncomeNet": "None", "netInterestIncome": "None", "interestIncome": "None", "interestExpense": "77000000", "nonInterestIncome": "None", "otherNonOperatingIncome": "20000000", "depreciation": "None", "depreciationAndAmortization": "226000000", "incomeBeforeTax": "1662000000", "incomeTaxExpense": "440000000", "interestAndDebtExpense": "None", "netIncomeFromContinuingOperations": "1222000000", "comprehensiveIncomeNetOfTax": "None", "ebit": "1719000000", "ebitda": "1945000000", "netIncome": "1194000000"}, {"fiscalDateEnding": "2015-03-31", "reportedCurrency": "USD", "grossProfit": "2851000000", "totalRevenue": "9213000000", "costOfRevenue": "6362000000", "costofGoodsAndServicesSold": "6362000000", "operatingIncome": "1621000000", "sellingGeneralAndAdministrative": "1230000000", "researchAndDevelopment": "0", "operatingExpenses": "1230000000", "investmentIncomeNet": "None", "netInterestIncome": "None", "interestIncome": "None", "interestExpense": "77000000", "nonInterestIncome": "None", "otherNonOperatingIncome": "20000000", "depreciation": "None", "depreciationAndAmortization": "216000000", "incomeBeforeTax": "1564000000", "incomeTaxExpense": "418000000", "interestAndDebtExpense": "None", "netIncomeFromContinuingOperations": "1146000000", "comprehensiveIncomeNetOfTax": "None", "ebit": "1621000000", "ebitda": "1837000000", "netIncome": "1116000000"}, {"fiscalDateEnding": "2014-12-31", "reportedCurrency": "USD", "grossProfit": "2700000000", "totalRevenue": "10266000000", "costOfRevenue": "7566000000", "costofGoodsAndServicesSold": "7566000000", "operatingIncome": "1240000000", "sellingGeneralAndAdministrative": "1460000000", "researchAndDevelopment": "2926000000", "operatingExpenses": "1460000000", "investmentIncomeNet": "None", "netInterestIncome": "None", "interestIncome": "None", "interestExpense": "82000000", "nonInterestIncome": "None", "otherNonOperatingIncome": "None", "depreciation": "None", "depreciationAndAmortization": "226000000", "incomeBeforeTax": "1304000000", "incomeTaxExpense": "329000000", "interestAndDebtExpense": "None", "netIncomeFromContinuingOperations": "4329000000", "comprehensiveIncomeNetOfTax": "None", "ebit": "1240000000", "ebitda": "1466000000", "netIncome": "956000000"}, {"fiscalDateEnding": "2014-09-30", "reportedCurrency": "USD", "grossProfit": "2980000000", "totalRevenue": "10108000000", "costOfRevenue": "7128000000", "costofGoodsAndServicesSold": "7128000000", "operatingIncome": "1636000000", "sellingGeneralAndAdministrative": "1344000000", "researchAndDevelopment": "0", "operatingExpenses": "1344000000", "investmentIncomeNet": "None", "netInterestIncome": "None", "interestIncome": "None", "interestExpense": "77000000", "nonInterestIncome": "None", "otherNonOperatingIncome": "None", "depreciation": "None", "depreciationAndAmortization": "227000000", "incomeBeforeTax": "1580000000", "incomeTaxExpense": "388000000", "interestAndDebtExpense": "None", "netIncomeFromContinuingOperations": "0", "comprehensiveIncomeNetOfTax": "None", "ebit": "1636000000", "ebitda": "1863000000", "netIncome": "1167000000"}, {"fiscalDateEnding": "2014-06-30", "reportedCurrency": "USD", "grossProfit": "2957000000", "totalRevenue": "10253000000", "costOfRevenue": "7296000000", "costofGoodsAndServicesSold": "7296000000", "operatingIncome": "1582000000", "sellingGeneralAndAdministrative": "1375000000", "researchAndDevelopment": "0", "operatingExpenses": "1375000000", "investmentIncomeNet": "None", "netInterestIncome": "None", "interestIncome": "None", "interestExpense": "80000000", "nonInterestIncome": "None", "otherNonOperatingIncome": "21000000", "depreciation": "None", "depreciationAndAmortization": "233000000", "incomeBeforeTax": "1523000000", "incomeTaxExpense": "397000000", "interestAndDebtExpense": "None", "netIncomeFromContinuingOperations": "1126000000", "comprehensiveIncomeNetOfTax": "None", "ebit": "1582000000", "ebitda": "1815000000", "netIncome": "1099000000"}, {"fiscalDateEnding": "2014-03-31", "reportedCurrency": "USD", "grossProfit": "2712000000", "totalRevenue": "9679000000", "costOfRevenue": "6967000000", "costofGoodsAndServicesSold": "6967000000", "operatingIncome": "1373000000", "sellingGeneralAndAdministrative": "1339000000", "researchAndDevelopment": "0", "operatingExpenses": "1339000000", "investmentIncomeNet": "None", "netInterestIncome": "None", "interestIncome": "None", "interestExpense": "79000000", "nonInterestIncome": "None", "otherNonOperatingIncome": "117000000", "depreciation": "None", "depreciationAndAmortization": "238000000", "incomeBeforeTax": "1411000000", "incomeTaxExpense": "375000000", "interestAndDebtExpense": "None", "netIncomeFromContinuingOperations": "1036000000", "comprehensiveIncomeNetOfTax": "None", "ebit": "1373000000", "ebitda": "1611000000", "netIncome": "1017000000"}, {"fiscalDateEnding": "2013-12-31", "reportedCurrency": "USD", "grossProfit": "2775000000", "totalRevenue": "10387000000", "costOfRevenue": "7612000000", "costofGoodsAndServicesSold": "7612000000", "operatingIncome": "1337000000", "sellingGeneralAndAdministrative": "1438000000", "researchAndDevelopment": "2773000000", "operatingExpenses": "1438000000", "investmentIncomeNet": "None", "netInterestIncome": "None", "interestIncome": "None", "interestExpense": "83000000", "nonInterestIncome": "None", "otherNonOperatingIncome": "None", "depreciation": "None", "depreciationAndAmortization": "249000000", "incomeBeforeTax": "1439000000", "incomeTaxExpense": "475000000", "interestAndDebtExpense": "None", "netIncomeFromContinuingOperations": "0", "comprehensiveIncomeNetOfTax": "None", "ebit": "1337000000", "ebitda": "1586000000", "netIncome": "947000000"}, {"fiscalDateEnding": "2013-09-30", "reportedCurrency": "USD", "grossProfit": "2705000000", "totalRevenue": "9647000000", "costOfRevenue": "6942000000", "costofGoodsAndServicesSold": "6942000000", "operatingIncome": "1463000000", "sellingGeneralAndAdministrative": "1242000000", "researchAndDevelopment": "0", "operatingExpenses": "1242000000", "investmentIncomeNet": "None", "netInterestIncome": "None", "interestIncome": "None", "interestExpense": "80000000", "nonInterestIncome": "None", "otherNonOperatingIncome": "None", "depreciation": "None", "depreciationAndAmortization": "245000000", "incomeBeforeTax": "1384000000", "incomeTaxExpense": "377000000", "interestAndDebtExpense": "None", "netIncomeFromContinuingOperations": "0", "comprehensiveIncomeNetOfTax": "None", "ebit": "1463000000", "ebitda": "1708000000", "netIncome": "990000000"}, {"fiscalDateEnding": "2013-06-30", "reportedCurrency": "USD", "grossProfit": "2666000000", "totalRevenue": "9693000000", "costOfRevenue": "7027000000", "costofGoodsAndServicesSold": "7027000000", "operatingIncome": "1385000000", "sellingGeneralAndAdministrative": "1281000000", "researchAndDevelopment": "0", "operatingExpenses": "1281000000", "investmentIncomeNet": "None", "netInterestIncome": "None", "interestIncome": "None", "interestExpense": "80000000", "nonInterestIncome": "None", "otherNonOperatingIncome": "None", "depreciation": "None", "depreciationAndAmortization": "247000000", "incomeBeforeTax": "1329000000", "incomeTaxExpense": "307000000", "interestAndDebtExpense": "None", "netIncomeFromContinuingOperations": "0", "comprehensiveIncomeNetOfTax": "None", "ebit": "1409000000", "ebitda": "1656000000", "netIncome": "1021000000"}, {"fiscalDateEnding": "2013-03-31", "reportedCurrency": "USD", "grossProfit": "2545000000", "totalRevenue": "9328000000", "costOfRevenue": "6783000000", "costofGoodsAndServicesSold": "6783000000", "operatingIncome": "1316000000", "sellingGeneralAndAdministrative": "1229000000", "researchAndDevelopment": "0", "operatingExpenses": "1229000000", "investmentIncomeNet": "None", "netInterestIncome": "None", "interestIncome": "None", "interestExpense": "84000000", "nonInterestIncome": "None", "otherNonOperatingIncome": "None", "depreciation": "None", "depreciationAndAmortization": "248000000", "incomeBeforeTax": "1260000000", "incomeTaxExpense": "291000000", "interestAndDebtExpense": "None", "netIncomeFromContinuingOperations": "0", "comprehensiveIncomeNetOfTax": "None", "ebit": "1344000000", "ebitda": "1592000000", "netIncome": "966000000"}, {"fiscalDateEnding": "2012-12-31", "reportedCurrency": "USD", "grossProfit": "1900000000", "totalRevenue": "9581000000", "costOfRevenue": "7681000000", "costofGoodsAndServicesSold": "7681000000", "operatingIncome": "377000000", "sellingGeneralAndAdministrative": "1523000000", "researchAndDevelopment": "2682000000", "operatingExpenses": "1523000000", "investmentIncomeNet": "None", "netInterestIncome": "None", "interestIncome": "None", "interestExpense": "87000000", "nonInterestIncome": "None", "otherNonOperatingIncome": "None", "depreciation": "None", "depreciationAndAmortization": "245000000", "incomeBeforeTax": "306000000", "incomeTaxExpense": "51000000", "interestAndDebtExpense": "None", "netIncomeFromContinuingOperations": "0", "comprehensiveIncomeNetOfTax": "None", "ebit": "393000000", "ebitda": "638000000", "netIncome": "251000000"}, {"fiscalDateEnding": "2012-09-30", "reportedCurrency": "USD", "grossProfit": "2534000000", "totalRevenue": "9342000000", "costOfRevenue": "6808000000", "costofGoodsAndServicesSold": "6808000000", "operatingIncome": "1296000000", "sellingGeneralAndAdministrative": "1238000000", "researchAndDevelopment": "0", "operatingExpenses": "1238000000", "investmentIncomeNet": "None", "netInterestIncome": "None", "interestIncome": "None", "interestExpense": "88000000", "nonInterestIncome": "None", "otherNonOperatingIncome": "None", "depreciation": "None", "depreciationAndAmortization": "226000000", "incomeBeforeTax": "1224000000", "incomeTaxExpense": "278000000", "interestAndDebtExpense": "None", "netIncomeFromContinuingOperations": "0", "comprehensiveIncomeNetOfTax": "None", "ebit": "1312000000", "ebitda": "1538000000", "netIncome": "950000000"}, {"fiscalDateEnding": "2012-06-30", "reportedCurrency": "USD", "grossProfit": "2513000000", "totalRevenue": "9435000000", "costOfRevenue": "6922000000", "costofGoodsAndServicesSold": "6922000000", "operatingIncome": "1287000000", "sellingGeneralAndAdministrative": "1226000000", "researchAndDevelopment": "0", "operatingExpenses": "1226000000", "investmentIncomeNet": "None", "netInterestIncome": "None", "interestIncome": "None", "interestExpense": "87000000", "nonInterestIncome": "None", "otherNonOperatingIncome": "None", "depreciation": "None", "depreciationAndAmortization": "225000000", "incomeBeforeTax": "1223000000", "incomeTaxExpense": "318000000", "interestAndDebtExpense": "None", "netIncomeFromContinuingOperations": "0", "comprehensiveIncomeNetOfTax": "None", "ebit": "1310000000", "ebitda": "1535000000", "netIncome": "902000000"}, {"fiscalDateEnding": "2012-03-31", "reportedCurrency": "USD", "grossProfit": "2427000000", "totalRevenue": "9307000000", "costOfRevenue": "6880000000", "costofGoodsAndServicesSold": "6880000000", "operatingIncome": "1196000000", "sellingGeneralAndAdministrative": "1231000000", "researchAndDevelopment": "0", "operatingExpenses": "1231000000", "investmentIncomeNet": "None", "netInterestIncome": "None", "interestIncome": "None", "interestExpense": "89000000", "nonInterestIncome": "None", "otherNonOperatingIncome": "None", "depreciation": "None", "depreciationAndAmortization": "230000000", "incomeBeforeTax": "1122000000", "incomeTaxExpense": "297000000", "interestAndDebtExpense": "None", "netIncomeFromContinuingOperations": "0", "comprehensiveIncomeNetOfTax": "None", "ebit": "1211000000", "ebitda": "1441000000", "netIncome": "823000000"}, {"fiscalDateEnding": "2011-12-31", "reportedCurrency": "USD", "grossProfit": "1038000000", "totalRevenue": "9473000000", "costOfRevenue": "8435000000", "costofGoodsAndServicesSold": "8435000000", "operatingIncome": "-578000000", "sellingGeneralAndAdministrative": "1616000000", "researchAndDevelopment": "1799000000", "operatingExpenses": "1616000000", "investmentIncomeNet": "None", "netInterestIncome": "None", "interestIncome": "None", "interestExpense": "91000000", "nonInterestIncome": "None", "otherNonOperatingIncome": "None", "depreciation": "None", "depreciationAndAmortization": "253000000", "incomeBeforeTax": "-657000000", "incomeTaxExpense": "-350000000", "interestAndDebtExpense": "None", "netIncomeFromContinuingOperations": "0", "comprehensiveIncomeNetOfTax": "None", "ebit": "-566000000", "ebitda": "-313000000", "netIncome": "-310000000"}, {"fiscalDateEnding": "2011-09-30", "reportedCurrency": "USD", "grossProfit": "2265000000", "totalRevenue": "9298000000", "costOfRevenue": "7033000000", "costofGoodsAndServicesSold": "7033000000", "operatingIncome": "962000000", "sellingGeneralAndAdministrative": "1303000000", "researchAndDevelopment": "0", "operatingExpenses": "1303000000", "investmentIncomeNet": "None", "netInterestIncome": "None", "interestIncome": "None", "interestExpense": "90000000", "nonInterestIncome": "None", "otherNonOperatingIncome": "21000000", "depreciation": "None", "depreciationAndAmortization": "226000000", "incomeBeforeTax": "893000000", "incomeTaxExpense": "207000000", "interestAndDebtExpense": "None", "netIncomeFromContinuingOperations": "686000000", "comprehensiveIncomeNetOfTax": "None", "ebit": "983000000", "ebitda": "1209000000", "netIncome": "862000000"}, {"fiscalDateEnding": "2011-06-30", "reportedCurrency": "USD", "grossProfit": "2422000000", "totalRevenue": "9086000000", "costOfRevenue": "6664000000", "costofGoodsAndServicesSold": "6664000000", "operatingIncome": "1174000000", "sellingGeneralAndAdministrative": "1248000000", "researchAndDevelopment": "0", "operatingExpenses": "1248000000", "investmentIncomeNet": "None", "netInterestIncome": "None", "interestIncome": "None", "interestExpense": "96000000", "nonInterestIncome": "None", "otherNonOperatingIncome": "22000000", "depreciation": "None", "depreciationAndAmortization": "236000000", "incomeBeforeTax": "1100000000", "incomeTaxExpense": "304000000", "interestAndDebtExpense": "None", "netIncomeFromContinuingOperations": "796000000", "comprehensiveIncomeNetOfTax": "None", "ebit": "1196000000", "ebitda": "1432000000", "netIncome": "810000000"}, {"fiscalDateEnding": "2011-03-31", "reportedCurrency": "USD", "grossProfit": "2299000000", "totalRevenue": "8909000000", "costOfRevenue": "6610000000", "costofGoodsAndServicesSold": "6610000000", "operatingIncome": "1045000000", "sellingGeneralAndAdministrative": "1254000000", "researchAndDevelopment": "0", "operatingExpenses": "1254000000", "investmentIncomeNet": "None", "netInterestIncome": "None", "interestIncome": "None", "interestExpense": "99000000", "nonInterestIncome": "None", "otherNonOperatingIncome": "29000000", "depreciation": "None", "depreciationAndAmortization": "242000000", "incomeBeforeTax": "975000000", "incomeTaxExpense": "267000000", "interestAndDebtExpense": "None", "netIncomeFromContinuingOperations": "708000000", "comprehensiveIncomeNetOfTax": "None", "ebit": "803000000", "ebitda": "1045000000", "netIncome": "705000000"}, {"fiscalDateEnding": "2010-12-31", "reportedCurrency": "USD", "grossProfit": "2262000000", "totalRevenue": "9041000000", "costOfRevenue": "6779000000", "costofGoodsAndServicesSold": "6779000000", "operatingIncome": "1020000000", "sellingGeneralAndAdministrative": "1242000000", "researchAndDevelopment": "1450000000", "operatingExpenses": "1242000000", "investmentIncomeNet": "None", "netInterestIncome": "None", "interestIncome": "None", "interestExpense": "92000000", "nonInterestIncome": "None", "otherNonOperatingIncome": "None", "depreciation": "None", "depreciationAndAmortization": "271000000", "incomeBeforeTax": "937000000", "incomeTaxExpense": "268000000", "interestAndDebtExpense": "None", "netIncomeFromContinuingOperations": "0", "comprehensiveIncomeNetOfTax": "None", "ebit": "1029000000", "ebitda": "1300000000", "netIncome": "669000000"}, {"fiscalDateEnding": "2010-09-30", "reportedCurrency": "USD", "grossProfit": "1902000000", "totalRevenue": "8392000000", "costOfRevenue": "6490000000", "costofGoodsAndServicesSold": "6490000000", "operatingIncome": "725000000", "sellingGeneralAndAdministrative": "1177000000", "researchAndDevelopment": "0", "operatingExpenses": "1177000000", "investmentIncomeNet": "None", "netInterestIncome": "None", "interestIncome": "None", "interestExpense": "95000000", "nonInterestIncome": "None", "otherNonOperatingIncome": "None", "depreciation": "None", "depreciationAndAmortization": "242000000", "incomeBeforeTax": "705000000", "incomeTaxExpense": "208000000", "interestAndDebtExpense": "None", "netIncomeFromContinuingOperations": "0", "comprehensiveIncomeNetOfTax": "None", "ebit": "918000000", "ebitda": "1160000000", "netIncome": "598000000"}, {"fiscalDateEnding": "2010-06-30", "reportedCurrency": "USD", "grossProfit": "1893000000", "totalRevenue": "8161000000", "costOfRevenue": "6268000000", "costofGoodsAndServicesSold": "6268000000", "operatingIncome": "731000000", "sellingGeneralAndAdministrative": "1162000000", "researchAndDevelopment": "0", "operatingExpenses": "1162000000", "investmentIncomeNet": "None", "netInterestIncome": "None", "interestIncome": "None", "interestExpense": "92000000", "nonInterestIncome": "None", "otherNonOperatingIncome": "None", "depreciation": "None", "depreciationAndAmortization": "241000000", "incomeBeforeTax": "648000000", "incomeTaxExpense": "172000000", "interestAndDebtExpense": "None", "netIncomeFromContinuingOperations": "0", "comprehensiveIncomeNetOfTax": "None", "ebit": "858000000", "ebitda": "1099000000", "netIncome": "566000000"}, {"fiscalDateEnding": "2010-03-31", "reportedCurrency": "USD", "grossProfit": "1794000000", "totalRevenue": "7776000000", "costOfRevenue": "5982000000", "costofGoodsAndServicesSold": "5982000000", "operatingIncome": "658000000", "sellingGeneralAndAdministrative": "1136000000", "researchAndDevelopment": "0", "operatingExpenses": "1136000000", "investmentIncomeNet": "None", "netInterestIncome": "None", "interestIncome": "None", "interestExpense": "107000000", "nonInterestIncome": "None", "otherNonOperatingIncome": "None", "depreciation": "None", "depreciationAndAmortization": "233000000", "incomeBeforeTax": "553000000", "incomeTaxExpense": "160000000", "interestAndDebtExpense": "None", "netIncomeFromContinuingOperations": "0", "comprehensiveIncomeNetOfTax": "None", "ebit": "809000000", "ebitda": "1042000000", "netIncome": "386000000"}, {"fiscalDateEnding": "2009-12-31", "reportedCurrency": "USD", "grossProfit": "2122000000", "totalRevenue": "8072000000", "costOfRevenue": "5950000000", "costofGoodsAndServicesSold": "5950000000", "operatingIncome": "1051000000", "sellingGeneralAndAdministrative": "1071000000", "researchAndDevelopment": "1330000000", "operatingExpenses": "1071000000", "investmentIncomeNet": "None", "netInterestIncome": "None", "interestIncome": "None", "interestExpense": "109000000", "nonInterestIncome": "None", "otherNonOperatingIncome": "None", "depreciation": "None", "depreciationAndAmortization": "246000000", "incomeBeforeTax": "1011000000", "incomeTaxExpense": "300000000", "interestAndDebtExpense": "None", "netIncomeFromContinuingOperations": "0", "comprehensiveIncomeNetOfTax": "None", "ebit": "1120000000", "ebitda": "1366000000", "netIncome": "698000000"}, {"fiscalDateEnding": "2009-09-30", "reportedCurrency": "USD", "grossProfit": "1903000000", "totalRevenue": "7700000000", "costOfRevenue": "5797000000", "costofGoodsAndServicesSold": "5797000000", "operatingIncome": "869000000", "sellingGeneralAndAdministrative": "1034000000", "researchAndDevelopment": "0", "operatingExpenses": "995000000", "investmentIncomeNet": "None", "netInterestIncome": "None", "interestIncome": "None", "interestExpense": "110000000", "nonInterestIncome": "None", "otherNonOperatingIncome": "None", "depreciation": "None", "depreciationAndAmortization": "242000000", "incomeBeforeTax": "798000000", "incomeTaxExpense": "179000000", "interestAndDebtExpense": "None", "netIncomeFromContinuingOperations": "0", "comprehensiveIncomeNetOfTax": "None", "ebit": "908000000", "ebitda": "1150000000", "netIncome": "608000000"}, {"fiscalDateEnding": "2009-06-30", "reportedCurrency": "USD", "grossProfit": "1884000000", "totalRevenue": "7566000000", "costOfRevenue": "5682000000", "costofGoodsAndServicesSold": "5682000000", "operatingIncome": "800000000", "sellingGeneralAndAdministrative": "1084000000", "researchAndDevelopment": "0", "operatingExpenses": "1135000000", "investmentIncomeNet": "None", "netInterestIncome": "None", "interestIncome": "None", "interestExpense": "123000000", "nonInterestIncome": "None", "otherNonOperatingIncome": "None", "depreciation": "None", "depreciationAndAmortization": "235000000", "incomeBeforeTax": "626000000", "incomeTaxExpense": "166000000", "interestAndDebtExpense": "None", "netIncomeFromContinuingOperations": "0", "comprehensiveIncomeNetOfTax": "None", "ebit": "749000000", "ebitda": "984000000", "netIncome": "450000000"}, {"fiscalDateEnding": "2009-03-31", "reportedCurrency": "USD", "grossProfit": "1814000000", "totalRevenue": "7570000000", "costOfRevenue": "5756000000", "costofGoodsAndServicesSold": "5756000000", "operatingIncome": "662000000", "sellingGeneralAndAdministrative": "1152000000", "researchAndDevelopment": "0", "operatingExpenses": "1152000000", "investmentIncomeNet": "None", "netInterestIncome": "None", "interestIncome": "None", "interestExpense": "117000000", "nonInterestIncome": "None", "otherNonOperatingIncome": "None", "depreciation": "None", "depreciationAndAmortization": "234000000", "incomeBeforeTax": "543000000", "incomeTaxExpense": "144000000", "interestAndDebtExpense": "None", "netIncomeFromContinuingOperations": "0", "comprehensiveIncomeNetOfTax": "None", "ebit": "660000000", "ebitda": "894000000", "netIncome": "397000000"}, {"fiscalDateEnding": "2008-12-31", "reportedCurrency": "USD", "grossProfit": "2189000000", "totalRevenue": "8712000000", "costOfRevenue": "6523000000", "costofGoodsAndServicesSold": "6523000000", "operatingIncome": "1010000000", "sellingGeneralAndAdministrative": "1179000000", "researchAndDevelopment": "1543000000", "operatingExpenses": "1179000000", "investmentIncomeNet": "None", "netInterestIncome": "None", "interestIncome": "None", "interestExpense": "122000000", "nonInterestIncome": "None", "otherNonOperatingIncome": "None", "depreciation": "None", "depreciationAndAmortization": "210000000", "incomeBeforeTax": "908000000", "incomeTaxExpense": "201000000", "interestAndDebtExpense": "None", "netIncomeFromContinuingOperations": "0", "comprehensiveIncomeNetOfTax": "None", "ebit": "1010000000", "ebitda": "1220000000", "netIncome": "707000000"}, {"fiscalDateEnding": "2008-09-30", "reportedCurrency": "USD", "grossProfit": "1799000000", "totalRevenue": "9275000000", "costOfRevenue": "7476000000", "costofGoodsAndServicesSold": "7476000000", "operatingIncome": "490000000", "sellingGeneralAndAdministrative": "1309000000", "researchAndDevelopment": "0", "operatingExpenses": "1309000000", "investmentIncomeNet": "None", "netInterestIncome": "None", "interestIncome": "None", "interestExpense": "112000000", "nonInterestIncome": "None", "otherNonOperatingIncome": "None", "depreciation": "None", "depreciationAndAmortization": "247000000", "incomeBeforeTax": "1034000000", "incomeTaxExpense": "315000000", "interestAndDebtExpense": "None", "netIncomeFromContinuingOperations": "0", "comprehensiveIncomeNetOfTax": "None", "ebit": "-118000000", "ebitda": "129000000", "netIncome": "719000000"}, {"fiscalDateEnding": "2008-06-30", "reportedCurrency": "USD", "grossProfit": "2351000000", "totalRevenue": "9674000000", "costOfRevenue": "7323000000", "costofGoodsAndServicesSold": "7323000000", "operatingIncome": "1061000000", "sellingGeneralAndAdministrative": "1290000000", "researchAndDevelopment": "0", "operatingExpenses": "1290000000", "investmentIncomeNet": "None", "netInterestIncome": "None", "interestIncome": "None", "interestExpense": "115000000", "nonInterestIncome": "None", "otherNonOperatingIncome": "None", "depreciation": "None", "depreciationAndAmortization": "229000000", "incomeBeforeTax": "984000000", "incomeTaxExpense": "261000000", "interestAndDebtExpense": "None", "netIncomeFromContinuingOperations": "0", "comprehensiveIncomeNetOfTax": "None", "ebit": "1104000000", "ebitda": "1333000000", "netIncome": "723000000"}, {"fiscalDateEnding": "2008-03-31", "reportedCurrency": "USD", "grossProfit": "2223000000", "totalRevenue": "8895000000", "costOfRevenue": "6672000000", "costofGoodsAndServicesSold": "6672000000", "operatingIncome": "968000000", "sellingGeneralAndAdministrative": "1255000000", "researchAndDevelopment": "0", "operatingExpenses": "1255000000", "investmentIncomeNet": "None", "netInterestIncome": "None", "interestIncome": "None", "interestExpense": "115000000", "nonInterestIncome": "None", "otherNonOperatingIncome": "None", "depreciation": "None", "depreciationAndAmortization": "217000000", "incomeBeforeTax": "875000000", "incomeTaxExpense": "232000000", "interestAndDebtExpense": "None", "netIncomeFromContinuingOperations": "0", "comprehensiveIncomeNetOfTax": "None", "ebit": "994000000", "ebitda": "1211000000", "netIncome": "643000000"}, {"fiscalDateEnding": "2007-12-31", "reportedCurrency": "USD", "grossProfit": "2262000000", "totalRevenue": "9275000000", "costOfRevenue": "7013000000", "costofGoodsAndServicesSold": "7013000000", "operatingIncome": "1057000000", "sellingGeneralAndAdministrative": "1205000000", "researchAndDevelopment": "1459000000", "operatingExpenses": "1205000000", "investmentIncomeNet": "None", "netInterestIncome": "None", "interestIncome": "None", "interestExpense": "130000000", "nonInterestIncome": "None", "otherNonOperatingIncome": "None", "depreciation": "None", "depreciationAndAmortization": "217000000", "incomeBeforeTax": "938000000", "incomeTaxExpense": "249000000", "interestAndDebtExpense": "None", "netIncomeFromContinuingOperations": "0", "comprehensiveIncomeNetOfTax": "None", "ebit": "1057000000", "ebitda": "1274000000", "netIncome": "689000000"}, {"fiscalDateEnding": "2007-09-30", "reportedCurrency": "USD", "grossProfit": "2089000000", "totalRevenue": "8735000000", "costOfRevenue": "6646000000", "costofGoodsAndServicesSold": "6646000000", "operatingIncome": "945000000", "sellingGeneralAndAdministrative": "1144000000", "researchAndDevelopment": "0", "operatingExpenses": "1144000000", "investmentIncomeNet": "None", "netInterestIncome": "None", "interestIncome": "None", "interestExpense": "124000000", "nonInterestIncome": "None", "otherNonOperatingIncome": "None", "depreciation": "None", "depreciationAndAmortization": "207000000", "incomeBeforeTax": "837000000", "incomeTaxExpense": "219000000", "interestAndDebtExpense": "None", "netIncomeFromContinuingOperations": "0", "comprehensiveIncomeNetOfTax": "None", "ebit": "945000000", "ebitda": "1152000000", "netIncome": "618000000"}, {"fiscalDateEnding": "2007-06-30", "reportedCurrency": "USD", "grossProfit": "2047000000", "totalRevenue": "8538000000", "costOfRevenue": "6491000000", "costofGoodsAndServicesSold": "6491000000", "operatingIncome": "920000000", "sellingGeneralAndAdministrative": "1127000000", "researchAndDevelopment": "0", "operatingExpenses": "1127000000", "investmentIncomeNet": "None", "netInterestIncome": "None", "interestIncome": "None", "interestExpense": "110000000", "nonInterestIncome": "None", "otherNonOperatingIncome": "None", "depreciation": "None", "depreciationAndAmortization": "213000000", "incomeBeforeTax": "830000000", "incomeTaxExpense": "219000000", "interestAndDebtExpense": "None", "netIncomeFromContinuingOperations": "0", "comprehensiveIncomeNetOfTax": "None", "ebit": "920000000", "ebitda": "1133000000", "netIncome": "611000000"}, {"fiscalDateEnding": "2007-03-31", "reportedCurrency": "USD", "grossProfit": "1891000000", "totalRevenue": "8041000000", "costOfRevenue": "6150000000", "costofGoodsAndServicesSold": "6150000000", "operatingIncome": "802000000", "sellingGeneralAndAdministrative": "1089000000", "researchAndDevelopment": "0", "operatingExpenses": "1089000000", "investmentIncomeNet": "None", "netInterestIncome": "None", "interestIncome": "None", "interestExpense": "97000000", "nonInterestIncome": "None", "otherNonOperatingIncome": "None", "depreciation": "None", "depreciationAndAmortization": "200000000", "incomeBeforeTax": "716000000", "incomeTaxExpense": "190000000", "interestAndDebtExpense": "None", "netIncomeFromContinuingOperations": "0", "comprehensiveIncomeNetOfTax": "None", "ebit": "802000000", "ebitda": "1002000000", "netIncome": "526000000"}, {"fiscalDateEnding": "2006-12-31", "reportedCurrency": "USD", "grossProfit": "1918000000", "totalRevenue": "8276000000", "costOfRevenue": "6358000000", "costofGoodsAndServicesSold": "6358000000", "operatingIncome": "833000000", "sellingGeneralAndAdministrative": "1085000000", "researchAndDevelopment": "1411000000", "operatingExpenses": "1085000000", "investmentIncomeNet": "None", "netInterestIncome": "None", "interestIncome": "None", "interestExpense": "94000000", "nonInterestIncome": "None", "otherNonOperatingIncome": "None", "depreciation": "None", "depreciationAndAmortization": "198000000", "incomeBeforeTax": "781000000", "incomeTaxExpense": "196000000", "interestAndDebtExpense": "None", "netIncomeFromContinuingOperations": "0", "comprehensiveIncomeNetOfTax": "None", "ebit": "833000000", "ebitda": "1031000000", "netIncome": "585000000"}, {"fiscalDateEnding": "2006-09-30", "reportedCurrency": "USD", "grossProfit": "1841000000", "totalRevenue": "7952000000", "costOfRevenue": "6111000000", "costofGoodsAndServicesSold": "6111000000", "operatingIncome": "804000000", "sellingGeneralAndAdministrative": "1037000000", "researchAndDevelopment": "0", "operatingExpenses": "1037000000", "investmentIncomeNet": "None", "netInterestIncome": "None", "interestIncome": "None", "interestExpense": "97000000", "nonInterestIncome": "None", "otherNonOperatingIncome": "None", "depreciation": "None", "depreciationAndAmortization": "190000000", "incomeBeforeTax": "734000000", "incomeTaxExpense": "193000000", "interestAndDebtExpense": "None", "netIncomeFromContinuingOperations": "0", "comprehensiveIncomeNetOfTax": "None", "ebit": "804000000", "ebitda": "994000000", "netIncome": "541000000"}, {"fiscalDateEnding": "2006-06-30", "reportedCurrency": "USD", "grossProfit": "1871000000", "totalRevenue": "7898000000", "costOfRevenue": "6027000000", "costofGoodsAndServicesSold": "6027000000", "operatingIncome": "785000000", "sellingGeneralAndAdministrative": "1086000000", "researchAndDevelopment": "0", "operatingExpenses": "1086000000", "investmentIncomeNet": "None", "netInterestIncome": "None", "interestIncome": "None", "interestExpense": "94000000", "nonInterestIncome": "None", "otherNonOperatingIncome": "None", "depreciation": "None", "depreciationAndAmortization": "218000000", "incomeBeforeTax": "708000000", "incomeTaxExpense": "187000000", "interestAndDebtExpense": "None", "netIncomeFromContinuingOperations": "0", "comprehensiveIncomeNetOfTax": "None", "ebit": "785000000", "ebitda": "1003000000", "netIncome": "521000000"}, {"fiscalDateEnding": "2006-03-31", "reportedCurrency": "USD", "grossProfit": "1641000000", "totalRevenue": "7241000000", "costOfRevenue": "5600000000", "costofGoodsAndServicesSold": "5600000000", "operatingIncome": "639000000", "sellingGeneralAndAdministrative": "1002000000", "researchAndDevelopment": "0", "operatingExpenses": "1002000000", "investmentIncomeNet": "None", "netInterestIncome": "None", "interestIncome": "None", "interestExpense": "89000000", "nonInterestIncome": "None", "otherNonOperatingIncome": "None", "depreciation": "None", "depreciationAndAmortization": "188000000", "incomeBeforeTax": "575000000", "incomeTaxExpense": "144000000", "interestAndDebtExpense": "None", "netIncomeFromContinuingOperations": "0", "comprehensiveIncomeNetOfTax": "None", "ebit": "639000000", "ebitda": "827000000", "netIncome": "436000000"}, {"fiscalDateEnding": "2005-12-31", "reportedCurrency": "USD", "grossProfit": "1680000000", "totalRevenue": "7275000000", "costOfRevenue": "5595000000", "costofGoodsAndServicesSold": "5595000000", "operatingIncome": "744000000", "sellingGeneralAndAdministrative": "936000000", "researchAndDevelopment": "1072000000", "operatingExpenses": "936000000", "investmentIncomeNet": "None", "netInterestIncome": "None", "interestIncome": "None", "interestExpense": "356000000", "nonInterestIncome": "None", "otherNonOperatingIncome": "None", "depreciation": "None", "depreciationAndAmortization": "181000000", "incomeBeforeTax": "726000000", "incomeTaxExpense": "215000000", "interestAndDebtExpense": "None", "netIncomeFromContinuingOperations": "0", "comprehensiveIncomeNetOfTax": "None", "ebit": "744000000", "ebitda": "925000000", "netIncome": "520000000"}, {"fiscalDateEnding": "2005-09-30", "reportedCurrency": "USD", "grossProfit": "1608000000", "totalRevenue": "6899000000", "costOfRevenue": "5291000000", "costofGoodsAndServicesSold": "5291000000", "operatingIncome": "626000000", "sellingGeneralAndAdministrative": "982000000", "researchAndDevelopment": "0", "operatingExpenses": "982000000", "investmentIncomeNet": "None", "netInterestIncome": "None", "interestIncome": "None", "interestExpense": "83000000", "nonInterestIncome": "None", "otherNonOperatingIncome": "None", "depreciation": "None", "depreciationAndAmortization": "173000000", "incomeBeforeTax": "586000000", "incomeTaxExpense": "153000000", "interestAndDebtExpense": "None", "netIncomeFromContinuingOperations": "0", "comprehensiveIncomeNetOfTax": "None", "ebit": "607000000", "ebitda": "780000000", "netIncome": "464000000"}, {"fiscalDateEnding": "2005-06-30", "reportedCurrency": "USD", "grossProfit": "1532000000", "totalRevenue": "7026000000", "costOfRevenue": "5494000000", "costofGoodsAndServicesSold": "5494000000", "operatingIncome": "597000000", "sellingGeneralAndAdministrative": "935000000", "researchAndDevelopment": "0", "operatingExpenses": "935000000", "investmentIncomeNet": "None", "netInterestIncome": "None", "interestIncome": "None", "interestExpense": "86000000", "nonInterestIncome": "None", "otherNonOperatingIncome": "None", "depreciation": "None", "depreciationAndAmortization": "176000000", "incomeBeforeTax": "525000000", "incomeTaxExpense": "247000000", "interestAndDebtExpense": "None", "netIncomeFromContinuingOperations": "0", "comprehensiveIncomeNetOfTax": "None", "ebit": "573000000", "ebitda": "749000000", "netIncome": "302000000"}, {"fiscalDateEnding": "2005-03-31", "reportedCurrency": "USD", "grossProfit": "1368000000", "totalRevenue": "6453000000", "costOfRevenue": "5085000000", "costofGoodsAndServicesSold": "5085000000", "operatingIncome": "514000000", "sellingGeneralAndAdministrative": "854000000", "researchAndDevelopment": "0", "operatingExpenses": "854000000", "investmentIncomeNet": "None", "netInterestIncome": "None", "interestIncome": "None", "interestExpense": "91000000", "nonInterestIncome": "None", "otherNonOperatingIncome": "None", "depreciation": "None", "depreciationAndAmortization": "167000000", "incomeBeforeTax": "486000000", "incomeTaxExpense": "127000000", "interestAndDebtExpense": "None", "netIncomeFromContinuingOperations": "0", "comprehensiveIncomeNetOfTax": "None", "ebit": "513000000", "ebitda": "680000000", "netIncome": "358000000"}, {"fiscalDateEnding": "2004-12-31", "reportedCurrency": "USD", "grossProfit": "1300000000", "totalRevenue": "6640000000", "costOfRevenue": "5340000000", "costofGoodsAndServicesSold": "5340000000", "operatingIncome": "435000000", "sellingGeneralAndAdministrative": "865000000", "researchAndDevelopment": "917000000", "operatingExpenses": "865000000", "investmentIncomeNet": "None", "netInterestIncome": "None", "interestIncome": "None", "interestExpense": "84000000", "nonInterestIncome": "None", "otherNonOperatingIncome": "None", "depreciation": "None", "depreciationAndAmortization": "222000000", "incomeBeforeTax": "266000000", "incomeTaxExpense": "13000000", "interestAndDebtExpense": "None", "netIncomeFromContinuingOperations": "0", "comprehensiveIncomeNetOfTax": "None", "ebit": "435000000", "ebitda": "657000000", "netIncome": "253000000"}]}