{"symbol": "RTX", "annualReports": [{"fiscalDateEnding": "2024-12-31", "reportedCurrency": "USD", "grossProfit": "15410000000", "totalRevenue": "80738000000", "costOfRevenue": "65328000000", "costofGoodsAndServicesSold": "65328000000", "operatingIncome": "6538000000", "sellingGeneralAndAdministrative": "5806000000", "researchAndDevelopment": "2934000000", "operatingExpenses": "8872000000", "investmentIncomeNet": "None", "netInterestIncome": "-1868000000", "interestIncome": "102000000", "interestExpense": "1970000000", "nonInterestIncome": "None", "otherNonOperatingIncome": "None", "depreciation": "None", "depreciationAndAmortization": "4364000000", "incomeBeforeTax": "6194000000", "incomeTaxExpense": "1181000000", "interestAndDebtExpense": "None", "netIncomeFromContinuingOperations": "5013000000", "comprehensiveIncomeNetOfTax": "None", "ebit": "8164000000", "ebitda": "12528000000", "netIncome": "4774000000"}, {"fiscalDateEnding": "2023-12-31", "reportedCurrency": "USD", "grossProfit": "12089000000", "totalRevenue": "68920000000", "costOfRevenue": "56831000000", "costofGoodsAndServicesSold": "56831000000", "operatingIncome": "3561000000", "sellingGeneralAndAdministrative": "4029000000", "researchAndDevelopment": "2805000000", "operatingExpenses": "8614000000", "investmentIncomeNet": "None", "netInterestIncome": "-1553000000", "interestIncome": "100000000", "interestExpense": "1505000000", "nonInterestIncome": "None", "otherNonOperatingIncome": "None", "depreciation": "None", "depreciationAndAmortization": "4211000000", "incomeBeforeTax": "3836000000", "incomeTaxExpense": "456000000", "interestAndDebtExpense": "None", "netIncomeFromContinuingOperations": "3380000000", "comprehensiveIncomeNetOfTax": "None", "ebit": "3561000000", "ebitda": "3561000000", "netIncome": "3380000000"}, {"fiscalDateEnding": "2022-12-31", "reportedCurrency": "USD", "grossProfit": "13668000000", "totalRevenue": "67074000000", "costOfRevenue": "53406000000", "costofGoodsAndServicesSold": "53406000000", "operatingIncome": "7303000000", "sellingGeneralAndAdministrative": "3684000000", "researchAndDevelopment": "2711000000", "operatingExpenses": "8254000000", "investmentIncomeNet": "None", "netInterestIncome": "-1276000000", "interestIncome": "1276000000", "interestExpense": "1276000000", "nonInterestIncome": "None", "otherNonOperatingIncome": "None", "depreciation": "None", "depreciationAndAmortization": "3757000000", "incomeBeforeTax": "6027000000", "incomeTaxExpense": "700000000", "interestAndDebtExpense": "None", "netIncomeFromContinuingOperations": "5327000000", "comprehensiveIncomeNetOfTax": "None", "ebit": "7417000000", "ebitda": "11174000000", "netIncome": "5197000000"}, {"fiscalDateEnding": "2021-12-31", "reportedCurrency": "USD", "grossProfit": "12491000000", "totalRevenue": "64388000000", "costOfRevenue": "51897000000", "costofGoodsAndServicesSold": "51897000000", "operatingIncome": "6902000000", "sellingGeneralAndAdministrative": "3102000000", "researchAndDevelopment": "2732000000", "operatingExpenses": "7533000000", "investmentIncomeNet": "None", "netInterestIncome": "-1322000000", "interestIncome": "1322000000", "interestExpense": "1322000000", "nonInterestIncome": "None", "otherNonOperatingIncome": "-649000000", "depreciation": "None", "depreciationAndAmortization": "4267000000", "incomeBeforeTax": "4931000000", "incomeTaxExpense": "786000000", "interestAndDebtExpense": "None", "netIncomeFromContinuingOperations": "4145000000", "comprehensiveIncomeNetOfTax": "None", "ebit": "6289000000", "ebitda": "10556000000", "netIncome": "3864000000"}, {"fiscalDateEnding": "2020-12-31", "reportedCurrency": "USD", "grossProfit": "8531000000", "totalRevenue": "56587000000", "costOfRevenue": "48056000000", "costofGoodsAndServicesSold": "48056000000", "operatingIncome": "2196000000", "sellingGeneralAndAdministrative": "5540000000", "researchAndDevelopment": "2582000000", "operatingExpenses": "7237000000", "investmentIncomeNet": "None", "netInterestIncome": "-1366000000", "interestIncome": "1366000000", "interestExpense": "1366000000", "nonInterestIncome": "None", "otherNonOperatingIncome": "None", "depreciation": "None", "depreciationAndAmortization": "3892000000", "incomeBeforeTax": "-2353000000", "incomeTaxExpense": "575000000", "interestAndDebtExpense": "None", "netIncomeFromContinuingOperations": "-2928000000", "comprehensiveIncomeNetOfTax": "None", "ebit": "-945000000", "ebitda": "2947000000", "netIncome": "-2928000000"}, {"fiscalDateEnding": "2019-12-31", "reportedCurrency": "USD", "grossProfit": "19981000000", "totalRevenue": "77046000000", "costOfRevenue": "57065000000", "costofGoodsAndServicesSold": "57065000000", "operatingIncome": "8966000000", "sellingGeneralAndAdministrative": "8521000000", "researchAndDevelopment": "3015000000", "operatingExpenses": "11015000000", "investmentIncomeNet": "None", "netInterestIncome": "-1611000000", "interestIncome": "162000000", "interestExpense": "1611000000", "nonInterestIncome": "None", "otherNonOperatingIncome": "None", "depreciation": "None", "depreciationAndAmortization": "2435000000", "incomeBeforeTax": "8243000000", "incomeTaxExpense": "2295000000", "interestAndDebtExpense": "None", "netIncomeFromContinuingOperations": "5948000000", "comprehensiveIncomeNetOfTax": "None", "ebit": "5863000000", "ebitda": "8298000000", "netIncome": "5537000000"}, {"fiscalDateEnding": "2018-12-31", "reportedCurrency": "USD", "grossProfit": "16516000000", "totalRevenue": "66501000000", "costOfRevenue": "49985000000", "costofGoodsAndServicesSold": "49985000000", "operatingIncome": "8553000000", "sellingGeneralAndAdministrative": "7066000000", "researchAndDevelopment": "2462000000", "operatingExpenses": "7963000000", "investmentIncomeNet": "None", "netInterestIncome": "-1038000000", "interestIncome": "187000000", "interestExpense": "1038000000", "nonInterestIncome": "None", "otherNonOperatingIncome": "None", "depreciation": "None", "depreciationAndAmortization": "2216000000", "incomeBeforeTax": "8280000000", "incomeTaxExpense": "2626000000", "interestAndDebtExpense": "None", "netIncomeFromContinuingOperations": "5654000000", "comprehensiveIncomeNetOfTax": "None", "ebit": "9505000000", "ebitda": "11721000000", "netIncome": "5269000000"}, {"fiscalDateEnding": "2017-12-31", "reportedCurrency": "USD", "grossProfit": "15884000000", "totalRevenue": "59837000000", "costOfRevenue": "43953000000", "costofGoodsAndServicesSold": "43953000000", "operatingIncome": "8672000000", "sellingGeneralAndAdministrative": "6183000000", "researchAndDevelopment": "2387000000", "operatingExpenses": "7212000000", "investmentIncomeNet": "None", "netInterestIncome": "-909000000", "interestIncome": "909000000", "interestExpense": "909000000", "nonInterestIncome": "None", "otherNonOperatingIncome": "None", "depreciation": "None", "depreciationAndAmortization": "2012000000", "incomeBeforeTax": "7763000000", "incomeTaxExpense": "2843000000", "interestAndDebtExpense": "None", "netIncomeFromContinuingOperations": "4920000000", "comprehensiveIncomeNetOfTax": "None", "ebit": "8780000000", "ebitda": "10792000000", "netIncome": "4552000000"}, {"fiscalDateEnding": "2016-12-31", "reportedCurrency": "USD", "grossProfit": "15784000000", "totalRevenue": "57244000000", "costOfRevenue": "41460000000", "costofGoodsAndServicesSold": "41460000000", "operatingIncome": "8172000000", "sellingGeneralAndAdministrative": "6060000000", "researchAndDevelopment": "2337000000", "operatingExpenses": "7612000000", "investmentIncomeNet": "None", "netInterestIncome": "-1039000000", "interestIncome": "1039000000", "interestExpense": "1039000000", "nonInterestIncome": "None", "otherNonOperatingIncome": "None", "depreciation": "None", "depreciationAndAmortization": "1883000000", "incomeBeforeTax": "7133000000", "incomeTaxExpense": "1697000000", "interestAndDebtExpense": "None", "netIncomeFromContinuingOperations": "5436000000", "comprehensiveIncomeNetOfTax": "None", "ebit": "8294000000", "ebitda": "10177000000", "netIncome": "5055000000"}, {"fiscalDateEnding": "2015-12-31", "reportedCurrency": "USD", "grossProfit": "15667000000", "totalRevenue": "56098000000", "costOfRevenue": "40431000000", "costofGoodsAndServicesSold": "40431000000", "operatingIncome": "7291000000", "sellingGeneralAndAdministrative": "5886000000", "researchAndDevelopment": "2279000000", "operatingExpenses": "8376000000", "investmentIncomeNet": "None", "netInterestIncome": "None", "interestIncome": "824000000", "interestExpense": "824000000", "nonInterestIncome": "None", "otherNonOperatingIncome": "None", "depreciation": "None", "depreciationAndAmortization": "1863000000", "incomeBeforeTax": "6467000000", "incomeTaxExpense": "2111000000", "interestAndDebtExpense": "None", "netIncomeFromContinuingOperations": "4356000000", "comprehensiveIncomeNetOfTax": "None", "ebit": "7412000000", "ebitda": "9275000000", "netIncome": "7608000000"}, {"fiscalDateEnding": "2014-12-31", "reportedCurrency": "USD", "grossProfit": "17653000000", "totalRevenue": "65100000000", "costOfRevenue": "47447000000", "costofGoodsAndServicesSold": "47447000000", "operatingIncome": "9769000000", "sellingGeneralAndAdministrative": "6500000000", "researchAndDevelopment": "2635000000", "operatingExpenses": "7884000000", "investmentIncomeNet": "None", "netInterestIncome": "None", "interestIncome": "None", "interestExpense": "882000000", "nonInterestIncome": "None", "otherNonOperatingIncome": "None", "depreciation": "None", "depreciationAndAmortization": "1907000000", "incomeBeforeTax": "8887000000", "incomeTaxExpense": "2264000000", "interestAndDebtExpense": "None", "netIncomeFromContinuingOperations": "6623000000", "comprehensiveIncomeNetOfTax": "None", "ebit": "9660000000", "ebitda": "11567000000", "netIncome": "6220000000"}, {"fiscalDateEnding": "2013-12-31", "reportedCurrency": "USD", "grossProfit": "17305000000", "totalRevenue": "62626000000", "costOfRevenue": "45321000000", "costofGoodsAndServicesSold": "45321000000", "operatingIncome": "9209000000", "sellingGeneralAndAdministrative": "6718000000", "researchAndDevelopment": "2529000000", "operatingExpenses": "8096000000", "investmentIncomeNet": "None", "netInterestIncome": "None", "interestIncome": "None", "interestExpense": "897000000", "nonInterestIncome": "None", "otherNonOperatingIncome": "None", "depreciation": "None", "depreciationAndAmortization": "1821000000", "incomeBeforeTax": "8312000000", "incomeTaxExpense": "2238000000", "interestAndDebtExpense": "None", "netIncomeFromContinuingOperations": "6074000000", "comprehensiveIncomeNetOfTax": "None", "ebit": "8600000000", "ebitda": "10421000000", "netIncome": "5721000000"}, {"fiscalDateEnding": "2012-12-31", "reportedCurrency": "USD", "grossProfit": "15555000000", "totalRevenue": "57708000000", "costOfRevenue": "42153000000", "costofGoodsAndServicesSold": "42153000000", "operatingIncome": "7684000000", "sellingGeneralAndAdministrative": "6452000000", "researchAndDevelopment": "2371000000", "operatingExpenses": "7871000000", "investmentIncomeNet": "None", "netInterestIncome": "None", "interestIncome": "None", "interestExpense": "773000000", "nonInterestIncome": "None", "otherNonOperatingIncome": "None", "depreciation": "None", "depreciationAndAmortization": "1524000000", "incomeBeforeTax": "6911000000", "incomeTaxExpense": "1711000000", "interestAndDebtExpense": "None", "netIncomeFromContinuingOperations": "5200000000", "comprehensiveIncomeNetOfTax": "None", "ebit": "7804000000", "ebitda": "9328000000", "netIncome": "5130000000"}, {"fiscalDateEnding": "2011-12-31", "reportedCurrency": "USD", "grossProfit": "16037000000", "totalRevenue": "58190000000", "costOfRevenue": "42153000000", "costofGoodsAndServicesSold": "42153000000", "operatingIncome": "8099000000", "sellingGeneralAndAdministrative": "6464000000", "researchAndDevelopment": "2058000000", "operatingExpenses": "7938000000", "investmentIncomeNet": "None", "netInterestIncome": "None", "interestIncome": "None", "interestExpense": "673000000", "nonInterestIncome": "None", "otherNonOperatingIncome": "None", "depreciation": "None", "depreciationAndAmortization": "1347000000", "incomeBeforeTax": "7605000000", "incomeTaxExpense": "2231000000", "interestAndDebtExpense": "None", "netIncomeFromContinuingOperations": "None", "comprehensiveIncomeNetOfTax": "None", "ebit": "7897000000", "ebitda": "9244000000", "netIncome": "4979000000"}, {"fiscalDateEnding": "2010-12-31", "reportedCurrency": "USD", "grossProfit": "14912000000", "totalRevenue": "54326000000", "costOfRevenue": "39414000000", "costofGoodsAndServicesSold": "39414000000", "operatingIncome": "7186000000", "sellingGeneralAndAdministrative": "6024000000", "researchAndDevelopment": "1746000000", "operatingExpenses": "7726000000", "investmentIncomeNet": "None", "netInterestIncome": "None", "interestIncome": "None", "interestExpense": "750000000", "nonInterestIncome": "None", "otherNonOperatingIncome": "None", "depreciation": "None", "depreciationAndAmortization": "1356000000", "incomeBeforeTax": "6538000000", "incomeTaxExpense": "1827000000", "interestAndDebtExpense": "None", "netIncomeFromContinuingOperations": "None", "comprehensiveIncomeNetOfTax": "None", "ebit": "7186000000", "ebitda": "8542000000", "netIncome": "4373000000"}, {"fiscalDateEnding": "2009-12-31", "reportedCurrency": "USD", "grossProfit": "14059000000", "totalRevenue": "52920000000", "costOfRevenue": "38861000000", "costofGoodsAndServicesSold": "38861000000", "operatingIncome": "6465000000", "sellingGeneralAndAdministrative": "6036000000", "researchAndDevelopment": "1558000000", "operatingExpenses": "7594000000", "investmentIncomeNet": "None", "netInterestIncome": "None", "interestIncome": "None", "interestExpense": "705000000", "nonInterestIncome": "None", "otherNonOperatingIncome": "None", "depreciation": "None", "depreciationAndAmortization": "1258000000", "incomeBeforeTax": "5760000000", "incomeTaxExpense": "1581000000", "interestAndDebtExpense": "None", "netIncomeFromContinuingOperations": "None", "comprehensiveIncomeNetOfTax": "None", "ebit": "6406000000", "ebitda": "7664000000", "netIncome": "3829000000"}, {"fiscalDateEnding": "2008-12-31", "reportedCurrency": "USD", "grossProfit": "16120000000", "totalRevenue": "58681000000", "costOfRevenue": "42561000000", "costofGoodsAndServicesSold": "42561000000", "operatingIncome": "7625000000", "sellingGeneralAndAdministrative": "6724000000", "researchAndDevelopment": "1771000000", "operatingExpenses": "8495000000", "investmentIncomeNet": "None", "netInterestIncome": "None", "interestIncome": "None", "interestExpense": "689000000", "nonInterestIncome": "None", "otherNonOperatingIncome": "None", "depreciation": "None", "depreciationAndAmortization": "1321000000", "incomeBeforeTax": "6936000000", "incomeTaxExpense": "1883000000", "interestAndDebtExpense": "None", "netIncomeFromContinuingOperations": "None", "comprehensiveIncomeNetOfTax": "None", "ebit": "7532000000", "ebitda": "8853000000", "netIncome": "4689000000"}, {"fiscalDateEnding": "2007-12-31", "reportedCurrency": "USD", "grossProfit": "14837000000", "totalRevenue": "54759000000", "costOfRevenue": "39922000000", "costofGoodsAndServicesSold": "39922000000", "operatingIncome": "7050000000", "sellingGeneralAndAdministrative": "6109000000", "researchAndDevelopment": "1678000000", "operatingExpenses": "7787000000", "investmentIncomeNet": "None", "netInterestIncome": "None", "interestIncome": "None", "interestExpense": "666000000", "nonInterestIncome": "None", "otherNonOperatingIncome": "None", "depreciation": "None", "depreciationAndAmortization": "1173000000", "incomeBeforeTax": "6384000000", "incomeTaxExpense": "1836000000", "interestAndDebtExpense": "None", "netIncomeFromContinuingOperations": "None", "comprehensiveIncomeNetOfTax": "None", "ebit": "6972000000", "ebitda": "8145000000", "netIncome": "4224000000"}, {"fiscalDateEnding": "2006-12-31", "reportedCurrency": "USD", "grossProfit": "13089000000", "totalRevenue": "47829000000", "costOfRevenue": "34740000000", "costofGoodsAndServicesSold": "34740000000", "operatingIncome": "6098000000", "sellingGeneralAndAdministrative": "5462000000", "researchAndDevelopment": "1529000000", "operatingExpenses": "6991000000", "investmentIncomeNet": "None", "netInterestIncome": "None", "interestIncome": "None", "interestExpense": "606000000", "nonInterestIncome": "None", "otherNonOperatingIncome": "None", "depreciation": "None", "depreciationAndAmortization": "1033000000", "incomeBeforeTax": "5492000000", "incomeTaxExpense": "1494000000", "interestAndDebtExpense": "None", "netIncomeFromContinuingOperations": "None", "comprehensiveIncomeNetOfTax": "None", "ebit": "5065000000", "ebitda": "6098000000", "netIncome": "3732000000"}, {"fiscalDateEnding": "2005-12-31", "reportedCurrency": "USD", "grossProfit": "11790000000", "totalRevenue": "42725000000", "costOfRevenue": "30935000000", "costofGoodsAndServicesSold": "30935000000", "operatingIncome": "5182000000", "sellingGeneralAndAdministrative": "5241000000", "researchAndDevelopment": "1367000000", "operatingExpenses": "6608000000", "investmentIncomeNet": "None", "netInterestIncome": "None", "interestIncome": "None", "interestExpense": "498000000", "nonInterestIncome": "None", "otherNonOperatingIncome": "None", "depreciation": "None", "depreciationAndAmortization": "984000000", "incomeBeforeTax": "4684000000", "incomeTaxExpense": "1253000000", "interestAndDebtExpense": "None", "netIncomeFromContinuingOperations": "None", "comprehensiveIncomeNetOfTax": "None", "ebit": "4198000000", "ebitda": "5182000000", "netIncome": "3069000000"}], "quarterlyReports": [{"fiscalDateEnding": "2024-12-31", "reportedCurrency": "USD", "grossProfit": "4235000000", "totalRevenue": "21623000000", "costOfRevenue": "17388000000", "costofGoodsAndServicesSold": "17388000000", "operatingIncome": "2111000000", "sellingGeneralAndAdministrative": "1574000000", "researchAndDevelopment": "808000000", "operatingExpenses": "2124000000", "investmentIncomeNet": "None", "netInterestIncome": "-487000000", "interestIncome": "27000000", "interestExpense": "514000000", "nonInterestIncome": "None", "otherNonOperatingIncome": "None", "depreciation": "None", "depreciationAndAmortization": "1139000000", "incomeBeforeTax": "2009000000", "incomeTaxExpense": "449000000", "interestAndDebtExpense": "None", "netIncomeFromContinuingOperations": "1560000000", "comprehensiveIncomeNetOfTax": "None", "ebit": "2523000000", "ebitda": "3662000000", "netIncome": "1482000000"}, {"fiscalDateEnding": "2024-09-30", "reportedCurrency": "USD", "grossProfit": "4034000000", "totalRevenue": "20089000000", "costOfRevenue": "16055000000", "costofGoodsAndServicesSold": "16055000000", "operatingIncome": "2028000000", "sellingGeneralAndAdministrative": "2083000000", "researchAndDevelopment": "751000000", "operatingExpenses": "2006000000", "investmentIncomeNet": "None", "netInterestIncome": "-503000000", "interestIncome": "45000000", "interestExpense": "548000000", "nonInterestIncome": "None", "otherNonOperatingIncome": "None", "depreciation": "None", "depreciationAndAmortization": "1094000000", "incomeBeforeTax": "1906000000", "incomeTaxExpense": "371000000", "interestAndDebtExpense": "None", "netIncomeFromContinuingOperations": "1535000000", "comprehensiveIncomeNetOfTax": "None", "ebit": "2454000000", "ebitda": "3548000000", "netIncome": "1472000000"}, {"fiscalDateEnding": "2024-06-30", "reportedCurrency": "USD", "grossProfit": "3580000000", "totalRevenue": "19721000000", "costOfRevenue": "16141000000", "costofGoodsAndServicesSold": "16141000000", "operatingIncome": "1425000000", "sellingGeneralAndAdministrative": "1075000000", "researchAndDevelopment": "706000000", "operatingExpenses": "2155000000", "investmentIncomeNet": "None", "netInterestIncome": "-469000000", "interestIncome": "19000000", "interestExpense": "488000000", "nonInterestIncome": "None", "otherNonOperatingIncome": "None", "depreciation": "None", "depreciationAndAmortization": "1072000000", "incomeBeforeTax": "428000000", "incomeTaxExpense": "253000000", "interestAndDebtExpense": "None", "netIncomeFromContinuingOperations": "175000000", "comprehensiveIncomeNetOfTax": "None", "ebit": "916000000", "ebitda": "1988000000", "netIncome": "111000000"}, {"fiscalDateEnding": "2024-03-31", "reportedCurrency": "USD", "grossProfit": "3561000000", "totalRevenue": "19305000000", "costOfRevenue": "15744000000", "costofGoodsAndServicesSold": "15744000000", "operatingIncome": "1498000000", "sellingGeneralAndAdministrative": "1008000000", "researchAndDevelopment": "669000000", "operatingExpenses": "2063000000", "investmentIncomeNet": "None", "netInterestIncome": "-409000000", "interestIncome": "11000000", "interestExpense": "420000000", "nonInterestIncome": "None", "otherNonOperatingIncome": "None", "depreciation": "None", "depreciationAndAmortization": "1059000000", "incomeBeforeTax": "1851000000", "incomeTaxExpense": "108000000", "interestAndDebtExpense": "None", "netIncomeFromContinuingOperations": "1743000000", "comprehensiveIncomeNetOfTax": "None", "ebit": "2271000000", "ebitda": "3330000000", "netIncome": "1709000000"}, {"fiscalDateEnding": "2023-12-31", "reportedCurrency": "USD", "grossProfit": "4009000000", "totalRevenue": "19927000000", "costOfRevenue": "15918000000", "costofGoodsAndServicesSold": "15918000000", "operatingIncome": "1777000000", "sellingGeneralAndAdministrative": "335000000", "researchAndDevelopment": "757000000", "operatingExpenses": "452000000", "investmentIncomeNet": "None", "netInterestIncome": "-497000000", "interestIncome": "54000000", "interestExpense": "551000000", "nonInterestIncome": "None", "otherNonOperatingIncome": "None", "depreciation": "None", "depreciationAndAmortization": "733000000", "incomeBeforeTax": "1735000000", "incomeTaxExpense": "262000000", "interestAndDebtExpense": "None", "netIncomeFromContinuingOperations": "1473000000", "comprehensiveIncomeNetOfTax": "None", "ebit": "2286000000", "ebitda": "3019000000", "netIncome": "1426000000"}, {"fiscalDateEnding": "2023-09-30", "reportedCurrency": "USD", "grossProfit": "714000000", "totalRevenue": "13464000000", "costOfRevenue": "12750000000", "costofGoodsAndServicesSold": "12750000000", "operatingIncome": "-1396000000", "sellingGeneralAndAdministrative": "1401000000", "researchAndDevelopment": "712000000", "operatingExpenses": "2110000000", "investmentIncomeNet": "None", "netInterestIncome": "-369000000", "interestIncome": "19000000", "interestExpense": "369000000", "nonInterestIncome": "None", "otherNonOperatingIncome": "None", "depreciation": "None", "depreciationAndAmortization": "1074000000", "incomeBeforeTax": "-1322000000", "incomeTaxExpense": "-389000000", "interestAndDebtExpense": "None", "netIncomeFromContinuingOperations": "-933000000", "comprehensiveIncomeNetOfTax": "None", "ebit": "-931000000", "ebitda": "143000000", "netIncome": "-984000000"}, {"fiscalDateEnding": "2023-06-30", "reportedCurrency": "USD", "grossProfit": "3797000000", "totalRevenue": "18315000000", "costOfRevenue": "14518000000", "costofGoodsAndServicesSold": "14518000000", "operatingIncome": "1458000000", "sellingGeneralAndAdministrative": "1153000000", "researchAndDevelopment": "729000000", "operatingExpenses": "2339000000", "investmentIncomeNet": "None", "netInterestIncome": "-333000000", "interestIncome": "333000000", "interestExpense": "333000000", "nonInterestIncome": "None", "otherNonOperatingIncome": "None", "depreciation": "None", "depreciationAndAmortization": "1044000000", "incomeBeforeTax": "1572000000", "incomeTaxExpense": "213000000", "interestAndDebtExpense": "None", "netIncomeFromContinuingOperations": "1359000000", "comprehensiveIncomeNetOfTax": "None", "ebit": "1944000000", "ebitda": "2988000000", "netIncome": "1327000000"}, {"fiscalDateEnding": "2023-03-31", "reportedCurrency": "USD", "grossProfit": "3569000000", "totalRevenue": "17214000000", "costOfRevenue": "13645000000", "costofGoodsAndServicesSold": "13645000000", "operatingIncome": "1652000000", "sellingGeneralAndAdministrative": "919000000", "researchAndDevelopment": "607000000", "operatingExpenses": "1917000000", "investmentIncomeNet": "None", "netInterestIncome": "-315000000", "interestIncome": "10000000", "interestExpense": "315000000", "nonInterestIncome": "None", "otherNonOperatingIncome": "None", "depreciation": "None", "depreciationAndAmortization": "1034000000", "incomeBeforeTax": "1781000000", "incomeTaxExpense": "300000000", "interestAndDebtExpense": "None", "netIncomeFromContinuingOperations": "1481000000", "comprehensiveIncomeNetOfTax": "None", "ebit": "2120000000", "ebitda": "3154000000", "netIncome": "1426000000"}, {"fiscalDateEnding": "2022-12-31", "reportedCurrency": "USD", "grossProfit": "3567000000", "totalRevenue": "18093000000", "costOfRevenue": "14526000000", "costofGoodsAndServicesSold": "14526000000", "operatingIncome": "1501000000", "sellingGeneralAndAdministrative": "1379000000", "researchAndDevelopment": "716000000", "operatingExpenses": "2066000000", "investmentIncomeNet": "None", "netInterestIncome": "-318000000", "interestIncome": "318000000", "interestExpense": "318000000", "nonInterestIncome": "None", "otherNonOperatingIncome": "None", "depreciation": "None", "depreciationAndAmortization": "1048000000", "incomeBeforeTax": "1650000000", "incomeTaxExpense": "182000000", "interestAndDebtExpense": "None", "netIncomeFromContinuingOperations": "1468000000", "comprehensiveIncomeNetOfTax": "None", "ebit": "1982000000", "ebitda": "3030000000", "netIncome": "1422000000"}, {"fiscalDateEnding": "2022-09-30", "reportedCurrency": "USD", "grossProfit": "3487000000", "totalRevenue": "16951000000", "costOfRevenue": "13464000000", "costofGoodsAndServicesSold": "13464000000", "operatingIncome": "1480000000", "sellingGeneralAndAdministrative": "46000000", "researchAndDevelopment": "662000000", "operatingExpenses": "2007000000", "investmentIncomeNet": "None", "netInterestIncome": "-311000000", "interestIncome": "15000000", "interestExpense": "326000000", "nonInterestIncome": "None", "otherNonOperatingIncome": "None", "depreciation": "None", "depreciationAndAmortization": "1047000000", "incomeBeforeTax": "1637000000", "incomeTaxExpense": "242000000", "interestAndDebtExpense": "None", "netIncomeFromContinuingOperations": "1395000000", "comprehensiveIncomeNetOfTax": "None", "ebit": "1963000000", "ebitda": "3010000000", "netIncome": "1387000000"}, {"fiscalDateEnding": "2022-06-30", "reportedCurrency": "USD", "grossProfit": "3458000000", "totalRevenue": "16314000000", "costOfRevenue": "12856000000", "costofGoodsAndServicesSold": "12856000000", "operatingIncome": "1353000000", "sellingGeneralAndAdministrative": "1424000000", "researchAndDevelopment": "698000000", "operatingExpenses": "2105000000", "investmentIncomeNet": "None", "netInterestIncome": "-329000000", "interestIncome": "13000000", "interestExpense": "320000000", "nonInterestIncome": "None", "otherNonOperatingIncome": "None", "depreciation": "None", "depreciationAndAmortization": "999000000", "incomeBeforeTax": "1498000000", "incomeTaxExpense": "160000000", "interestAndDebtExpense": "None", "netIncomeFromContinuingOperations": "1338000000", "comprehensiveIncomeNetOfTax": "None", "ebit": "1818000000", "ebitda": "2817000000", "netIncome": "1304000000"}, {"fiscalDateEnding": "2022-03-31", "reportedCurrency": "USD", "grossProfit": "3156000000", "totalRevenue": "15716000000", "costOfRevenue": "12560000000", "costofGoodsAndServicesSold": "12560000000", "operatingIncome": "1564000000", "sellingGeneralAndAdministrative": "1469000000", "researchAndDevelopment": "635000000", "operatingExpenses": "2104000000", "investmentIncomeNet": "None", "netInterestIncome": "-291000000", "interestIncome": "31000000", "interestExpense": "322000000", "nonInterestIncome": "None", "otherNonOperatingIncome": "None", "depreciation": "None", "depreciationAndAmortization": "1014000000", "incomeBeforeTax": "1242000000", "incomeTaxExpense": "116000000", "interestAndDebtExpense": "None", "netIncomeFromContinuingOperations": "1126000000", "comprehensiveIncomeNetOfTax": "None", "ebit": "1564000000", "ebitda": "2578000000", "netIncome": "1084000000"}, {"fiscalDateEnding": "2021-12-31", "reportedCurrency": "USD", "grossProfit": "3428000000", "totalRevenue": "17044000000", "costOfRevenue": "13616000000", "costofGoodsAndServicesSold": "13616000000", "operatingIncome": "1320000000", "sellingGeneralAndAdministrative": "1407000000", "researchAndDevelopment": "810000000", "operatingExpenses": "2108000000", "investmentIncomeNet": "None", "netInterestIncome": "-308000000", "interestIncome": "308000000", "interestExpense": "308000000", "nonInterestIncome": "None", "otherNonOperatingIncome": "-649000000", "depreciation": "None", "depreciationAndAmortization": "1144000000", "incomeBeforeTax": "867000000", "incomeTaxExpense": "96000000", "interestAndDebtExpense": "None", "netIncomeFromContinuingOperations": "771000000", "comprehensiveIncomeNetOfTax": "None", "ebit": "1187000000", "ebitda": "2331000000", "netIncome": "686000000"}, {"fiscalDateEnding": "2021-09-30", "reportedCurrency": "USD", "grossProfit": "3124000000", "totalRevenue": "16213000000", "costOfRevenue": "13089000000", "costofGoodsAndServicesSold": "13089000000", "operatingIncome": "1343000000", "sellingGeneralAndAdministrative": "1229000000", "researchAndDevelopment": "676000000", "operatingExpenses": "1781000000", "investmentIncomeNet": "None", "netInterestIncome": "-358000000", "interestIncome": "9000000", "interestExpense": "367000000", "nonInterestIncome": "None", "otherNonOperatingIncome": "None", "depreciation": "None", "depreciationAndAmortization": "1158000000", "incomeBeforeTax": "1476000000", "incomeTaxExpense": "3000000", "interestAndDebtExpense": "None", "netIncomeFromContinuingOperations": "1473000000", "comprehensiveIncomeNetOfTax": "None", "ebit": "1811000000", "ebitda": "2969000000", "netIncome": "1393000000"}, {"fiscalDateEnding": "2021-06-30", "reportedCurrency": "USD", "grossProfit": "3225000000", "totalRevenue": "15880000000", "costOfRevenue": "12655000000", "costofGoodsAndServicesSold": "12655000000", "operatingIncome": "1282000000", "sellingGeneralAndAdministrative": "1313000000", "researchAndDevelopment": "657000000", "operatingExpenses": "1943000000", "investmentIncomeNet": "None", "netInterestIncome": "-342000000", "interestIncome": "342000000", "interestExpense": "342000000", "nonInterestIncome": "None", "otherNonOperatingIncome": "None", "depreciation": "None", "depreciationAndAmortization": "1132000000", "incomeBeforeTax": "1430000000", "incomeTaxExpense": "342000000", "interestAndDebtExpense": "None", "netIncomeFromContinuingOperations": "1088000000", "comprehensiveIncomeNetOfTax": "None", "ebit": "1776000000", "ebitda": "2908000000", "netIncome": "1032000000"}, {"fiscalDateEnding": "2021-03-31", "reportedCurrency": "USD", "grossProfit": "2714000000", "totalRevenue": "15251000000", "costOfRevenue": "12537000000", "costofGoodsAndServicesSold": "12537000000", "operatingIncome": "1013000000", "sellingGeneralAndAdministrative": "108000000", "researchAndDevelopment": "589000000", "operatingExpenses": "1701000000", "investmentIncomeNet": "None", "netInterestIncome": "-346000000", "interestIncome": "11000000", "interestExpense": "346000000", "nonInterestIncome": "None", "otherNonOperatingIncome": "None", "depreciation": "None", "depreciationAndAmortization": "1123000000", "incomeBeforeTax": "1158000000", "incomeTaxExpense": "345000000", "interestAndDebtExpense": "None", "netIncomeFromContinuingOperations": "813000000", "comprehensiveIncomeNetOfTax": "None", "ebit": "1515000000", "ebitda": "2638000000", "netIncome": "753000000"}, {"fiscalDateEnding": "2020-12-31", "reportedCurrency": "USD", "grossProfit": "2153000000", "totalRevenue": "16419000000", "costOfRevenue": "14266000000", "costofGoodsAndServicesSold": "14266000000", "operatingIncome": "142000000", "sellingGeneralAndAdministrative": "1351000000", "researchAndDevelopment": "710000000", "operatingExpenses": "2011000000", "investmentIncomeNet": "None", "netInterestIncome": "-349000000", "interestIncome": "349000000", "interestExpense": "349000000", "nonInterestIncome": "None", "otherNonOperatingIncome": "None", "depreciation": "None", "depreciationAndAmortization": "1153000000", "incomeBeforeTax": "37000000", "incomeTaxExpense": "-178000000", "interestAndDebtExpense": "None", "netIncomeFromContinuingOperations": "693000000", "comprehensiveIncomeNetOfTax": "None", "ebit": "404000000", "ebitda": "1557000000", "netIncome": "135000000"}, {"fiscalDateEnding": "2020-09-30", "reportedCurrency": "USD", "grossProfit": "1743000000", "totalRevenue": "14747000000", "costOfRevenue": "13004000000", "costofGoodsAndServicesSold": "13004000000", "operatingIncome": "434000000", "sellingGeneralAndAdministrative": "1401000000", "researchAndDevelopment": "642000000", "operatingExpenses": "1309000000", "investmentIncomeNet": "None", "netInterestIncome": "-350000000", "interestIncome": "350000000", "interestExpense": "350000000", "nonInterestIncome": "None", "otherNonOperatingIncome": "None", "depreciation": "None", "depreciationAndAmortization": "1164000000", "incomeBeforeTax": "337000000", "incomeTaxExpense": "152000000", "interestAndDebtExpense": "None", "netIncomeFromContinuingOperations": "185000000", "comprehensiveIncomeNetOfTax": "None", "ebit": "693000000", "ebitda": "1857000000", "netIncome": "264000000"}, {"fiscalDateEnding": "2020-06-30", "reportedCurrency": "USD", "grossProfit": "1847000000", "totalRevenue": "14061000000", "costOfRevenue": "12214000000", "costofGoodsAndServicesSold": "12214000000", "operatingIncome": "-3760000000", "sellingGeneralAndAdministrative": "1811000000", "researchAndDevelopment": "695000000", "operatingExpenses": "2424000000", "investmentIncomeNet": "None", "netInterestIncome": "-335000000", "interestIncome": "11000000", "interestExpense": "335000000", "nonInterestIncome": "None", "otherNonOperatingIncome": "None", "depreciation": "None", "depreciationAndAmortization": "1111000000", "incomeBeforeTax": "-3858000000", "incomeTaxExpense": "-38000000", "interestAndDebtExpense": "None", "netIncomeFromContinuingOperations": "-3820000000", "comprehensiveIncomeNetOfTax": "None", "ebit": "-3764000000", "ebitda": "-2653000000", "netIncome": "-3835000000"}, {"fiscalDateEnding": "2020-03-31", "reportedCurrency": "USD", "grossProfit": "4802000000", "totalRevenue": "18210000000", "costOfRevenue": "13408000000", "costofGoodsAndServicesSold": "13408000000", "operatingIncome": "1807000000", "sellingGeneralAndAdministrative": "2248000000", "researchAndDevelopment": "671000000", "operatingExpenses": "2995000000", "investmentIncomeNet": "None", "netInterestIncome": "-380000000", "interestIncome": "20000000", "interestExpense": "400000000", "nonInterestIncome": "None", "otherNonOperatingIncome": "None", "depreciation": "None", "depreciationAndAmortization": "980000000", "incomeBeforeTax": "955000000", "incomeTaxExpense": "941000000", "interestAndDebtExpense": "None", "netIncomeFromContinuingOperations": "14000000", "comprehensiveIncomeNetOfTax": "None", "ebit": "1355000000", "ebitda": "2335000000", "netIncome": "-83000000"}, {"fiscalDateEnding": "2019-12-31", "reportedCurrency": "USD", "grossProfit": "4817000000", "totalRevenue": "19551000000", "costOfRevenue": "14734000000", "costofGoodsAndServicesSold": "14734000000", "operatingIncome": "1851000000", "sellingGeneralAndAdministrative": "2314000000", "researchAndDevelopment": "812000000", "operatingExpenses": "2966000000", "investmentIncomeNet": "None", "netInterestIncome": "-419000000", "interestIncome": "419000000", "interestExpense": "419000000", "nonInterestIncome": "None", "otherNonOperatingIncome": "None", "depreciation": "None", "depreciationAndAmortization": "952000000", "incomeBeforeTax": "1593000000", "incomeTaxExpense": "326000000", "interestAndDebtExpense": "None", "netIncomeFromContinuingOperations": "1267000000", "comprehensiveIncomeNetOfTax": "None", "ebit": "2043000000", "ebitda": "2995000000", "netIncome": "1143000000"}, {"fiscalDateEnding": "2019-09-30", "reportedCurrency": "USD", "grossProfit": "5285000000", "totalRevenue": "19496000000", "costOfRevenue": "14211000000", "costofGoodsAndServicesSold": "14211000000", "operatingIncome": "2486000000", "sellingGeneralAndAdministrative": "2104000000", "researchAndDevelopment": "732000000", "operatingExpenses": "2799000000", "investmentIncomeNet": "None", "netInterestIncome": "-401000000", "interestIncome": "34000000", "interestExpense": "401000000", "nonInterestIncome": "None", "otherNonOperatingIncome": "None", "depreciation": "None", "depreciationAndAmortization": "967000000", "incomeBeforeTax": "2388000000", "incomeTaxExpense": "1131000000", "interestAndDebtExpense": "None", "netIncomeFromContinuingOperations": "1257000000", "comprehensiveIncomeNetOfTax": "None", "ebit": "2823000000", "ebitda": "3790000000", "netIncome": "1148000000"}, {"fiscalDateEnding": "2019-06-30", "reportedCurrency": "USD", "grossProfit": "5221000000", "totalRevenue": "19634000000", "costOfRevenue": "14413000000", "costofGoodsAndServicesSold": "14413000000", "operatingIncome": "2584000000", "sellingGeneralAndAdministrative": "2106000000", "researchAndDevelopment": "743000000", "operatingExpenses": "2637000000", "investmentIncomeNet": "None", "netInterestIncome": "-360000000", "interestIncome": "78000000", "interestExpense": "360000000", "nonInterestIncome": "None", "otherNonOperatingIncome": "None", "depreciation": "None", "depreciationAndAmortization": "922000000", "incomeBeforeTax": "2440000000", "incomeTaxExpense": "441000000", "interestAndDebtExpense": "None", "netIncomeFromContinuingOperations": "1999000000", "comprehensiveIncomeNetOfTax": "None", "ebit": "2878000000", "ebitda": "3800000000", "netIncome": "1900000000"}, {"fiscalDateEnding": "2019-03-31", "reportedCurrency": "USD", "grossProfit": "4658000000", "totalRevenue": "18365000000", "costOfRevenue": "13707000000", "costofGoodsAndServicesSold": "13707000000", "operatingIncome": "2045000000", "sellingGeneralAndAdministrative": "1997000000", "researchAndDevelopment": "728000000", "operatingExpenses": "2613000000", "investmentIncomeNet": "None", "netInterestIncome": "-431000000", "interestIncome": "19000000", "interestExpense": "431000000", "nonInterestIncome": "None", "otherNonOperatingIncome": "None", "depreciation": "None", "depreciationAndAmortization": "942000000", "incomeBeforeTax": "1822000000", "incomeTaxExpense": "397000000", "interestAndDebtExpense": "None", "netIncomeFromContinuingOperations": "1425000000", "comprehensiveIncomeNetOfTax": "None", "ebit": "2272000000", "ebitda": "3214000000", "netIncome": "1346000000"}, {"fiscalDateEnding": "2018-12-31", "reportedCurrency": "USD", "grossProfit": "4297000000", "totalRevenue": "18044000000", "costOfRevenue": "13747000000", "costofGoodsAndServicesSold": "13747000000", "operatingIncome": "1911000000", "sellingGeneralAndAdministrative": "1915000000", "researchAndDevelopment": "733000000", "operatingExpenses": "2386000000", "investmentIncomeNet": "None", "netInterestIncome": "None", "interestIncome": "None", "interestExpense": "317000000", "nonInterestIncome": "None", "otherNonOperatingIncome": "None", "depreciation": "None", "depreciationAndAmortization": "667000000", "incomeBeforeTax": "1788000000", "incomeTaxExpense": "990000000", "interestAndDebtExpense": "None", "netIncomeFromContinuingOperations": "None", "comprehensiveIncomeNetOfTax": "None", "ebit": "2176000000", "ebitda": "2843000000", "netIncome": "686000000"}, {"fiscalDateEnding": "2018-09-30", "reportedCurrency": "USD", "grossProfit": "3974000000", "totalRevenue": "16510000000", "costOfRevenue": "12536000000", "costofGoodsAndServicesSold": "12536000000", "operatingIncome": "1838000000", "sellingGeneralAndAdministrative": "1681000000", "researchAndDevelopment": "586000000", "operatingExpenses": "2136000000", "investmentIncomeNet": "None", "netInterestIncome": "None", "interestIncome": "None", "interestExpense": "258000000", "nonInterestIncome": "None", "otherNonOperatingIncome": "None", "depreciation": "None", "depreciationAndAmortization": "593000000", "incomeBeforeTax": "1768000000", "incomeTaxExpense": "419000000", "interestAndDebtExpense": "None", "netIncomeFromContinuingOperations": "None", "comprehensiveIncomeNetOfTax": "None", "ebit": "2091000000", "ebitda": "2684000000", "netIncome": "1238000000"}, {"fiscalDateEnding": "2018-06-30", "reportedCurrency": "USD", "grossProfit": "4283000000", "totalRevenue": "16705000000", "costOfRevenue": "12422000000", "costofGoodsAndServicesSold": "12422000000", "operatingIncome": "2876000000", "sellingGeneralAndAdministrative": "1759000000", "researchAndDevelopment": "589000000", "operatingExpenses": "1407000000", "investmentIncomeNet": "None", "netInterestIncome": "None", "interestIncome": "None", "interestExpense": "234000000", "nonInterestIncome": "None", "otherNonOperatingIncome": "None", "depreciation": "None", "depreciationAndAmortization": "592000000", "incomeBeforeTax": "2834000000", "incomeTaxExpense": "695000000", "interestAndDebtExpense": "None", "netIncomeFromContinuingOperations": "None", "comprehensiveIncomeNetOfTax": "None", "ebit": "3092000000", "ebitda": "3684000000", "netIncome": "2048000000"}, {"fiscalDateEnding": "2018-03-31", "reportedCurrency": "USD", "grossProfit": "3962000000", "totalRevenue": "15242000000", "costOfRevenue": "11280000000", "costofGoodsAndServicesSold": "11280000000", "operatingIncome": "1928000000", "sellingGeneralAndAdministrative": "1711000000", "researchAndDevelopment": "554000000", "operatingExpenses": "2034000000", "investmentIncomeNet": "None", "netInterestIncome": "None", "interestIncome": "None", "interestExpense": "229000000", "nonInterestIncome": "None", "otherNonOperatingIncome": "None", "depreciation": "None", "depreciationAndAmortization": "581000000", "incomeBeforeTax": "1890000000", "incomeTaxExpense": "522000000", "interestAndDebtExpense": "None", "netIncomeFromContinuingOperations": "None", "comprehensiveIncomeNetOfTax": "None", "ebit": "2146000000", "ebitda": "2727000000", "netIncome": "1297000000"}, {"fiscalDateEnding": "2017-12-31", "reportedCurrency": "USD", "grossProfit": "3947000000", "totalRevenue": "15680000000", "costOfRevenue": "11733000000", "costofGoodsAndServicesSold": "11733000000", "operatingIncome": "1952000000", "sellingGeneralAndAdministrative": "1639000000", "researchAndDevelopment": "619000000", "operatingExpenses": "1995000000", "investmentIncomeNet": "None", "netInterestIncome": "None", "interestIncome": "None", "interestExpense": "247000000", "nonInterestIncome": "None", "otherNonOperatingIncome": "None", "depreciation": "None", "depreciationAndAmortization": "558000000", "incomeBeforeTax": "1705000000", "incomeTaxExpense": "1219000000", "interestAndDebtExpense": "None", "netIncomeFromContinuingOperations": "None", "comprehensiveIncomeNetOfTax": "None", "ebit": "1977000000", "ebitda": "2535000000", "netIncome": "397000000"}, {"fiscalDateEnding": "2017-09-30", "reportedCurrency": "USD", "grossProfit": "4019000000", "totalRevenue": "15062000000", "costOfRevenue": "11043000000", "costofGoodsAndServicesSold": "11043000000", "operatingIncome": "2163000000", "sellingGeneralAndAdministrative": "1524000000", "researchAndDevelopment": "582000000", "operatingExpenses": "1856000000", "investmentIncomeNet": "None", "netInterestIncome": "None", "interestIncome": "None", "interestExpense": "223000000", "nonInterestIncome": "None", "otherNonOperatingIncome": "None", "depreciation": "None", "depreciationAndAmortization": "543000000", "incomeBeforeTax": "1940000000", "incomeTaxExpense": "506000000", "interestAndDebtExpense": "None", "netIncomeFromContinuingOperations": "None", "comprehensiveIncomeNetOfTax": "None", "ebit": "2198000000", "ebitda": "2741000000", "netIncome": "1330000000"}, {"fiscalDateEnding": "2017-06-30", "reportedCurrency": "USD", "grossProfit": "4180000000", "totalRevenue": "15280000000", "costOfRevenue": "11100000000", "costofGoodsAndServicesSold": "11100000000", "operatingIncome": "2290000000", "sellingGeneralAndAdministrative": "1538000000", "researchAndDevelopment": "609000000", "operatingExpenses": "1890000000", "investmentIncomeNet": "None", "netInterestIncome": "None", "interestIncome": "None", "interestExpense": "226000000", "nonInterestIncome": "None", "otherNonOperatingIncome": "None", "depreciation": "None", "depreciationAndAmortization": "527000000", "incomeBeforeTax": "2064000000", "incomeTaxExpense": "532000000", "interestAndDebtExpense": "None", "netIncomeFromContinuingOperations": "None", "comprehensiveIncomeNetOfTax": "None", "ebit": "2315000000", "ebitda": "2842000000", "netIncome": "1439000000"}, {"fiscalDateEnding": "2017-03-31", "reportedCurrency": "USD", "grossProfit": "3738000000", "totalRevenue": "13815000000", "costOfRevenue": "10077000000", "costofGoodsAndServicesSold": "10077000000", "operatingIncome": "2267000000", "sellingGeneralAndAdministrative": "1482000000", "researchAndDevelopment": "577000000", "operatingExpenses": "1471000000", "investmentIncomeNet": "None", "netInterestIncome": "None", "interestIncome": "None", "interestExpense": "213000000", "nonInterestIncome": "None", "otherNonOperatingIncome": "None", "depreciation": "None", "depreciationAndAmortization": "512000000", "incomeBeforeTax": "2054000000", "incomeTaxExpense": "586000000", "interestAndDebtExpense": "None", "netIncomeFromContinuingOperations": "None", "comprehensiveIncomeNetOfTax": "None", "ebit": "2290000000", "ebitda": "2802000000", "netIncome": "1386000000"}, {"fiscalDateEnding": "2016-12-31", "reportedCurrency": "USD", "grossProfit": "3936000000", "totalRevenue": "14659000000", "costOfRevenue": "10723000000", "costofGoodsAndServicesSold": "10723000000", "operatingIncome": "1639000000", "sellingGeneralAndAdministrative": "1856000000", "researchAndDevelopment": "626000000", "operatingExpenses": "2297000000", "investmentIncomeNet": "None", "netInterestIncome": "None", "interestIncome": "None", "interestExpense": "366000000", "nonInterestIncome": "None", "otherNonOperatingIncome": "None", "depreciation": "None", "depreciationAndAmortization": "506000000", "incomeBeforeTax": "1273000000", "incomeTaxExpense": "149000000", "interestAndDebtExpense": "None", "netIncomeFromContinuingOperations": "None", "comprehensiveIncomeNetOfTax": "None", "ebit": "1693000000", "ebitda": "2199000000", "netIncome": "1013000000"}, {"fiscalDateEnding": "2016-09-30", "reportedCurrency": "USD", "grossProfit": "4012000000", "totalRevenue": "14354000000", "costOfRevenue": "10342000000", "costofGoodsAndServicesSold": "10342000000", "operatingIncome": "2251000000", "sellingGeneralAndAdministrative": "1390000000", "researchAndDevelopment": "582000000", "operatingExpenses": "1761000000", "investmentIncomeNet": "None", "netInterestIncome": "None", "interestIncome": "None", "interestExpense": "225000000", "nonInterestIncome": "None", "otherNonOperatingIncome": "None", "depreciation": "None", "depreciationAndAmortization": "496000000", "incomeBeforeTax": "2026000000", "incomeTaxExpense": "492000000", "interestAndDebtExpense": "None", "netIncomeFromContinuingOperations": "1534000000", "comprehensiveIncomeNetOfTax": "None", "ebit": "2278000000", "ebitda": "2774000000", "netIncome": "1480000000"}, {"fiscalDateEnding": "2016-06-30", "reportedCurrency": "USD", "grossProfit": "4133000000", "totalRevenue": "14874000000", "costOfRevenue": "10741000000", "costofGoodsAndServicesSold": "10741000000", "operatingIncome": "2337000000", "sellingGeneralAndAdministrative": "1451000000", "researchAndDevelopment": "588000000", "operatingExpenses": "1796000000", "investmentIncomeNet": "None", "netInterestIncome": "None", "interestIncome": "None", "interestExpense": "225000000", "nonInterestIncome": "None", "otherNonOperatingIncome": "None", "depreciation": "None", "depreciationAndAmortization": "494000000", "incomeBeforeTax": "2112000000", "incomeTaxExpense": "593000000", "interestAndDebtExpense": "None", "netIncomeFromContinuingOperations": "1519000000", "comprehensiveIncomeNetOfTax": "None", "ebit": "2360000000", "ebitda": "2854000000", "netIncome": "1373000000"}, {"fiscalDateEnding": "2016-03-31", "reportedCurrency": "USD", "grossProfit": "3703000000", "totalRevenue": "13357000000", "costOfRevenue": "9654000000", "costofGoodsAndServicesSold": "9654000000", "operatingIncome": "1945000000", "sellingGeneralAndAdministrative": "1363000000", "researchAndDevelopment": "541000000", "operatingExpenses": "1758000000", "investmentIncomeNet": "None", "netInterestIncome": "None", "interestIncome": "None", "interestExpense": "223000000", "nonInterestIncome": "None", "otherNonOperatingIncome": "None", "depreciation": "None", "depreciationAndAmortization": "466000000", "incomeBeforeTax": "1722000000", "incomeTaxExpense": "461000000", "interestAndDebtExpense": "None", "netIncomeFromContinuingOperations": "1261000000", "comprehensiveIncomeNetOfTax": "None", "ebit": "1963000000", "ebitda": "2429000000", "netIncome": "1191000000"}, {"fiscalDateEnding": "2015-12-31", "reportedCurrency": "USD", "grossProfit": "3647000000", "totalRevenue": "14300000000", "costOfRevenue": "10653000000", "costofGoodsAndServicesSold": "10653000000", "operatingIncome": "392000000", "sellingGeneralAndAdministrative": "1625000000", "researchAndDevelopment": "611000000", "operatingExpenses": "3255000000", "investmentIncomeNet": "None", "netInterestIncome": "None", "interestIncome": "None", "interestExpense": "206000000", "nonInterestIncome": "None", "otherNonOperatingIncome": "None", "depreciation": "None", "depreciationAndAmortization": "462000000", "incomeBeforeTax": "186000000", "incomeTaxExpense": "363000000", "interestAndDebtExpense": "None", "netIncomeFromContinuingOperations": "None", "comprehensiveIncomeNetOfTax": "None", "ebit": "424000000", "ebitda": "886000000", "netIncome": "3278000000"}, {"fiscalDateEnding": "2015-09-30", "reportedCurrency": "USD", "grossProfit": "3988000000", "totalRevenue": "13788000000", "costOfRevenue": "9800000000", "costofGoodsAndServicesSold": "9800000000", "operatingIncome": "2302000000", "sellingGeneralAndAdministrative": "1359000000", "researchAndDevelopment": "546000000", "operatingExpenses": "1686000000", "investmentIncomeNet": "None", "netInterestIncome": "None", "interestIncome": "None", "interestExpense": "184000000", "nonInterestIncome": "None", "otherNonOperatingIncome": "None", "depreciation": "None", "depreciationAndAmortization": "486000000", "incomeBeforeTax": "2118000000", "incomeTaxExpense": "592000000", "interestAndDebtExpense": "None", "netIncomeFromContinuingOperations": "1526000000", "comprehensiveIncomeNetOfTax": "None", "ebit": "2341000000", "ebitda": "2827000000", "netIncome": "1362000000"}, {"fiscalDateEnding": "2015-06-30", "reportedCurrency": "USD", "grossProfit": "4508000000", "totalRevenue": "16333000000", "costOfRevenue": "11825000000", "costofGoodsAndServicesSold": "11825000000", "operatingIncome": "2552000000", "sellingGeneralAndAdministrative": "1543000000", "researchAndDevelopment": "606000000", "operatingExpenses": "1956000000", "investmentIncomeNet": "None", "netInterestIncome": "None", "interestIncome": "None", "interestExpense": "216000000", "nonInterestIncome": "None", "otherNonOperatingIncome": "None", "depreciation": "None", "depreciationAndAmortization": "479000000", "incomeBeforeTax": "2336000000", "incomeTaxExpense": "684000000", "interestAndDebtExpense": "None", "netIncomeFromContinuingOperations": "1652000000", "comprehensiveIncomeNetOfTax": "None", "ebit": "2421000000", "ebitda": "2900000000", "netIncome": "1542000000"}, {"fiscalDateEnding": "2015-03-31", "reportedCurrency": "USD", "grossProfit": "4018000000", "totalRevenue": "14541000000", "costOfRevenue": "10523000000", "costofGoodsAndServicesSold": "10523000000", "operatingIncome": "2274000000", "sellingGeneralAndAdministrative": "1563000000", "researchAndDevelopment": "602000000", "operatingExpenses": "1744000000", "investmentIncomeNet": "None", "netInterestIncome": "None", "interestIncome": "None", "interestExpense": "218000000", "nonInterestIncome": "None", "otherNonOperatingIncome": "None", "depreciation": "None", "depreciationAndAmortization": "479000000", "incomeBeforeTax": "2056000000", "incomeTaxExpense": "558000000", "interestAndDebtExpense": "None", "netIncomeFromContinuingOperations": "1498000000", "comprehensiveIncomeNetOfTax": "None", "ebit": "2183000000", "ebitda": "2662000000", "netIncome": "1426000000"}, {"fiscalDateEnding": "2014-12-31", "reportedCurrency": "USD", "grossProfit": "4636000000", "totalRevenue": "16996000000", "costOfRevenue": "12360000000", "costofGoodsAndServicesSold": "12360000000", "operatingIncome": "2570000000", "sellingGeneralAndAdministrative": "1701000000", "researchAndDevelopment": "668000000", "operatingExpenses": "2066000000", "investmentIncomeNet": "None", "netInterestIncome": "None", "interestIncome": "None", "interestExpense": "265000000", "nonInterestIncome": "None", "otherNonOperatingIncome": "None", "depreciation": "None", "depreciationAndAmortization": "489000000", "incomeBeforeTax": "2305000000", "incomeTaxExpense": "730000000", "interestAndDebtExpense": "None", "netIncomeFromContinuingOperations": "None", "comprehensiveIncomeNetOfTax": "None", "ebit": "2680000000", "ebitda": "3169000000", "netIncome": "1473000000"}, {"fiscalDateEnding": "2014-09-30", "reportedCurrency": "USD", "grossProfit": "4702000000", "totalRevenue": "16168000000", "costOfRevenue": "11466000000", "costofGoodsAndServicesSold": "11466000000", "operatingIncome": "2746000000", "sellingGeneralAndAdministrative": "1580000000", "researchAndDevelopment": "677000000", "operatingExpenses": "1956000000", "investmentIncomeNet": "None", "netInterestIncome": "None", "interestIncome": "None", "interestExpense": "186000000", "nonInterestIncome": "None", "otherNonOperatingIncome": "None", "depreciation": "None", "depreciationAndAmortization": "483000000", "incomeBeforeTax": "2560000000", "incomeTaxExpense": "608000000", "interestAndDebtExpense": "None", "netIncomeFromContinuingOperations": "1952000000", "comprehensiveIncomeNetOfTax": "None", "ebit": "2596000000", "ebitda": "3079000000", "netIncome": "1854000000"}, {"fiscalDateEnding": "2014-06-30", "reportedCurrency": "USD", "grossProfit": "4260000000", "totalRevenue": "17191000000", "costOfRevenue": "12931000000", "costofGoodsAndServicesSold": "12931000000", "operatingIncome": "2355000000", "sellingGeneralAndAdministrative": "1623000000", "researchAndDevelopment": "666000000", "operatingExpenses": "1905000000", "investmentIncomeNet": "None", "netInterestIncome": "None", "interestIncome": "None", "interestExpense": "206000000", "nonInterestIncome": "None", "otherNonOperatingIncome": "None", "depreciation": "None", "depreciationAndAmortization": "468000000", "incomeBeforeTax": "2149000000", "incomeTaxExpense": "359000000", "interestAndDebtExpense": "None", "netIncomeFromContinuingOperations": "1790000000", "comprehensiveIncomeNetOfTax": "None", "ebit": "2394000000", "ebitda": "2862000000", "netIncome": "1680000000"}, {"fiscalDateEnding": "2014-03-31", "reportedCurrency": "USD", "grossProfit": "4055000000", "totalRevenue": "14745000000", "costOfRevenue": "10690000000", "costofGoodsAndServicesSold": "10690000000", "operatingIncome": "2098000000", "sellingGeneralAndAdministrative": "1596000000", "researchAndDevelopment": "624000000", "operatingExpenses": "1957000000", "investmentIncomeNet": "None", "netInterestIncome": "None", "interestIncome": "None", "interestExpense": "225000000", "nonInterestIncome": "None", "otherNonOperatingIncome": "None", "depreciation": "None", "depreciationAndAmortization": "467000000", "incomeBeforeTax": "1873000000", "incomeTaxExpense": "567000000", "interestAndDebtExpense": "None", "netIncomeFromContinuingOperations": "1306000000", "comprehensiveIncomeNetOfTax": "None", "ebit": "2116000000", "ebitda": "2583000000", "netIncome": "1213000000"}, {"fiscalDateEnding": "2013-12-31", "reportedCurrency": "USD", "grossProfit": "4475000000", "totalRevenue": "16759000000", "costOfRevenue": "12284000000", "costofGoodsAndServicesSold": "12284000000", "operatingIncome": "2330000000", "sellingGeneralAndAdministrative": "1721000000", "researchAndDevelopment": "658000000", "operatingExpenses": "2145000000", "investmentIncomeNet": "None", "netInterestIncome": "None", "interestIncome": "None", "interestExpense": "218000000", "nonInterestIncome": "None", "otherNonOperatingIncome": "None", "depreciation": "None", "depreciationAndAmortization": "486000000", "incomeBeforeTax": "2112000000", "incomeTaxExpense": "561000000", "interestAndDebtExpense": "None", "netIncomeFromContinuingOperations": "None", "comprehensiveIncomeNetOfTax": "None", "ebit": "2371000000", "ebitda": "2857000000", "netIncome": "1463000000"}, {"fiscalDateEnding": "2013-09-30", "reportedCurrency": "USD", "grossProfit": "4442000000", "totalRevenue": "15462000000", "costOfRevenue": "11020000000", "costofGoodsAndServicesSold": "11020000000", "operatingIncome": "2366000000", "sellingGeneralAndAdministrative": "1633000000", "researchAndDevelopment": "630000000", "operatingExpenses": "2076000000", "investmentIncomeNet": "None", "netInterestIncome": "None", "interestIncome": "None", "interestExpense": "226000000", "nonInterestIncome": "None", "otherNonOperatingIncome": "None", "depreciation": "None", "depreciationAndAmortization": "452000000", "incomeBeforeTax": "2140000000", "incomeTaxExpense": "614000000", "interestAndDebtExpense": "None", "netIncomeFromContinuingOperations": "1526000000", "comprehensiveIncomeNetOfTax": "None", "ebit": "2388000000", "ebitda": "2840000000", "netIncome": "1432000000"}, {"fiscalDateEnding": "2013-06-30", "reportedCurrency": "USD", "grossProfit": "4454000000", "totalRevenue": "16006000000", "costOfRevenue": "11552000000", "costofGoodsAndServicesSold": "11552000000", "operatingIncome": "2507000000", "sellingGeneralAndAdministrative": "1737000000", "researchAndDevelopment": "631000000", "operatingExpenses": "1947000000", "investmentIncomeNet": "None", "netInterestIncome": "None", "interestIncome": "None", "interestExpense": "217000000", "nonInterestIncome": "None", "otherNonOperatingIncome": "None", "depreciation": "None", "depreciationAndAmortization": "439000000", "incomeBeforeTax": "2290000000", "incomeTaxExpense": "645000000", "interestAndDebtExpense": "None", "netIncomeFromContinuingOperations": "1645000000", "comprehensiveIncomeNetOfTax": "None", "ebit": "2562000000", "ebitda": "3001000000", "netIncome": "1560000000"}, {"fiscalDateEnding": "2013-03-31", "reportedCurrency": "USD", "grossProfit": "3934000000", "totalRevenue": "14399000000", "costOfRevenue": "10465000000", "costofGoodsAndServicesSold": "10465000000", "operatingIncome": "2006000000", "sellingGeneralAndAdministrative": "1627000000", "researchAndDevelopment": "610000000", "operatingExpenses": "1928000000", "investmentIncomeNet": "None", "netInterestIncome": "None", "interestIncome": "None", "interestExpense": "236000000", "nonInterestIncome": "None", "otherNonOperatingIncome": "None", "depreciation": "None", "depreciationAndAmortization": "444000000", "incomeBeforeTax": "1770000000", "incomeTaxExpense": "418000000", "interestAndDebtExpense": "None", "netIncomeFromContinuingOperations": "1352000000", "comprehensiveIncomeNetOfTax": "None", "ebit": "2025000000", "ebitda": "2469000000", "netIncome": "1266000000"}, {"fiscalDateEnding": "2012-12-31", "reportedCurrency": "USD", "grossProfit": "4157000000", "totalRevenue": "16443000000", "costOfRevenue": "12286000000", "costofGoodsAndServicesSold": "12286000000", "operatingIncome": "1751000000", "sellingGeneralAndAdministrative": "1795000000", "researchAndDevelopment": "712000000", "operatingExpenses": "2406000000", "investmentIncomeNet": "None", "netInterestIncome": "None", "interestIncome": "None", "interestExpense": "260000000", "nonInterestIncome": "None", "otherNonOperatingIncome": "None", "depreciation": "None", "depreciationAndAmortization": "477000000", "incomeBeforeTax": "1491000000", "incomeTaxExpense": "454000000", "interestAndDebtExpense": "None", "netIncomeFromContinuingOperations": "None", "comprehensiveIncomeNetOfTax": "None", "ebit": "1770000000", "ebitda": "2247000000", "netIncome": "2057000000"}, {"fiscalDateEnding": "2012-09-30", "reportedCurrency": "USD", "grossProfit": "4039000000", "totalRevenue": "15042000000", "costOfRevenue": "11003000000", "costofGoodsAndServicesSold": "11003000000", "operatingIncome": "2041000000", "sellingGeneralAndAdministrative": "1619000000", "researchAndDevelopment": "590000000", "operatingExpenses": "2209000000", "investmentIncomeNet": "None", "netInterestIncome": "None", "interestIncome": "None", "interestExpense": "216000000", "nonInterestIncome": "None", "otherNonOperatingIncome": "None", "depreciation": "None", "depreciationAndAmortization": "422000000", "incomeBeforeTax": "1825000000", "incomeTaxExpense": "484000000", "interestAndDebtExpense": "None", "netIncomeFromContinuingOperations": "None", "comprehensiveIncomeNetOfTax": "None", "ebit": "2085000000", "ebitda": "2507000000", "netIncome": "1415000000"}, {"fiscalDateEnding": "2012-06-30", "reportedCurrency": "USD", "grossProfit": "3873000000", "totalRevenue": "13807000000", "costOfRevenue": "9934000000", "costofGoodsAndServicesSold": "9934000000", "operatingIncome": "2179000000", "sellingGeneralAndAdministrative": "1509000000", "researchAndDevelopment": "525000000", "operatingExpenses": "2034000000", "investmentIncomeNet": "None", "netInterestIncome": "None", "interestIncome": "None", "interestExpense": "168000000", "nonInterestIncome": "None", "otherNonOperatingIncome": "None", "depreciation": "None", "depreciationAndAmortization": "305000000", "incomeBeforeTax": "2011000000", "incomeTaxExpense": "453000000", "interestAndDebtExpense": "None", "netIncomeFromContinuingOperations": "None", "comprehensiveIncomeNetOfTax": "None", "ebit": "2203000000", "ebitda": "2508000000", "netIncome": "1328000000"}, {"fiscalDateEnding": "2012-03-31", "reportedCurrency": "USD", "grossProfit": "3483000000", "totalRevenue": "12424000000", "costOfRevenue": "8941000000", "costofGoodsAndServicesSold": "8941000000", "operatingIncome": "1702000000", "sellingGeneralAndAdministrative": "1535000000", "researchAndDevelopment": "547000000", "operatingExpenses": "2082000000", "investmentIncomeNet": "None", "netInterestIncome": "None", "interestIncome": "None", "interestExpense": "164000000", "nonInterestIncome": "None", "otherNonOperatingIncome": "None", "depreciation": "None", "depreciationAndAmortization": "320000000", "incomeBeforeTax": "1573000000", "incomeTaxExpense": "315000000", "interestAndDebtExpense": "None", "netIncomeFromContinuingOperations": "None", "comprehensiveIncomeNetOfTax": "None", "ebit": "1746000000", "ebitda": "2066000000", "netIncome": "330000000"}, {"fiscalDateEnding": "2011-12-31", "reportedCurrency": "USD", "grossProfit": "4115000000", "totalRevenue": "14966000000", "costOfRevenue": "10851000000", "costofGoodsAndServicesSold": "10851000000", "operatingIncome": "1898000000", "sellingGeneralAndAdministrative": "1699000000", "researchAndDevelopment": "552000000", "operatingExpenses": "2217000000", "investmentIncomeNet": "None", "netInterestIncome": "None", "interestIncome": "None", "interestExpense": "176000000", "nonInterestIncome": "None", "otherNonOperatingIncome": "None", "depreciation": "None", "depreciationAndAmortization": "324000000", "incomeBeforeTax": "1832000000", "incomeTaxExpense": "410000000", "interestAndDebtExpense": "None", "netIncomeFromContinuingOperations": "None", "comprehensiveIncomeNetOfTax": "None", "ebit": "2008000000", "ebitda": "2332000000", "netIncome": "1325000000"}, {"fiscalDateEnding": "2011-09-30", "reportedCurrency": "USD", "grossProfit": "4048000000", "totalRevenue": "14804000000", "costOfRevenue": "10756000000", "costofGoodsAndServicesSold": "10756000000", "operatingIncome": "2202000000", "sellingGeneralAndAdministrative": "1578000000", "researchAndDevelopment": "495000000", "operatingExpenses": "2073000000", "investmentIncomeNet": "None", "netInterestIncome": "None", "interestIncome": "None", "interestExpense": "166000000", "nonInterestIncome": "None", "otherNonOperatingIncome": "None", "depreciation": "None", "depreciationAndAmortization": "346000000", "incomeBeforeTax": "2064000000", "incomeTaxExpense": "643000000", "interestAndDebtExpense": "None", "netIncomeFromContinuingOperations": "None", "comprehensiveIncomeNetOfTax": "None", "ebit": "1975000000", "ebitda": "2321000000", "netIncome": "1324000000"}, {"fiscalDateEnding": "2011-06-30", "reportedCurrency": "USD", "grossProfit": "4171000000", "totalRevenue": "15076000000", "costOfRevenue": "10905000000", "costofGoodsAndServicesSold": "10905000000", "operatingIncome": "2220000000", "sellingGeneralAndAdministrative": "1644000000", "researchAndDevelopment": "526000000", "operatingExpenses": "1951000000", "investmentIncomeNet": "None", "netInterestIncome": "None", "interestIncome": "None", "interestExpense": "141000000", "nonInterestIncome": "None", "otherNonOperatingIncome": "None", "depreciation": "None", "depreciationAndAmortization": "344000000", "incomeBeforeTax": "2079000000", "incomeTaxExpense": "649000000", "interestAndDebtExpense": "None", "netIncomeFromContinuingOperations": "None", "comprehensiveIncomeNetOfTax": "None", "ebit": "2151000000", "ebitda": "2495000000", "netIncome": "1318000000"}, {"fiscalDateEnding": "2011-03-31", "reportedCurrency": "USD", "grossProfit": "3703000000", "totalRevenue": "13344000000", "costOfRevenue": "9641000000", "costofGoodsAndServicesSold": "9641000000", "operatingIncome": "1779000000", "sellingGeneralAndAdministrative": "1543000000", "researchAndDevelopment": "485000000", "operatingExpenses": "1924000000", "investmentIncomeNet": "None", "netInterestIncome": "None", "interestIncome": "None", "interestExpense": "149000000", "nonInterestIncome": "None", "otherNonOperatingIncome": "None", "depreciation": "None", "depreciationAndAmortization": "333000000", "incomeBeforeTax": "1630000000", "incomeTaxExpense": "529000000", "interestAndDebtExpense": "None", "netIncomeFromContinuingOperations": "None", "comprehensiveIncomeNetOfTax": "None", "ebit": "1688000000", "ebitda": "2021000000", "netIncome": "1012000000"}, {"fiscalDateEnding": "2010-12-31", "reportedCurrency": "USD", "grossProfit": "3818000000", "totalRevenue": "14818000000", "costOfRevenue": "11000000000", "costofGoodsAndServicesSold": "11000000000", "operatingIncome": "1774000000", "sellingGeneralAndAdministrative": "1631000000", "researchAndDevelopment": "457000000", "operatingExpenses": "2044000000", "investmentIncomeNet": "None", "netInterestIncome": "None", "interestIncome": "None", "interestExpense": "190000000", "nonInterestIncome": "None", "otherNonOperatingIncome": "None", "depreciation": "None", "depreciationAndAmortization": "348000000", "incomeBeforeTax": "1686000000", "incomeTaxExpense": "433000000", "interestAndDebtExpense": "None", "netIncomeFromContinuingOperations": "None", "comprehensiveIncomeNetOfTax": "None", "ebit": "1876000000", "ebitda": "2224000000", "netIncome": "1199000000"}, {"fiscalDateEnding": "2010-09-30", "reportedCurrency": "USD", "grossProfit": "3860000000", "totalRevenue": "13527000000", "costOfRevenue": "9667000000", "costofGoodsAndServicesSold": "9667000000", "operatingIncome": "1949000000", "sellingGeneralAndAdministrative": "1478000000", "researchAndDevelopment": "433000000", "operatingExpenses": "1911000000", "investmentIncomeNet": "None", "netInterestIncome": "None", "interestIncome": "None", "interestExpense": "182000000", "nonInterestIncome": "None", "otherNonOperatingIncome": "None", "depreciation": "None", "depreciationAndAmortization": "342000000", "incomeBeforeTax": "1767000000", "incomeTaxExpense": "468000000", "interestAndDebtExpense": "None", "netIncomeFromContinuingOperations": "None", "comprehensiveIncomeNetOfTax": "None", "ebit": "1607000000", "ebitda": "1949000000", "netIncome": "1198000000"}, {"fiscalDateEnding": "2010-06-30", "reportedCurrency": "USD", "grossProfit": "3875000000", "totalRevenue": "13890000000", "costOfRevenue": "10015000000", "costofGoodsAndServicesSold": "10015000000", "operatingIncome": "1925000000", "sellingGeneralAndAdministrative": "1491000000", "researchAndDevelopment": "459000000", "operatingExpenses": "1950000000", "investmentIncomeNet": "None", "netInterestIncome": "None", "interestIncome": "None", "interestExpense": "192000000", "nonInterestIncome": "None", "otherNonOperatingIncome": "None", "depreciation": "None", "depreciationAndAmortization": "339000000", "incomeBeforeTax": "1733000000", "incomeTaxExpense": "521000000", "interestAndDebtExpense": "None", "netIncomeFromContinuingOperations": "None", "comprehensiveIncomeNetOfTax": "None", "ebit": "1925000000", "ebitda": "2264000000", "netIncome": "1110000000"}, {"fiscalDateEnding": "2010-03-31", "reportedCurrency": "USD", "grossProfit": "3359000000", "totalRevenue": "12091000000", "costOfRevenue": "8732000000", "costofGoodsAndServicesSold": "8732000000", "operatingIncome": "1538000000", "sellingGeneralAndAdministrative": "1424000000", "researchAndDevelopment": "397000000", "operatingExpenses": "1821000000", "investmentIncomeNet": "None", "netInterestIncome": "None", "interestIncome": "None", "interestExpense": "186000000", "nonInterestIncome": "None", "otherNonOperatingIncome": "None", "depreciation": "None", "depreciationAndAmortization": "327000000", "incomeBeforeTax": "1352000000", "incomeTaxExpense": "405000000", "interestAndDebtExpense": "None", "netIncomeFromContinuingOperations": "None", "comprehensiveIncomeNetOfTax": "None", "ebit": "1211000000", "ebitda": "1538000000", "netIncome": "866000000"}, {"fiscalDateEnding": "2009-12-31", "reportedCurrency": "USD", "grossProfit": "3783000000", "totalRevenue": "14100000000", "costOfRevenue": "10317000000", "costofGoodsAndServicesSold": "10317000000", "operatingIncome": "1807000000", "sellingGeneralAndAdministrative": "1555000000", "researchAndDevelopment": "421000000", "operatingExpenses": "1976000000", "investmentIncomeNet": "None", "netInterestIncome": "None", "interestIncome": "None", "interestExpense": "183000000", "nonInterestIncome": "None", "otherNonOperatingIncome": "None", "depreciation": "None", "depreciationAndAmortization": "333000000", "incomeBeforeTax": "1624000000", "incomeTaxExpense": "455000000", "interestAndDebtExpense": "None", "netIncomeFromContinuingOperations": "None", "comprehensiveIncomeNetOfTax": "None", "ebit": "1807000000", "ebitda": "2140000000", "netIncome": "1073000000"}, {"fiscalDateEnding": "2009-09-30", "reportedCurrency": "USD", "grossProfit": "3539000000", "totalRevenue": "13375000000", "costOfRevenue": "9836000000", "costofGoodsAndServicesSold": "9836000000", "operatingIncome": "1771000000", "sellingGeneralAndAdministrative": "1424000000", "researchAndDevelopment": "344000000", "operatingExpenses": "1768000000", "investmentIncomeNet": "None", "netInterestIncome": "None", "interestIncome": "None", "interestExpense": "170000000", "nonInterestIncome": "None", "otherNonOperatingIncome": "None", "depreciation": "None", "depreciationAndAmortization": "316000000", "incomeBeforeTax": "1601000000", "incomeTaxExpense": "456000000", "interestAndDebtExpense": "None", "netIncomeFromContinuingOperations": "None", "comprehensiveIncomeNetOfTax": "None", "ebit": "1455000000", "ebitda": "1771000000", "netIncome": "1058000000"}, {"fiscalDateEnding": "2009-06-30", "reportedCurrency": "USD", "grossProfit": "3595000000", "totalRevenue": "13196000000", "costOfRevenue": "9601000000", "costofGoodsAndServicesSold": "9601000000", "operatingIncome": "1637000000", "sellingGeneralAndAdministrative": "1574000000", "researchAndDevelopment": "384000000", "operatingExpenses": "1958000000", "investmentIncomeNet": "None", "netInterestIncome": "None", "interestIncome": "None", "interestExpense": "177000000", "nonInterestIncome": "None", "otherNonOperatingIncome": "None", "depreciation": "None", "depreciationAndAmortization": "303000000", "incomeBeforeTax": "1460000000", "incomeTaxExpense": "394000000", "interestAndDebtExpense": "None", "netIncomeFromContinuingOperations": "None", "comprehensiveIncomeNetOfTax": "None", "ebit": "1334000000", "ebitda": "1637000000", "netIncome": "1066000000"}, {"fiscalDateEnding": "2009-03-31", "reportedCurrency": "USD", "grossProfit": "3142000000", "totalRevenue": "12249000000", "costOfRevenue": "9107000000", "costofGoodsAndServicesSold": "9107000000", "operatingIncome": "1250000000", "sellingGeneralAndAdministrative": "1483000000", "researchAndDevelopment": "409000000", "operatingExpenses": "1892000000", "investmentIncomeNet": "None", "netInterestIncome": "None", "interestIncome": "None", "interestExpense": "175000000", "nonInterestIncome": "None", "otherNonOperatingIncome": "None", "depreciation": "None", "depreciationAndAmortization": "306000000", "incomeBeforeTax": "1075000000", "incomeTaxExpense": "276000000", "interestAndDebtExpense": "None", "netIncomeFromContinuingOperations": "None", "comprehensiveIncomeNetOfTax": "None", "ebit": "944000000", "ebitda": "1250000000", "netIncome": "722000000"}, {"fiscalDateEnding": "2008-12-31", "reportedCurrency": "USD", "grossProfit": "3942000000", "totalRevenue": "14499000000", "costOfRevenue": "10557000000", "costofGoodsAndServicesSold": "10557000000", "operatingIncome": "1803000000", "sellingGeneralAndAdministrative": "1649000000", "researchAndDevelopment": "490000000", "operatingExpenses": "2139000000", "investmentIncomeNet": "None", "netInterestIncome": "None", "interestIncome": "None", "interestExpense": "171000000", "nonInterestIncome": "None", "otherNonOperatingIncome": "None", "depreciation": "None", "depreciationAndAmortization": "350000000", "incomeBeforeTax": "1632000000", "incomeTaxExpense": "403000000", "interestAndDebtExpense": "None", "netIncomeFromContinuingOperations": "None", "comprehensiveIncomeNetOfTax": "None", "ebit": "1803000000", "ebitda": "2153000000", "netIncome": "1145000000"}, {"fiscalDateEnding": "2008-09-30", "reportedCurrency": "USD", "grossProfit": "4150000000", "totalRevenue": "14814000000", "costOfRevenue": "10664000000", "costofGoodsAndServicesSold": "10664000000", "operatingIncome": "2049000000", "sellingGeneralAndAdministrative": "1665000000", "researchAndDevelopment": "436000000", "operatingExpenses": "2101000000", "investmentIncomeNet": "None", "netInterestIncome": "None", "interestIncome": "None", "interestExpense": "177000000", "nonInterestIncome": "None", "otherNonOperatingIncome": "None", "depreciation": "None", "depreciationAndAmortization": "326000000", "incomeBeforeTax": "1872000000", "incomeTaxExpense": "502000000", "interestAndDebtExpense": "None", "netIncomeFromContinuingOperations": "None", "comprehensiveIncomeNetOfTax": "None", "ebit": "1723000000", "ebitda": "2049000000", "netIncome": "1269000000"}, {"fiscalDateEnding": "2008-06-30", "reportedCurrency": "USD", "grossProfit": "4308000000", "totalRevenue": "15667000000", "costOfRevenue": "11359000000", "costofGoodsAndServicesSold": "11359000000", "operatingIncome": "2099000000", "sellingGeneralAndAdministrative": "1775000000", "researchAndDevelopment": "434000000", "operatingExpenses": "2209000000", "investmentIncomeNet": "None", "netInterestIncome": "None", "interestIncome": "None", "interestExpense": "276000000", "nonInterestIncome": "None", "otherNonOperatingIncome": "None", "depreciation": "None", "depreciationAndAmortization": "326000000", "incomeBeforeTax": "1923000000", "incomeTaxExpense": "548000000", "interestAndDebtExpense": "None", "netIncomeFromContinuingOperations": "None", "comprehensiveIncomeNetOfTax": "None", "ebit": "1773000000", "ebitda": "2099000000", "netIncome": "1275000000"}, {"fiscalDateEnding": "2008-03-31", "reportedCurrency": "USD", "grossProfit": "3720000000", "totalRevenue": "13701000000", "costOfRevenue": "9981000000", "costofGoodsAndServicesSold": "9981000000", "operatingIncome": "1674000000", "sellingGeneralAndAdministrative": "1635000000", "researchAndDevelopment": "411000000", "operatingExpenses": "2046000000", "investmentIncomeNet": "None", "netInterestIncome": "None", "interestIncome": "None", "interestExpense": "244000000", "nonInterestIncome": "None", "otherNonOperatingIncome": "None", "depreciation": "None", "depreciationAndAmortization": "319000000", "incomeBeforeTax": "1509000000", "incomeTaxExpense": "430000000", "interestAndDebtExpense": "None", "netIncomeFromContinuingOperations": "None", "comprehensiveIncomeNetOfTax": "None", "ebit": "1355000000", "ebitda": "1674000000", "netIncome": "1000000000"}, {"fiscalDateEnding": "2007-12-31", "reportedCurrency": "USD", "grossProfit": "3985000000", "totalRevenue": "14714000000", "costOfRevenue": "10729000000", "costofGoodsAndServicesSold": "10729000000", "operatingIncome": "1793000000", "sellingGeneralAndAdministrative": "1711000000", "researchAndDevelopment": "481000000", "operatingExpenses": "2192000000", "investmentIncomeNet": "None", "netInterestIncome": "None", "interestIncome": "None", "interestExpense": "252000000", "nonInterestIncome": "None", "otherNonOperatingIncome": "None", "depreciation": "None", "depreciationAndAmortization": "310000000", "incomeBeforeTax": "1619000000", "incomeTaxExpense": "481000000", "interestAndDebtExpense": "None", "netIncomeFromContinuingOperations": "None", "comprehensiveIncomeNetOfTax": "None", "ebit": "1793000000", "ebitda": "2103000000", "netIncome": "1060000000"}, {"fiscalDateEnding": "2007-09-30", "reportedCurrency": "USD", "grossProfit": "3795000000", "totalRevenue": "13863000000", "costOfRevenue": "10068000000", "costofGoodsAndServicesSold": "10068000000", "operatingIncome": "1888000000", "sellingGeneralAndAdministrative": "1508000000", "researchAndDevelopment": "399000000", "operatingExpenses": "1907000000", "investmentIncomeNet": "None", "netInterestIncome": "None", "interestIncome": "None", "interestExpense": "257000000", "nonInterestIncome": "None", "otherNonOperatingIncome": "None", "depreciation": "None", "depreciationAndAmortization": "308000000", "incomeBeforeTax": "1709000000", "incomeTaxExpense": "434000000", "interestAndDebtExpense": "None", "netIncomeFromContinuingOperations": "None", "comprehensiveIncomeNetOfTax": "None", "ebit": "1580000000", "ebitda": "1888000000", "netIncome": "1197000000"}, {"fiscalDateEnding": "2007-06-30", "reportedCurrency": "USD", "grossProfit": "3775000000", "totalRevenue": "13904000000", "costOfRevenue": "10129000000", "costofGoodsAndServicesSold": "10129000000", "operatingIncome": "1865000000", "sellingGeneralAndAdministrative": "1494000000", "researchAndDevelopment": "416000000", "operatingExpenses": "1910000000", "investmentIncomeNet": "None", "netInterestIncome": "None", "interestIncome": "None", "interestExpense": "238000000", "nonInterestIncome": "None", "otherNonOperatingIncome": "None", "depreciation": "None", "depreciationAndAmortization": "277000000", "incomeBeforeTax": "1702000000", "incomeTaxExpense": "479000000", "interestAndDebtExpense": "None", "netIncomeFromContinuingOperations": "None", "comprehensiveIncomeNetOfTax": "None", "ebit": "1588000000", "ebitda": "1865000000", "netIncome": "1148000000"}, {"fiscalDateEnding": "2007-03-31", "reportedCurrency": "USD", "grossProfit": "3282000000", "totalRevenue": "12278000000", "costOfRevenue": "8996000000", "costofGoodsAndServicesSold": "8996000000", "operatingIncome": "1504000000", "sellingGeneralAndAdministrative": "1396000000", "researchAndDevelopment": "382000000", "operatingExpenses": "1778000000", "investmentIncomeNet": "None", "netInterestIncome": "None", "interestIncome": "None", "interestExpense": "243000000", "nonInterestIncome": "None", "otherNonOperatingIncome": "None", "depreciation": "None", "depreciationAndAmortization": "278000000", "incomeBeforeTax": "1354000000", "incomeTaxExpense": "442000000", "interestAndDebtExpense": "None", "netIncomeFromContinuingOperations": "None", "comprehensiveIncomeNetOfTax": "None", "ebit": "1226000000", "ebitda": "1504000000", "netIncome": "819000000"}, {"fiscalDateEnding": "2006-12-31", "reportedCurrency": "USD", "grossProfit": "3266000000", "totalRevenue": "12787000000", "costOfRevenue": "9521000000", "costofGoodsAndServicesSold": "9521000000", "operatingIncome": "1428000000", "sellingGeneralAndAdministrative": "1432000000", "researchAndDevelopment": "406000000", "operatingExpenses": "1838000000", "investmentIncomeNet": "None", "netInterestIncome": "None", "interestIncome": "None", "interestExpense": "226000000", "nonInterestIncome": "None", "otherNonOperatingIncome": "None", "depreciation": "None", "depreciationAndAmortization": "261000000", "incomeBeforeTax": "1275000000", "incomeTaxExpense": "337000000", "interestAndDebtExpense": "None", "netIncomeFromContinuingOperations": "None", "comprehensiveIncomeNetOfTax": "None", "ebit": "1428000000", "ebitda": "1689000000", "netIncome": "865000000"}, {"fiscalDateEnding": "2006-09-30", "reportedCurrency": "USD", "grossProfit": "3369000000", "totalRevenue": "12163000000", "costOfRevenue": "8794000000", "costofGoodsAndServicesSold": "8794000000", "operatingIncome": "1647000000", "sellingGeneralAndAdministrative": "1338000000", "researchAndDevelopment": "384000000", "operatingExpenses": "1722000000", "investmentIncomeNet": "None", "netInterestIncome": "None", "interestIncome": "None", "interestExpense": "228000000", "nonInterestIncome": "None", "otherNonOperatingIncome": "None", "depreciation": "None", "depreciationAndAmortization": "252000000", "incomeBeforeTax": "1491000000", "incomeTaxExpense": "423000000", "interestAndDebtExpense": "None", "netIncomeFromContinuingOperations": "None", "comprehensiveIncomeNetOfTax": "None", "ebit": "1395000000", "ebitda": "1647000000", "netIncome": "996000000"}, {"fiscalDateEnding": "2006-06-30", "reportedCurrency": "USD", "grossProfit": "3489000000", "totalRevenue": "12264000000", "costOfRevenue": "8775000000", "costofGoodsAndServicesSold": "8775000000", "operatingIncome": "1741000000", "sellingGeneralAndAdministrative": "1378000000", "researchAndDevelopment": "370000000", "operatingExpenses": "1748000000", "investmentIncomeNet": "None", "netInterestIncome": "None", "interestIncome": "None", "interestExpense": "223000000", "nonInterestIncome": "None", "otherNonOperatingIncome": "None", "depreciation": "None", "depreciationAndAmortization": "256000000", "incomeBeforeTax": "1586000000", "incomeTaxExpense": "415000000", "interestAndDebtExpense": "None", "netIncomeFromContinuingOperations": "None", "comprehensiveIncomeNetOfTax": "None", "ebit": "1485000000", "ebitda": "1741000000", "netIncome": "1103000000"}, {"fiscalDateEnding": "2006-03-31", "reportedCurrency": "USD", "grossProfit": "2965000000", "totalRevenue": "10615000000", "costOfRevenue": "7650000000", "costofGoodsAndServicesSold": "7650000000", "operatingIncome": "1282000000", "sellingGeneralAndAdministrative": "1314000000", "researchAndDevelopment": "369000000", "operatingExpenses": "1683000000", "investmentIncomeNet": "None", "netInterestIncome": "None", "interestIncome": "None", "interestExpense": "195000000", "nonInterestIncome": "None", "otherNonOperatingIncome": "None", "depreciation": "None", "depreciationAndAmortization": "264000000", "incomeBeforeTax": "1140000000", "incomeTaxExpense": "319000000", "interestAndDebtExpense": "None", "netIncomeFromContinuingOperations": "None", "comprehensiveIncomeNetOfTax": "None", "ebit": "1018000000", "ebitda": "1282000000", "netIncome": "768000000"}, {"fiscalDateEnding": "2005-12-31", "reportedCurrency": "USD", "grossProfit": "3022000000", "totalRevenue": "11261000000", "costOfRevenue": "8239000000", "costofGoodsAndServicesSold": "8239000000", "operatingIncome": "1221000000", "sellingGeneralAndAdministrative": "1378000000", "researchAndDevelopment": "423000000", "operatingExpenses": "1801000000", "investmentIncomeNet": "None", "netInterestIncome": "None", "interestIncome": "None", "interestExpense": "301000000", "nonInterestIncome": "None", "otherNonOperatingIncome": "None", "depreciation": "None", "depreciationAndAmortization": "256000000", "incomeBeforeTax": "1078000000", "incomeTaxExpense": "294000000", "interestAndDebtExpense": "None", "netIncomeFromContinuingOperations": "None", "comprehensiveIncomeNetOfTax": "None", "ebit": "1221000000", "ebitda": "1477000000", "netIncome": "626000000"}, {"fiscalDateEnding": "2005-09-30", "reportedCurrency": "USD", "grossProfit": "3014000000", "totalRevenue": "10905000000", "costOfRevenue": "7891000000", "costofGoodsAndServicesSold": "7891000000", "operatingIncome": "1384000000", "sellingGeneralAndAdministrative": "1295000000", "researchAndDevelopment": "335000000", "operatingExpenses": "1630000000", "investmentIncomeNet": "None", "netInterestIncome": "None", "interestIncome": "None", "interestExpense": "207000000", "nonInterestIncome": "None", "otherNonOperatingIncome": "None", "depreciation": "None", "depreciationAndAmortization": "265000000", "incomeBeforeTax": "1249000000", "incomeTaxExpense": "356000000", "interestAndDebtExpense": "None", "netIncomeFromContinuingOperations": "None", "comprehensiveIncomeNetOfTax": "None", "ebit": "1119000000", "ebitda": "1384000000", "netIncome": "821000000"}, {"fiscalDateEnding": "2005-06-30", "reportedCurrency": "USD", "grossProfit": "3162000000", "totalRevenue": "11152000000", "costOfRevenue": "7990000000", "costofGoodsAndServicesSold": "7990000000", "operatingIncome": "1489000000", "sellingGeneralAndAdministrative": "1355000000", "researchAndDevelopment": "318000000", "operatingExpenses": "1673000000", "investmentIncomeNet": "None", "netInterestIncome": "None", "interestIncome": "None", "interestExpense": "192000000", "nonInterestIncome": "None", "otherNonOperatingIncome": "None", "depreciation": "None", "depreciationAndAmortization": "237000000", "incomeBeforeTax": "1297000000", "incomeTaxExpense": "326000000", "interestAndDebtExpense": "None", "netIncomeFromContinuingOperations": "None", "comprehensiveIncomeNetOfTax": "None", "ebit": "1252000000", "ebitda": "1489000000", "netIncome": "971000000"}, {"fiscalDateEnding": "2005-03-31", "reportedCurrency": "USD", "grossProfit": "2592000000", "totalRevenue": "9407000000", "costOfRevenue": "6815000000", "costofGoodsAndServicesSold": "6815000000", "operatingIncome": "1088000000", "sellingGeneralAndAdministrative": "1213000000", "researchAndDevelopment": "291000000", "operatingExpenses": "1504000000", "investmentIncomeNet": "None", "netInterestIncome": "None", "interestIncome": "None", "interestExpense": "160000000", "nonInterestIncome": "None", "otherNonOperatingIncome": "None", "depreciation": "None", "depreciationAndAmortization": "226000000", "incomeBeforeTax": "988000000", "incomeTaxExpense": "277000000", "interestAndDebtExpense": "None", "netIncomeFromContinuingOperations": "None", "comprehensiveIncomeNetOfTax": "None", "ebit": "862000000", "ebitda": "1088000000", "netIncome": "651000000"}, {"fiscalDateEnding": "2004-12-31", "reportedCurrency": "USD", "grossProfit": "2655000000", "totalRevenue": "9838000000", "costOfRevenue": "7183000000", "costofGoodsAndServicesSold": "7183000000", "operatingIncome": "1081000000", "sellingGeneralAndAdministrative": "1235000000", "researchAndDevelopment": "339000000", "operatingExpenses": "1574000000", "investmentIncomeNet": "None", "netInterestIncome": "None", "interestIncome": "None", "interestExpense": "156000000", "nonInterestIncome": "None", "otherNonOperatingIncome": "None", "depreciation": "None", "depreciationAndAmortization": "234000000", "incomeBeforeTax": "985000000", "incomeTaxExpense": "275000000", "interestAndDebtExpense": "None", "netIncomeFromContinuingOperations": "None", "comprehensiveIncomeNetOfTax": "None", "ebit": "1081000000", "ebitda": "1315000000", "netIncome": "650000000"}]}