{"symbol": "DVN", "annualReports": [{"fiscalDateEnding": "2024-12-31", "reportedCurrency": "USD", "grossProfit": "4710000000", "totalRevenue": "15940000000", "costOfRevenue": "11230000000", "costofGoodsAndServicesSold": "11230000000", "operatingIncome": "3712000000", "sellingGeneralAndAdministrative": "500000000", "researchAndDevelopment": "None", "operatingExpenses": "998000000", "investmentIncomeNet": "None", "netInterestIncome": "-363000000", "interestIncome": "62000000", "interestExpense": "401000000", "nonInterestIncome": "None", "otherNonOperatingIncome": "None", "depreciation": "None", "depreciationAndAmortization": "3255000000", "incomeBeforeTax": "3712000000", "incomeTaxExpense": "770000000", "interestAndDebtExpense": "None", "netIncomeFromContinuingOperations": "2942000000", "comprehensiveIncomeNetOfTax": "None", "ebit": "3712000000", "ebitda": "6967000000", "netIncome": "2891000000"}, {"fiscalDateEnding": "2023-12-31", "reportedCurrency": "USD", "grossProfit": "5200000000", "totalRevenue": "15140000000", "costOfRevenue": "9940000000", "costofGoodsAndServicesSold": "9940000000", "operatingIncome": "2342000000", "sellingGeneralAndAdministrative": "408000000", "researchAndDevelopment": "None", "operatingExpenses": "5367000000", "investmentIncomeNet": "None", "netInterestIncome": "-304000000", "interestIncome": "59000000", "interestExpense": "363000000", "nonInterestIncome": "None", "otherNonOperatingIncome": "None", "depreciation": "None", "depreciationAndAmortization": "2583000000", "incomeBeforeTax": "4623000000", "incomeTaxExpense": "841000000", "interestAndDebtExpense": "None", "netIncomeFromContinuingOperations": "3825000000", "comprehensiveIncomeNetOfTax": "None", "ebit": "4986000000", "ebitda": "7569000000", "netIncome": "3747000000"}, {"fiscalDateEnding": "2022-12-31", "reportedCurrency": "USD", "grossProfit": "8369000000", "totalRevenue": "19169000000", "costOfRevenue": "10800000000", "costofGoodsAndServicesSold": "10800000000", "operatingIncome": "8066000000", "sellingGeneralAndAdministrative": "395000000", "researchAndDevelopment": "None", "operatingExpenses": "424000000", "investmentIncomeNet": "None", "netInterestIncome": "-325000000", "interestIncome": "38000000", "interestExpense": "370000000", "nonInterestIncome": "None", "otherNonOperatingIncome": "44000000", "depreciation": "None", "depreciationAndAmortization": "2260000000", "incomeBeforeTax": "7775000000", "incomeTaxExpense": "1738000000", "interestAndDebtExpense": "None", "netIncomeFromContinuingOperations": "6037000000", "comprehensiveIncomeNetOfTax": "None", "ebit": "8122000000", "ebitda": "10382000000", "netIncome": "6015000000"}, {"fiscalDateEnding": "2021-12-31", "reportedCurrency": "USD", "grossProfit": "3679000000", "totalRevenue": "12206000000", "costOfRevenue": "8527000000", "costofGoodsAndServicesSold": "8527000000", "operatingIncome": "3307000000", "sellingGeneralAndAdministrative": "391000000", "researchAndDevelopment": "None", "operatingExpenses": "433000000", "investmentIncomeNet": "None", "netInterestIncome": "-359000000", "interestIncome": "2000000", "interestExpense": "388000000", "nonInterestIncome": "None", "otherNonOperatingIncome": "168000000", "depreciation": "None", "depreciationAndAmortization": "2162000000", "incomeBeforeTax": "2898000000", "incomeTaxExpense": "65000000", "interestAndDebtExpense": "None", "netIncomeFromContinuingOperations": "2765000000", "comprehensiveIncomeNetOfTax": "None", "ebit": "3259000000", "ebitda": "5421000000", "netIncome": "2813000000"}, {"fiscalDateEnding": "2020-12-31", "reportedCurrency": "USD", "grossProfit": "392000000", "totalRevenue": "4828000000", "costOfRevenue": "4436000000", "costofGoodsAndServicesSold": "4436000000", "operatingIncome": "-90000000", "sellingGeneralAndAdministrative": "338000000", "researchAndDevelopment": "None", "operatingExpenses": "505000000", "investmentIncomeNet": "None", "netInterestIncome": "-270000000", "interestIncome": "247000000", "interestExpense": "259000000", "nonInterestIncome": "None", "otherNonOperatingIncome": "1000000", "depreciation": "None", "depreciationAndAmortization": "1452000000", "incomeBeforeTax": "-3090000000", "incomeTaxExpense": "-547000000", "interestAndDebtExpense": "None", "netIncomeFromContinuingOperations": "-2560000000", "comprehensiveIncomeNetOfTax": "None", "ebit": "-2808000000", "ebitda": "-1356000000", "netIncome": "-2543000000"}, {"fiscalDateEnding": "2019-12-31", "reportedCurrency": "USD", "grossProfit": "714000000", "totalRevenue": "6220000000", "costOfRevenue": "5506000000", "costofGoodsAndServicesSold": "5506000000", "operatingIncome": "217000000", "sellingGeneralAndAdministrative": "475000000", "researchAndDevelopment": "None", "operatingExpenses": "533000000", "investmentIncomeNet": "None", "netInterestIncome": "-250000000", "interestIncome": "260000000", "interestExpense": "250000000", "nonInterestIncome": "None", "otherNonOperatingIncome": "48000000", "depreciation": "None", "depreciationAndAmortization": "1515000000", "incomeBeforeTax": "-109000000", "incomeTaxExpense": "-30000000", "interestAndDebtExpense": "None", "netIncomeFromContinuingOperations": "-68000000", "comprehensiveIncomeNetOfTax": "None", "ebit": "141000000", "ebitda": "1656000000", "netIncome": "-79000000"}, {"fiscalDateEnding": "2018-12-31", "reportedCurrency": "USD", "grossProfit": "6851000000", "totalRevenue": "10734000000", "costOfRevenue": "3883000000", "costofGoodsAndServicesSold": "3883000000", "operatingIncome": "1602000000", "sellingGeneralAndAdministrative": "650000000", "researchAndDevelopment": "None", "operatingExpenses": "5190000000", "investmentIncomeNet": "None", "netInterestIncome": "-282000000", "interestIncome": "287000000", "interestExpense": "594000000", "nonInterestIncome": "None", "otherNonOperatingIncome": "263000000", "depreciation": "None", "depreciationAndAmortization": "1323000000", "incomeBeforeTax": "920000000", "incomeTaxExpense": "156000000", "interestAndDebtExpense": "None", "netIncomeFromContinuingOperations": "648000000", "comprehensiveIncomeNetOfTax": "None", "ebit": "1212000000", "ebitda": "2535000000", "netIncome": "3064000000"}, {"fiscalDateEnding": "2017-12-31", "reportedCurrency": "USD", "grossProfit": "2322000000", "totalRevenue": "13949000000", "costOfRevenue": "11627000000", "costofGoodsAndServicesSold": "11627000000", "operatingIncome": "1008000000", "sellingGeneralAndAdministrative": "872000000", "researchAndDevelopment": "0", "operatingExpenses": "1252000000", "investmentIncomeNet": "None", "netInterestIncome": "-507000000", "interestIncome": "337000000", "interestExpense": "337000000", "nonInterestIncome": "None", "otherNonOperatingIncome": "217000000", "depreciation": "None", "depreciationAndAmortization": "1808000000", "incomeBeforeTax": "896000000", "incomeTaxExpense": "-182000000", "interestAndDebtExpense": "None", "netIncomeFromContinuingOperations": "927000000", "comprehensiveIncomeNetOfTax": "None", "ebit": "1090000000", "ebitda": "2898000000", "netIncome": "898000000"}, {"fiscalDateEnding": "2016-12-31", "reportedCurrency": "USD", "grossProfit": "2745000000", "totalRevenue": "10304000000", "costOfRevenue": "7559000000", "costofGoodsAndServicesSold": "7559000000", "operatingIncome": "-2895000000", "sellingGeneralAndAdministrative": "645000000", "researchAndDevelopment": "0", "operatingExpenses": "2291000000", "investmentIncomeNet": "None", "netInterestIncome": "-635000000", "interestIncome": "571000000", "interestExpense": "427000000", "nonInterestIncome": "None", "otherNonOperatingIncome": "-78000000", "depreciation": "None", "depreciationAndAmortization": "2284000000", "incomeBeforeTax": "-3877000000", "incomeTaxExpense": "-173000000", "interestAndDebtExpense": "None", "netIncomeFromContinuingOperations": "-3280000000", "comprehensiveIncomeNetOfTax": "None", "ebit": "-1015000000", "ebitda": "1269000000", "netIncome": "-3302000000"}, {"fiscalDateEnding": "2015-12-31", "reportedCurrency": "USD", "grossProfit": "3208000000", "totalRevenue": "13145000000", "costOfRevenue": "9937000000", "costofGoodsAndServicesSold": "9937000000", "operatingIncome": "-20727000000", "sellingGeneralAndAdministrative": "855000000", "researchAndDevelopment": "0", "operatingExpenses": "3037000000", "investmentIncomeNet": "None", "netInterestIncome": "None", "interestIncome": "513000000", "interestExpense": "517000000", "nonInterestIncome": "None", "otherNonOperatingIncome": "-24000000", "depreciation": "None", "depreciationAndAmortization": "3129000000", "incomeBeforeTax": "-21268000000", "incomeTaxExpense": "-6065000000", "interestAndDebtExpense": "None", "netIncomeFromContinuingOperations": "-14444000000", "comprehensiveIncomeNetOfTax": "None", "ebit": "-18452000000", "ebitda": "-15323000000", "netIncome": "-14454000000"}, {"fiscalDateEnding": "2014-12-31", "reportedCurrency": "USD", "grossProfit": "8897000000", "totalRevenue": "19566000000", "costOfRevenue": "10669000000", "costofGoodsAndServicesSold": "10669000000", "operatingIncome": "4698000000", "sellingGeneralAndAdministrative": "847000000", "researchAndDevelopment": "0", "operatingExpenses": "3272000000", "investmentIncomeNet": "None", "netInterestIncome": "None", "interestIncome": "None", "interestExpense": "526000000", "nonInterestIncome": "None", "otherNonOperatingIncome": "-113000000", "depreciation": "None", "depreciationAndAmortization": "3319000000", "incomeBeforeTax": "4059000000", "incomeTaxExpense": "2368000000", "interestAndDebtExpense": "None", "netIncomeFromContinuingOperations": "1691000000", "comprehensiveIncomeNetOfTax": "None", "ebit": "4547000000", "ebitda": "7866000000", "netIncome": "1607000000"}, {"fiscalDateEnding": "2013-12-31", "reportedCurrency": "USD", "grossProfit": "5603000000", "totalRevenue": "10397000000", "costOfRevenue": "4794000000", "costofGoodsAndServicesSold": "4794000000", "operatingIncome": "621000000", "sellingGeneralAndAdministrative": "617000000", "researchAndDevelopment": "0", "operatingExpenses": "3006000000", "investmentIncomeNet": "None", "netInterestIncome": "None", "interestIncome": "None", "interestExpense": "417000000", "nonInterestIncome": "None", "otherNonOperatingIncome": "-1000000", "depreciation": "None", "depreciationAndAmortization": "2780000000", "incomeBeforeTax": "149000000", "incomeTaxExpense": "169000000", "interestAndDebtExpense": "None", "netIncomeFromContinuingOperations": "-20000000", "comprehensiveIncomeNetOfTax": "None", "ebit": "559000000", "ebitda": "3339000000", "netIncome": "-20000000"}, {"fiscalDateEnding": "2012-12-31", "reportedCurrency": "USD", "grossProfit": "5445000000", "totalRevenue": "9502000000", "costOfRevenue": "4057000000", "costofGoodsAndServicesSold": "4057000000", "operatingIncome": "2155000000", "sellingGeneralAndAdministrative": "692000000", "researchAndDevelopment": "0", "operatingExpenses": "3180000000", "investmentIncomeNet": "None", "netInterestIncome": "None", "interestIncome": "None", "interestExpense": "406000000", "nonInterestIncome": "None", "otherNonOperatingIncome": "-78000000", "depreciation": "None", "depreciationAndAmortization": "2811000000", "incomeBeforeTax": "-317000000", "incomeTaxExpense": "-132000000", "interestAndDebtExpense": "None", "netIncomeFromContinuingOperations": "-185000000", "comprehensiveIncomeNetOfTax": "None", "ebit": "89000000", "ebitda": "2900000000", "netIncome": "-206000000"}, {"fiscalDateEnding": "2011-12-31", "reportedCurrency": "USD", "grossProfit": "7006000000", "totalRevenue": "10573000000", "costOfRevenue": "3567000000", "costofGoodsAndServicesSold": "3567000000", "operatingIncome": "4630000000", "sellingGeneralAndAdministrative": "585000000", "researchAndDevelopment": "0", "operatingExpenses": "3257000000", "investmentIncomeNet": "None", "netInterestIncome": "None", "interestIncome": "None", "interestExpense": "352000000", "nonInterestIncome": "None", "otherNonOperatingIncome": "10000000", "depreciation": "None", "depreciationAndAmortization": "2248000000", "incomeBeforeTax": "4290000000", "incomeTaxExpense": "2156000000", "interestAndDebtExpense": "None", "netIncomeFromContinuingOperations": "2134000000", "comprehensiveIncomeNetOfTax": "None", "ebit": "4632000000", "ebitda": "6880000000", "netIncome": "4704000000"}, {"fiscalDateEnding": "2010-12-31", "reportedCurrency": "USD", "grossProfit": "6083000000", "totalRevenue": "9129000000", "costOfRevenue": "3046000000", "costofGoodsAndServicesSold": "3046000000", "operatingIncome": "4021000000", "sellingGeneralAndAdministrative": "563000000", "researchAndDevelopment": "0", "operatingExpenses": "2965000000", "investmentIncomeNet": "None", "netInterestIncome": "None", "interestIncome": "None", "interestExpense": "363000000", "nonInterestIncome": "None", "otherNonOperatingIncome": "45000000", "depreciation": "None", "depreciationAndAmortization": "1930000000", "incomeBeforeTax": "3568000000", "incomeTaxExpense": "1235000000", "interestAndDebtExpense": "None", "netIncomeFromContinuingOperations": "2333000000", "comprehensiveIncomeNetOfTax": "None", "ebit": "3132000000", "ebitda": "5062000000", "netIncome": "4550000000"}, {"fiscalDateEnding": "2009-12-31", "reportedCurrency": "USD", "grossProfit": "5323000000", "totalRevenue": "8015000000", "costOfRevenue": "2692000000", "costofGoodsAndServicesSold": "2692000000", "operatingIncome": "-3989000000", "sellingGeneralAndAdministrative": "648000000", "researchAndDevelopment": "0", "operatingExpenses": "9395000000", "investmentIncomeNet": "None", "netInterestIncome": "None", "interestIncome": "None", "interestExpense": "349000000", "nonInterestIncome": "None", "otherNonOperatingIncome": "68000000", "depreciation": "None", "depreciationAndAmortization": "2108000000", "incomeBeforeTax": "-4526000000", "incomeTaxExpense": "-1773000000", "interestAndDebtExpense": "None", "netIncomeFromContinuingOperations": "-2753000000", "comprehensiveIncomeNetOfTax": "None", "ebit": "-4453000000", "ebitda": "-2345000000", "netIncome": "-2479000000"}, {"fiscalDateEnding": "2008-12-31", "reportedCurrency": "USD", "grossProfit": "11370000000", "totalRevenue": "15211000000", "costOfRevenue": "3841000000", "costofGoodsAndServicesSold": "3841000000", "operatingIncome": "-3779000000", "sellingGeneralAndAdministrative": "653000000", "researchAndDevelopment": "None", "operatingExpenses": "4684000000", "investmentIncomeNet": "None", "netInterestIncome": "None", "interestIncome": "None", "interestExpense": "329000000", "nonInterestIncome": "None", "otherNonOperatingIncome": "None", "depreciation": "None", "depreciationAndAmortization": "3509000000", "incomeBeforeTax": "-4033000000", "incomeTaxExpense": "-954000000", "interestAndDebtExpense": "None", "netIncomeFromContinuingOperations": "None", "comprehensiveIncomeNetOfTax": "None", "ebit": "-3960000000", "ebitda": "-451000000", "netIncome": "-2148000000"}, {"fiscalDateEnding": "2007-12-31", "reportedCurrency": "USD", "grossProfit": "8307000000", "totalRevenue": "11362000000", "costOfRevenue": "3055000000", "costofGoodsAndServicesSold": "3055000000", "operatingIncome": "4522000000", "sellingGeneralAndAdministrative": "513000000", "researchAndDevelopment": "None", "operatingExpenses": "3711000000", "investmentIncomeNet": "None", "netInterestIncome": "None", "interestIncome": "None", "interestExpense": "430000000", "nonInterestIncome": "None", "otherNonOperatingIncome": "None", "depreciation": "None", "depreciationAndAmortization": "2858000000", "incomeBeforeTax": "4224000000", "incomeTaxExpense": "1078000000", "interestAndDebtExpense": "None", "netIncomeFromContinuingOperations": "None", "comprehensiveIncomeNetOfTax": "None", "ebit": "4596000000", "ebitda": "7454000000", "netIncome": "3606000000"}, {"fiscalDateEnding": "2006-12-31", "reportedCurrency": "USD", "grossProfit": "7846000000", "totalRevenue": "10578000000", "costOfRevenue": "2732000000", "costofGoodsAndServicesSold": "2732000000", "operatingIncome": "4496000000", "sellingGeneralAndAdministrative": "397000000", "researchAndDevelopment": "None", "operatingExpenses": "3180000000", "investmentIncomeNet": "None", "netInterestIncome": "None", "interestIncome": "None", "interestExpense": "421000000", "nonInterestIncome": "None", "otherNonOperatingIncome": "None", "depreciation": "None", "depreciationAndAmortization": "2442000000", "incomeBeforeTax": "4012000000", "incomeTaxExpense": "1189000000", "interestAndDebtExpense": "None", "netIncomeFromContinuingOperations": "None", "comprehensiveIncomeNetOfTax": "None", "ebit": "3926000000", "ebitda": "6368000000", "netIncome": "2846000000"}, {"fiscalDateEnding": "2005-12-31", "reportedCurrency": "USD", "grossProfit": "9396000000", "totalRevenue": "10741000000", "costOfRevenue": "1345000000", "costofGoodsAndServicesSold": "1345000000", "operatingIncome": "5025000000", "sellingGeneralAndAdministrative": "291000000", "researchAndDevelopment": "None", "operatingExpenses": "4159000000", "investmentIncomeNet": "None", "netInterestIncome": "None", "interestIncome": "None", "interestExpense": "533000000", "nonInterestIncome": "None", "otherNonOperatingIncome": "None", "depreciation": "None", "depreciationAndAmortization": "2191000000", "incomeBeforeTax": "4552000000", "incomeTaxExpense": "1622000000", "interestAndDebtExpense": "None", "netIncomeFromContinuingOperations": "None", "comprehensiveIncomeNetOfTax": "None", "ebit": "4624000000", "ebitda": "6815000000", "netIncome": "2930000000"}], "quarterlyReports": [{"fiscalDateEnding": "2024-12-31", "reportedCurrency": "USD", "grossProfit": "1149000000", "totalRevenue": "4403000000", "costOfRevenue": "3254000000", "costofGoodsAndServicesSold": "3254000000", "operatingIncome": "943000000", "sellingGeneralAndAdministrative": "155000000", "researchAndDevelopment": "None", "operatingExpenses": "206000000", "investmentIncomeNet": "None", "netInterestIncome": "-123000000", "interestIncome": "16000000", "interestExpense": "128000000", "nonInterestIncome": "None", "otherNonOperatingIncome": "None", "depreciation": "None", "depreciationAndAmortization": "971000000", "incomeBeforeTax": "840000000", "incomeTaxExpense": "187000000", "interestAndDebtExpense": "None", "netIncomeFromContinuingOperations": "653000000", "comprehensiveIncomeNetOfTax": "None", "ebit": "968000000", "ebitda": "1939000000", "netIncome": "639000000"}, {"fiscalDateEnding": "2024-09-30", "reportedCurrency": "USD", "grossProfit": "1030000000", "totalRevenue": "3736000000", "costOfRevenue": "2706000000", "costofGoodsAndServicesSold": "2706000000", "operatingIncome": "909000000", "sellingGeneralAndAdministrative": "117000000", "researchAndDevelopment": "None", "operatingExpenses": "117000000", "investmentIncomeNet": "None", "netInterestIncome": "-88000000", "interestIncome": "19000000", "interestExpense": "98000000", "nonInterestIncome": "None", "otherNonOperatingIncome": "None", "depreciation": "None", "depreciationAndAmortization": "794000000", "incomeBeforeTax": "1064000000", "incomeTaxExpense": "239000000", "interestAndDebtExpense": "None", "netIncomeFromContinuingOperations": "825000000", "comprehensiveIncomeNetOfTax": "None", "ebit": "1171000000", "ebitda": "1965000000", "netIncome": "812000000"}, {"fiscalDateEnding": "2024-06-30", "reportedCurrency": "USD", "grossProfit": "1173000000", "totalRevenue": "3840000000", "costOfRevenue": "2667000000", "costofGoodsAndServicesSold": "2667000000", "operatingIncome": "1059000000", "sellingGeneralAndAdministrative": "114000000", "researchAndDevelopment": "None", "operatingExpenses": "114000000", "investmentIncomeNet": "None", "netInterestIncome": "-76000000", "interestIncome": "14000000", "interestExpense": "88000000", "nonInterestIncome": "None", "otherNonOperatingIncome": "None", "depreciation": "None", "depreciationAndAmortization": "768000000", "incomeBeforeTax": "1040000000", "incomeTaxExpense": "185000000", "interestAndDebtExpense": "None", "netIncomeFromContinuingOperations": "855000000", "comprehensiveIncomeNetOfTax": "None", "ebit": "1130000000", "ebitda": "1898000000", "netIncome": "844000000"}, {"fiscalDateEnding": "2024-03-31", "reportedCurrency": "USD", "grossProfit": "1126000000", "totalRevenue": "3741000000", "costOfRevenue": "2615000000", "costofGoodsAndServicesSold": "2615000000", "operatingIncome": "1012000000", "sellingGeneralAndAdministrative": "114000000", "researchAndDevelopment": "None", "operatingExpenses": "114000000", "investmentIncomeNet": "None", "netInterestIncome": "-76000000", "interestIncome": "13000000", "interestExpense": "87000000", "nonInterestIncome": "None", "otherNonOperatingIncome": "None", "depreciation": "None", "depreciationAndAmortization": "722000000", "incomeBeforeTax": "768000000", "incomeTaxExpense": "159000000", "interestAndDebtExpense": "None", "netIncomeFromContinuingOperations": "609000000", "comprehensiveIncomeNetOfTax": "None", "ebit": "845000000", "ebitda": "1567000000", "netIncome": "596000000"}, {"fiscalDateEnding": "2023-12-31", "reportedCurrency": "USD", "grossProfit": "1315000000", "totalRevenue": "3821000000", "costOfRevenue": "2506000000", "costofGoodsAndServicesSold": "2506000000", "operatingIncome": "1204000000", "sellingGeneralAndAdministrative": "111000000", "researchAndDevelopment": "None", "operatingExpenses": "111000000", "investmentIncomeNet": "None", "netInterestIncome": "-77000000", "interestIncome": "12000000", "interestExpense": "87000000", "nonInterestIncome": "None", "otherNonOperatingIncome": "None", "depreciation": "None", "depreciationAndAmortization": "650000000", "incomeBeforeTax": "1430000000", "incomeTaxExpense": "269000000", "interestAndDebtExpense": "None", "netIncomeFromContinuingOperations": "1161000000", "comprehensiveIncomeNetOfTax": "None", "ebit": "1517000000", "ebitda": "2167000000", "netIncome": "1152000000"}, {"fiscalDateEnding": "2023-09-30", "reportedCurrency": "USD", "grossProfit": "1268000000", "totalRevenue": "3836000000", "costOfRevenue": "2568000000", "costofGoodsAndServicesSold": "2568000000", "operatingIncome": "1062000000", "sellingGeneralAndAdministrative": "99000000", "researchAndDevelopment": "None", "operatingExpenses": "1247000", "investmentIncomeNet": "None", "netInterestIncome": "-81000000", "interestIncome": "12000000", "interestExpense": "93000000", "nonInterestIncome": "None", "otherNonOperatingIncome": "None", "depreciation": "None", "depreciationAndAmortization": "651000000", "incomeBeforeTax": "1072000000", "incomeTaxExpense": "152000000", "interestAndDebtExpense": "None", "netIncomeFromContinuingOperations": "920000000", "comprehensiveIncomeNetOfTax": "None", "ebit": "1164000000", "ebitda": "1815000000", "netIncome": "910000000"}, {"fiscalDateEnding": "2023-06-30", "reportedCurrency": "USD", "grossProfit": "1046000000", "totalRevenue": "3454000000", "costOfRevenue": "2408000000", "costofGoodsAndServicesSold": "2408000000", "operatingIncome": "889000", "sellingGeneralAndAdministrative": "92000000", "researchAndDevelopment": "None", "operatingExpenses": "102000000", "investmentIncomeNet": "None", "netInterestIncome": "-78000000", "interestIncome": "15000000", "interestExpense": "96000000", "nonInterestIncome": "None", "otherNonOperatingIncome": "None", "depreciation": "None", "depreciationAndAmortization": "638000000", "incomeBeforeTax": "897000000", "incomeTaxExpense": "199000000", "interestAndDebtExpense": "None", "netIncomeFromContinuingOperations": "698000000", "comprehensiveIncomeNetOfTax": "None", "ebit": "990000000", "ebitda": "1628000000", "netIncome": "690000000"}, {"fiscalDateEnding": "2023-03-31", "reportedCurrency": "USD", "grossProfit": "1410000000", "totalRevenue": "3823000000", "costOfRevenue": "2413000000", "costofGoodsAndServicesSold": "2413000000", "operatingIncome": "1301000000", "sellingGeneralAndAdministrative": "106000000", "researchAndDevelopment": "None", "operatingExpenses": "1410000000", "investmentIncomeNet": "None", "netInterestIncome": "-72000000", "interestIncome": "17000000", "interestExpense": "93000000", "nonInterestIncome": "None", "otherNonOperatingIncome": "None", "depreciation": "None", "depreciationAndAmortization": "615000000", "incomeBeforeTax": "1224000000", "incomeTaxExpense": "221000000", "interestAndDebtExpense": "None", "netIncomeFromContinuingOperations": "1008000000", "comprehensiveIncomeNetOfTax": "None", "ebit": "1317000000", "ebitda": "1932000000", "netIncome": "995000000"}, {"fiscalDateEnding": "2022-12-31", "reportedCurrency": "USD", "grossProfit": "1728000000", "totalRevenue": "4299000000", "costOfRevenue": "2571000000", "costofGoodsAndServicesSold": "2571000000", "operatingIncome": "1601000000", "sellingGeneralAndAdministrative": "122000000", "researchAndDevelopment": "None", "operatingExpenses": "135000000", "investmentIncomeNet": "None", "netInterestIncome": "-89000000", "interestIncome": "16000000", "interestExpense": "93000000", "nonInterestIncome": "None", "otherNonOperatingIncome": "29000000", "depreciation": "None", "depreciationAndAmortization": "645000000", "incomeBeforeTax": "1553000000", "incomeTaxExpense": "349000000", "interestAndDebtExpense": "None", "netIncomeFromContinuingOperations": "1204000000", "comprehensiveIncomeNetOfTax": "None", "ebit": "1642000000", "ebitda": "2287000000", "netIncome": "1201000000"}, {"fiscalDateEnding": "2022-09-30", "reportedCurrency": "USD", "grossProfit": "2591000000", "totalRevenue": "5432000000", "costOfRevenue": "2841000000", "costofGoodsAndServicesSold": "2841000000", "operatingIncome": "2538000000", "sellingGeneralAndAdministrative": "95000000", "researchAndDevelopment": "None", "operatingExpenses": "99000000", "investmentIncomeNet": "None", "netInterestIncome": "-86000000", "interestIncome": "73000000", "interestExpense": "92000000", "nonInterestIncome": "None", "otherNonOperatingIncome": "None", "depreciation": "None", "depreciationAndAmortization": "581000000", "incomeBeforeTax": "2465000000", "incomeTaxExpense": "565000000", "interestAndDebtExpense": "None", "netIncomeFromContinuingOperations": "1854000000", "comprehensiveIncomeNetOfTax": "None", "ebit": "2551000000", "ebitda": "3132000000", "netIncome": "1893000000"}, {"fiscalDateEnding": "2022-06-30", "reportedCurrency": "USD", "grossProfit": "2669000000", "totalRevenue": "5626000000", "costOfRevenue": "2957000000", "costofGoodsAndServicesSold": "2957000000", "operatingIncome": "2574000000", "sellingGeneralAndAdministrative": "84000000", "researchAndDevelopment": "None", "operatingExpenses": "94000000", "investmentIncomeNet": "None", "netInterestIncome": "-84000000", "interestIncome": "2000000", "interestExpense": "93000000", "nonInterestIncome": "None", "otherNonOperatingIncome": "14000000", "depreciation": "None", "depreciationAndAmortization": "528000000", "incomeBeforeTax": "2495000000", "incomeTaxExpense": "557000000", "interestAndDebtExpense": "None", "netIncomeFromContinuingOperations": "1938000000", "comprehensiveIncomeNetOfTax": "None", "ebit": "2581000000", "ebitda": "3109000000", "netIncome": "1932000000"}, {"fiscalDateEnding": "2022-03-31", "reportedCurrency": "USD", "grossProfit": "1381000000", "totalRevenue": "3812000000", "costOfRevenue": "2431000000", "costofGoodsAndServicesSold": "2431000000", "operatingIncome": "1353000000", "sellingGeneralAndAdministrative": "94000000", "researchAndDevelopment": "None", "operatingExpenses": "96000000", "investmentIncomeNet": "None", "netInterestIncome": "-85000000", "interestIncome": "1000000", "interestExpense": "92000000", "nonInterestIncome": "None", "otherNonOperatingIncome": "1000000", "depreciation": "None", "depreciationAndAmortization": "489000000", "incomeBeforeTax": "1262000000", "incomeTaxExpense": "267000000", "interestAndDebtExpense": "None", "netIncomeFromContinuingOperations": "929000000", "comprehensiveIncomeNetOfTax": "None", "ebit": "1354000000", "ebitda": "1843000000", "netIncome": "989000000"}, {"fiscalDateEnding": "2021-12-31", "reportedCurrency": "USD", "grossProfit": "1825000000", "totalRevenue": "4273000000", "costOfRevenue": "2448000000", "costofGoodsAndServicesSold": "2448000000", "operatingIncome": "1605000000", "sellingGeneralAndAdministrative": "95000000", "researchAndDevelopment": "None", "operatingExpenses": "100000000", "investmentIncomeNet": "None", "netInterestIncome": "-86000000", "interestIncome": "92000000", "interestExpense": "92000000", "nonInterestIncome": "None", "otherNonOperatingIncome": "49000000", "depreciation": "None", "depreciationAndAmortization": "577000000", "incomeBeforeTax": "1662000000", "incomeTaxExpense": "150000000", "interestAndDebtExpense": "None", "netIncomeFromContinuingOperations": "1431000000", "comprehensiveIncomeNetOfTax": "None", "ebit": "1748000000", "ebitda": "2325000000", "netIncome": "1506000000"}, {"fiscalDateEnding": "2021-09-30", "reportedCurrency": "USD", "grossProfit": "1168000000", "totalRevenue": "3466000000", "costOfRevenue": "2298000000", "costofGoodsAndServicesSold": "2298000000", "operatingIncome": "1070000000", "sellingGeneralAndAdministrative": "95000000", "researchAndDevelopment": "None", "operatingExpenses": "98000000", "investmentIncomeNet": "None", "netInterestIncome": "-86000000", "interestIncome": "1000000", "interestExpense": "93000000", "nonInterestIncome": "None", "otherNonOperatingIncome": "None", "depreciation": "None", "depreciationAndAmortization": "578000000", "incomeBeforeTax": "964000000", "incomeTaxExpense": "120000000", "interestAndDebtExpense": "None", "netIncomeFromContinuingOperations": "844000000", "comprehensiveIncomeNetOfTax": "None", "ebit": "1051000000", "ebitda": "1629000000", "netIncome": "838000000"}, {"fiscalDateEnding": "2021-06-30", "reportedCurrency": "USD", "grossProfit": "403000000", "totalRevenue": "2417000000", "costOfRevenue": "2014000000", "costofGoodsAndServicesSold": "2014000000", "operatingIncome": "306000000", "sellingGeneralAndAdministrative": "94000000", "researchAndDevelopment": "None", "operatingExpenses": "97000000", "investmentIncomeNet": "None", "netInterestIncome": "-90000000", "interestIncome": "98000000", "interestExpense": "98000000", "nonInterestIncome": "None", "otherNonOperatingIncome": "87000000", "depreciation": "None", "depreciationAndAmortization": "536000000", "incomeBeforeTax": "304000000", "incomeTaxExpense": "43000000", "interestAndDebtExpense": "None", "netIncomeFromContinuingOperations": "261000000", "comprehensiveIncomeNetOfTax": "None", "ebit": "394000000", "ebitda": "930000000", "netIncome": "256000000"}, {"fiscalDateEnding": "2021-03-31", "reportedCurrency": "USD", "grossProfit": "283000000", "totalRevenue": "1762000000", "costOfRevenue": "1479000000", "costofGoodsAndServicesSold": "1479000000", "operatingIncome": "173000000", "sellingGeneralAndAdministrative": "107000000", "researchAndDevelopment": "None", "operatingExpenses": "110000000", "investmentIncomeNet": "None", "netInterestIncome": "-97000000", "interestIncome": "1000000", "interestExpense": "105000000", "nonInterestIncome": "None", "otherNonOperatingIncome": "32000000", "depreciation": "None", "depreciationAndAmortization": "467000000", "incomeBeforeTax": "-32000000", "incomeTaxExpense": "-248000000", "interestAndDebtExpense": "None", "netIncomeFromContinuingOperations": "236000000", "comprehensiveIncomeNetOfTax": "None", "ebit": "66000000", "ebitda": "533000000", "netIncome": "213000000"}, {"fiscalDateEnding": "2020-12-31", "reportedCurrency": "USD", "grossProfit": "90000000", "totalRevenue": "1280000000", "costOfRevenue": "1190000000", "costofGoodsAndServicesSold": "1190000000", "operatingIncome": "4000000", "sellingGeneralAndAdministrative": "82000000", "researchAndDevelopment": "None", "operatingExpenses": "86000000", "investmentIncomeNet": "None", "netInterestIncome": "-70000000", "interestIncome": "64000000", "interestExpense": "70000000", "nonInterestIncome": "None", "otherNonOperatingIncome": "1000000", "depreciation": "None", "depreciationAndAmortization": "301000000", "incomeBeforeTax": "-110000000", "incomeTaxExpense": "-37000000", "interestAndDebtExpense": "None", "netIncomeFromContinuingOperations": "-88000000", "comprehensiveIncomeNetOfTax": "None", "ebit": "-40000000", "ebitda": "261000000", "netIncome": "-102000000"}, {"fiscalDateEnding": "2020-09-30", "reportedCurrency": "USD", "grossProfit": "19000000", "totalRevenue": "1067000000", "costOfRevenue": "1048000000", "costofGoodsAndServicesSold": "1048000000", "operatingIncome": "-95000000", "sellingGeneralAndAdministrative": "75000000", "researchAndDevelopment": "None", "operatingExpenses": "114000000", "investmentIncomeNet": "None", "netInterestIncome": "-66000000", "interestIncome": "60000000", "interestExpense": "66000000", "nonInterestIncome": "None", "otherNonOperatingIncome": "None", "depreciation": "None", "depreciationAndAmortization": "299000000", "incomeBeforeTax": "-193000000", "incomeTaxExpense": "-90000000", "interestAndDebtExpense": "None", "netIncomeFromContinuingOperations": "-104000000", "comprehensiveIncomeNetOfTax": "None", "ebit": "-128000000", "ebitda": "171000000", "netIncome": "-92000000"}, {"fiscalDateEnding": "2020-06-30", "reportedCurrency": "USD", "grossProfit": "-507000000", "totalRevenue": "394000000", "costOfRevenue": "901000000", "costofGoodsAndServicesSold": "901000000", "operatingIncome": "-598000000", "sellingGeneralAndAdministrative": "79000000", "researchAndDevelopment": "None", "operatingExpenses": "91000000", "investmentIncomeNet": "None", "netInterestIncome": "-69000000", "interestIncome": "2000000", "interestExpense": "65000000", "nonInterestIncome": "None", "otherNonOperatingIncome": "None", "depreciation": "None", "depreciationAndAmortization": "299000000", "incomeBeforeTax": "-680000000", "incomeTaxExpense": "-3000000", "interestAndDebtExpense": "None", "netIncomeFromContinuingOperations": "-678000000", "comprehensiveIncomeNetOfTax": "None", "ebit": "-609000000", "ebitda": "-310000000", "netIncome": "-670000000"}, {"fiscalDateEnding": "2020-03-31", "reportedCurrency": "USD", "grossProfit": "1368000000", "totalRevenue": "2087000000", "costOfRevenue": "719000000", "costofGoodsAndServicesSold": "719000000", "operatingIncome": "576000000", "sellingGeneralAndAdministrative": "102000000", "researchAndDevelopment": "None", "operatingExpenses": "792000000", "investmentIncomeNet": "None", "netInterestIncome": "-65000000", "interestIncome": "5000000", "interestExpense": "65000000", "nonInterestIncome": "None", "otherNonOperatingIncome": "None", "depreciation": "None", "depreciationAndAmortization": "401000000", "incomeBeforeTax": "-2107000000", "incomeTaxExpense": "-417000000", "interestAndDebtExpense": "None", "netIncomeFromContinuingOperations": "-1690000000", "comprehensiveIncomeNetOfTax": "None", "ebit": "-2037000000", "ebitda": "-1636000000", "netIncome": "-1816000000"}, {"fiscalDateEnding": "2019-12-31", "reportedCurrency": "USD", "grossProfit": "218000000", "totalRevenue": "1589000000", "costOfRevenue": "1371000000", "costofGoodsAndServicesSold": "1371000000", "operatingIncome": "-3000000", "sellingGeneralAndAdministrative": "119000000", "researchAndDevelopment": "None", "operatingExpenses": "148000000", "investmentIncomeNet": "None", "netInterestIncome": "-64000000", "interestIncome": "65000000", "interestExpense": "64000000", "nonInterestIncome": "None", "otherNonOperatingIncome": "1000000", "depreciation": "None", "depreciationAndAmortization": "382000000", "incomeBeforeTax": "-21000000", "incomeTaxExpense": "-33000000", "interestAndDebtExpense": "None", "netIncomeFromContinuingOperations": "-72000000", "comprehensiveIncomeNetOfTax": "None", "ebit": "81000000", "ebitda": "463000000", "netIncome": "-642000000"}, {"fiscalDateEnding": "2019-09-30", "reportedCurrency": "USD", "grossProfit": "1077000000", "totalRevenue": "1847000000", "costOfRevenue": "770000000", "costofGoodsAndServicesSold": "770000000", "operatingIncome": "268000000", "sellingGeneralAndAdministrative": "107000000", "researchAndDevelopment": "None", "operatingExpenses": "809000000", "investmentIncomeNet": "None", "netInterestIncome": "-60000000", "interestIncome": "65000000", "interestExpense": "60000000", "nonInterestIncome": "None", "otherNonOperatingIncome": "2000000", "depreciation": "None", "depreciationAndAmortization": "402000000", "incomeBeforeTax": "194000000", "incomeTaxExpense": "55000000", "interestAndDebtExpense": "None", "netIncomeFromContinuingOperations": "140000000", "comprehensiveIncomeNetOfTax": "None", "ebit": "254000000", "ebitda": "656000000", "netIncome": "109000000"}, {"fiscalDateEnding": "2019-06-30", "reportedCurrency": "USD", "grossProfit": "1156000000", "totalRevenue": "1921000000", "costOfRevenue": "765000000", "costofGoodsAndServicesSold": "765000000", "operatingIncome": "322000000", "sellingGeneralAndAdministrative": "114000000", "researchAndDevelopment": "None", "operatingExpenses": "834000000", "investmentIncomeNet": "None", "netInterestIncome": "-66000000", "interestIncome": "65000000", "interestExpense": "66000000", "nonInterestIncome": "None", "otherNonOperatingIncome": "1000000", "depreciation": "None", "depreciationAndAmortization": "394000000", "incomeBeforeTax": "237000000", "incomeTaxExpense": "71000000", "interestAndDebtExpense": "None", "netIncomeFromContinuingOperations": "179000000", "comprehensiveIncomeNetOfTax": "None", "ebit": "303000000", "ebitda": "697000000", "netIncome": "495000000"}, {"fiscalDateEnding": "2019-03-31", "reportedCurrency": "USD", "grossProfit": "536000000", "totalRevenue": "1501000000", "costOfRevenue": "965000000", "costofGoodsAndServicesSold": "965000000", "operatingIncome": "-403000000", "sellingGeneralAndAdministrative": "153000000", "researchAndDevelopment": "None", "operatingExpenses": "925000000", "investmentIncomeNet": "None", "netInterestIncome": "-73000000", "interestIncome": "54000000", "interestExpense": "73000000", "nonInterestIncome": "None", "otherNonOperatingIncome": "44000000", "depreciation": "None", "depreciationAndAmortization": "459000000", "incomeBeforeTax": "-427000000", "incomeTaxExpense": "-110000000", "interestAndDebtExpense": "None", "netIncomeFromContinuingOperations": "-315000000", "comprehensiveIncomeNetOfTax": "None", "ebit": "-458968000", "ebitda": "32000", "netIncome": "-317000000"}, {"fiscalDateEnding": "2018-12-31", "reportedCurrency": "USD", "grossProfit": "2729000000", "totalRevenue": "3708000000", "costOfRevenue": "979000000", "costofGoodsAndServicesSold": "979000000", "operatingIncome": "1362000000", "sellingGeneralAndAdministrative": "151000000", "researchAndDevelopment": "0", "operatingExpenses": "1308000000", "investmentIncomeNet": "None", "netInterestIncome": "None", "interestIncome": "None", "interestExpense": "70000000", "nonInterestIncome": "None", "otherNonOperatingIncome": "268000000", "depreciation": "None", "depreciationAndAmortization": "423000000", "incomeBeforeTax": "1484000000", "incomeTaxExpense": "335000000", "interestAndDebtExpense": "None", "netIncomeFromContinuingOperations": "1092000000", "comprehensiveIncomeNetOfTax": "None", "ebit": "1162000000", "ebitda": "1585000000", "netIncome": "1149000000"}, {"fiscalDateEnding": "2018-09-30", "reportedCurrency": "USD", "grossProfit": "1609000000", "totalRevenue": "2579000000", "costOfRevenue": "970000000", "costofGoodsAndServicesSold": "970000000", "operatingIncome": "213000000", "sellingGeneralAndAdministrative": "147000000", "researchAndDevelopment": "0", "operatingExpenses": "1396000000", "investmentIncomeNet": "None", "netInterestIncome": "None", "interestIncome": "None", "interestExpense": "75000000", "nonInterestIncome": "None", "otherNonOperatingIncome": "6000000", "depreciation": "None", "depreciationAndAmortization": "416000000", "incomeBeforeTax": "162000000", "incomeTaxExpense": "-138000000", "interestAndDebtExpense": "None", "netIncomeFromContinuingOperations": "310000000", "comprehensiveIncomeNetOfTax": "None", "ebit": "220000000", "ebitda": "636000000", "netIncome": "2537000000"}, {"fiscalDateEnding": "2018-06-30", "reportedCurrency": "USD", "grossProfit": "1257000000", "totalRevenue": "2249000000", "costOfRevenue": "992000000", "costofGoodsAndServicesSold": "992000000", "operatingIncome": "-138000000", "sellingGeneralAndAdministrative": "153000000", "researchAndDevelopment": "0", "operatingExpenses": "1381000000", "investmentIncomeNet": "None", "netInterestIncome": "None", "interestIncome": "None", "interestExpense": "68000000", "nonInterestIncome": "None", "otherNonOperatingIncome": "-23000000", "depreciation": "None", "depreciationAndAmortization": "420000000", "incomeBeforeTax": "-481000000", "incomeTaxExpense": "-7000000", "interestAndDebtExpense": "None", "netIncomeFromContinuingOperations": "-561000000", "comprehensiveIncomeNetOfTax": "None", "ebit": "-419866000", "ebitda": "134000", "netIncome": "-425000000"}, {"fiscalDateEnding": "2018-03-31", "reportedCurrency": "USD", "grossProfit": "516000000", "totalRevenue": "3810000000", "costOfRevenue": "3294000000", "costofGoodsAndServicesSold": "3294000000", "operatingIncome": "257000000", "sellingGeneralAndAdministrative": "226000000", "researchAndDevelopment": "0", "operatingExpenses": "259000000", "investmentIncomeNet": "None", "netInterestIncome": "None", "interestIncome": "None", "interestExpense": "431000000", "nonInterestIncome": "None", "otherNonOperatingIncome": "12000000", "depreciation": "None", "depreciationAndAmortization": "537000000", "incomeBeforeTax": "-181000000", "incomeTaxExpense": "-28000000", "interestAndDebtExpense": "None", "netIncomeFromContinuingOperations": "-193000000", "comprehensiveIncomeNetOfTax": "None", "ebit": "-536688000", "ebitda": "312000", "netIncome": "-197000000"}, {"fiscalDateEnding": "2017-12-31", "reportedCurrency": "USD", "grossProfit": "614000000", "totalRevenue": "3983000000", "costOfRevenue": "3369000000", "costofGoodsAndServicesSold": "3369000000", "operatingIncome": "-565000000", "sellingGeneralAndAdministrative": "222000000", "researchAndDevelopment": "0", "operatingExpenses": "393000000", "investmentIncomeNet": "None", "netInterestIncome": "None", "interestIncome": "None", "interestExpense": "79000000", "nonInterestIncome": "None", "otherNonOperatingIncome": "93000000", "depreciation": "None", "depreciationAndAmortization": "528000000", "incomeBeforeTax": "100000000", "incomeTaxExpense": "-204000000", "interestAndDebtExpense": "None", "netIncomeFromContinuingOperations": "-305000000", "comprehensiveIncomeNetOfTax": "None", "ebit": "82000000", "ebitda": "610000000", "netIncome": "183000000"}, {"fiscalDateEnding": "2017-09-30", "reportedCurrency": "USD", "grossProfit": "872000000", "totalRevenue": "3156000000", "costOfRevenue": "2284000000", "costofGoodsAndServicesSold": "2284000000", "operatingIncome": "326000000", "sellingGeneralAndAdministrative": "153000000", "researchAndDevelopment": "0", "operatingExpenses": "544000000", "investmentIncomeNet": "None", "netInterestIncome": "None", "interestIncome": "None", "interestExpense": "127000000", "nonInterestIncome": "None", "otherNonOperatingIncome": "73000000", "depreciation": "None", "depreciationAndAmortization": "400000000", "incomeBeforeTax": "272000000", "incomeTaxExpense": "25000000", "interestAndDebtExpense": "None", "netIncomeFromContinuingOperations": "233000000", "comprehensiveIncomeNetOfTax": "None", "ebit": "256000000", "ebitda": "656000000", "netIncome": "228000000"}, {"fiscalDateEnding": "2017-06-30", "reportedCurrency": "USD", "grossProfit": "1104000000", "totalRevenue": "3259000000", "costOfRevenue": "2155000000", "costofGoodsAndServicesSold": "2155000000", "operatingIncome": "542000000", "sellingGeneralAndAdministrative": "164000000", "researchAndDevelopment": "0", "operatingExpenses": "576000000", "investmentIncomeNet": "None", "netInterestIncome": "None", "interestIncome": "None", "interestExpense": "116000000", "nonInterestIncome": "None", "otherNonOperatingIncome": "32000000", "depreciation": "None", "depreciationAndAmortization": "381000000", "incomeBeforeTax": "458000000", "incomeTaxExpense": "7000000", "interestAndDebtExpense": "None", "netIncomeFromContinuingOperations": "429000000", "comprehensiveIncomeNetOfTax": "None", "ebit": "277000000", "ebitda": "658000000", "netIncome": "425000000"}, {"fiscalDateEnding": "2017-03-31", "reportedCurrency": "USD", "grossProfit": "1282000000", "totalRevenue": "3551000000", "costOfRevenue": "2269000000", "costofGoodsAndServicesSold": "2269000000", "operatingIncome": "706000000", "sellingGeneralAndAdministrative": "181000000", "researchAndDevelopment": "0", "operatingExpenses": "565000000", "investmentIncomeNet": "None", "netInterestIncome": "None", "interestIncome": "None", "interestExpense": "127000000", "nonInterestIncome": "None", "otherNonOperatingIncome": "19000000", "depreciation": "None", "depreciationAndAmortization": "381000000", "incomeBeforeTax": "598000000", "incomeTaxExpense": "19000000", "interestAndDebtExpense": "None", "netIncomeFromContinuingOperations": "570000000", "comprehensiveIncomeNetOfTax": "None", "ebit": "600000000", "ebitda": "981000000", "netIncome": "565000000"}, {"fiscalDateEnding": "2016-12-31", "reportedCurrency": "USD", "grossProfit": "773000000", "totalRevenue": "2808000000", "costOfRevenue": "2035000000", "costofGoodsAndServicesSold": "2035000000", "operatingIncome": "637000000", "sellingGeneralAndAdministrative": "163000000", "researchAndDevelopment": "0", "operatingExpenses": "553000000", "investmentIncomeNet": "None", "netInterestIncome": "None", "interestIncome": "None", "interestExpense": "334000000", "nonInterestIncome": "None", "otherNonOperatingIncome": "72000000", "depreciation": "None", "depreciationAndAmortization": "372000000", "incomeBeforeTax": "375000000", "incomeTaxExpense": "55000000", "interestAndDebtExpense": "None", "netIncomeFromContinuingOperations": "333000000", "comprehensiveIncomeNetOfTax": "None", "ebit": "709000000", "ebitda": "1081000000", "netIncome": "331000000"}, {"fiscalDateEnding": "2016-09-30", "reportedCurrency": "USD", "grossProfit": "941000000", "totalRevenue": "2882000000", "costOfRevenue": "1941000000", "costofGoodsAndServicesSold": "1941000000", "operatingIncome": "1465000000", "sellingGeneralAndAdministrative": "141000000", "researchAndDevelopment": "0", "operatingExpenses": "513000000", "investmentIncomeNet": "None", "netInterestIncome": "None", "interestIncome": "None", "interestExpense": "243000000", "nonInterestIncome": "None", "otherNonOperatingIncome": "-44000000", "depreciation": "None", "depreciationAndAmortization": "394000000", "incomeBeforeTax": "1178000000", "incomeTaxExpense": "171000000", "interestAndDebtExpense": "None", "netIncomeFromContinuingOperations": "1004000000", "comprehensiveIncomeNetOfTax": "None", "ebit": "1339000000", "ebitda": "1733000000", "netIncome": "993000000"}, {"fiscalDateEnding": "2016-06-30", "reportedCurrency": "USD", "grossProfit": "591000000", "totalRevenue": "2488000000", "costOfRevenue": "1897000000", "costofGoodsAndServicesSold": "1897000000", "operatingIncome": "-1497000000", "sellingGeneralAndAdministrative": "147000000", "researchAndDevelopment": "0", "operatingExpenses": "567000000", "investmentIncomeNet": "None", "netInterestIncome": "None", "interestIncome": "None", "interestExpense": "163000000", "nonInterestIncome": "None", "otherNonOperatingIncome": "-85000000", "depreciation": "None", "depreciationAndAmortization": "484000000", "incomeBeforeTax": "-1745000000", "incomeTaxExpense": "-182000000", "interestAndDebtExpense": "None", "netIncomeFromContinuingOperations": "-1565000000", "comprehensiveIncomeNetOfTax": "None", "ebit": "-1745000000", "ebitda": "-1261000000", "netIncome": "-1570000000"}, {"fiscalDateEnding": "2016-03-31", "reportedCurrency": "USD", "grossProfit": "440000000", "totalRevenue": "2126000000", "costOfRevenue": "1686000000", "costofGoodsAndServicesSold": "1686000000", "operatingIncome": "-3500000000", "sellingGeneralAndAdministrative": "194000000", "researchAndDevelopment": "0", "operatingExpenses": "658000000", "investmentIncomeNet": "None", "netInterestIncome": "None", "interestIncome": "None", "interestExpense": "164000000", "nonInterestIncome": "None", "otherNonOperatingIncome": "-21000000", "depreciation": "None", "depreciationAndAmortization": "542000000", "incomeBeforeTax": "-3685000000", "incomeTaxExpense": "-217000000", "interestAndDebtExpense": "None", "netIncomeFromContinuingOperations": "-3056000000", "comprehensiveIncomeNetOfTax": "None", "ebit": "-3685000000", "ebitda": "-3143000000", "netIncome": "-3056000000"}, {"fiscalDateEnding": "2015-12-31", "reportedCurrency": "USD", "grossProfit": "691000000", "totalRevenue": "2886000000", "costOfRevenue": "2195000000", "costofGoodsAndServicesSold": "2195000000", "operatingIncome": "-5425000000", "sellingGeneralAndAdministrative": "194000000", "researchAndDevelopment": "0", "operatingExpenses": "699000000", "investmentIncomeNet": "None", "netInterestIncome": "None", "interestIncome": "None", "interestExpense": "139000000", "nonInterestIncome": "None", "otherNonOperatingIncome": "22000000", "depreciation": "None", "depreciationAndAmortization": "641000000", "incomeBeforeTax": "-5542000000", "incomeTaxExpense": "-630000000", "interestAndDebtExpense": "None", "netIncomeFromContinuingOperations": "-4165000000", "comprehensiveIncomeNetOfTax": "None", "ebit": "-3790000000", "ebitda": "-3149000000", "netIncome": "-4532000000"}, {"fiscalDateEnding": "2015-09-30", "reportedCurrency": "USD", "grossProfit": "1129000000", "totalRevenue": "3601000000", "costOfRevenue": "2472000000", "costofGoodsAndServicesSold": "2472000000", "operatingIncome": "-5444000000", "sellingGeneralAndAdministrative": "198000000", "researchAndDevelopment": "0", "operatingExpenses": "719000000", "investmentIncomeNet": "None", "netInterestIncome": "None", "interestIncome": "None", "interestExpense": "136000000", "nonInterestIncome": "None", "otherNonOperatingIncome": "-43000000", "depreciation": "None", "depreciationAndAmortization": "744000000", "incomeBeforeTax": "-5623000000", "incomeTaxExpense": "-1714000000", "interestAndDebtExpense": "None", "netIncomeFromContinuingOperations": "-3904000000", "comprehensiveIncomeNetOfTax": "None", "ebit": "-5221000000", "ebitda": "-4477000000", "netIncome": "-3507000000"}, {"fiscalDateEnding": "2015-06-30", "reportedCurrency": "USD", "grossProfit": "600000000", "totalRevenue": "3393000000", "costOfRevenue": "2793000000", "costofGoodsAndServicesSold": "2793000000", "operatingIncome": "-4363000000", "sellingGeneralAndAdministrative": "212000000", "researchAndDevelopment": "0", "operatingExpenses": "796000000", "investmentIncomeNet": "None", "netInterestIncome": "None", "interestIncome": "None", "interestExpense": "125000000", "nonInterestIncome": "None", "otherNonOperatingIncome": "9000000", "depreciation": "None", "depreciationAndAmortization": "814000000", "incomeBeforeTax": "-4479000000", "incomeTaxExpense": "-1686000000", "interestAndDebtExpense": "None", "netIncomeFromContinuingOperations": "-2790000000", "comprehensiveIncomeNetOfTax": "None", "ebit": "-4502000000", "ebitda": "-3688000000", "netIncome": "-2816000000"}, {"fiscalDateEnding": "2015-03-31", "reportedCurrency": "USD", "grossProfit": "788000000", "totalRevenue": "3265000000", "costOfRevenue": "2477000000", "costofGoodsAndServicesSold": "2477000000", "operatingIncome": "-5495000000", "sellingGeneralAndAdministrative": "251000000", "researchAndDevelopment": "0", "operatingExpenses": "823000000", "investmentIncomeNet": "None", "netInterestIncome": "None", "interestIncome": "None", "interestExpense": "117000000", "nonInterestIncome": "None", "otherNonOperatingIncome": "-12000000", "depreciation": "None", "depreciationAndAmortization": "930000000", "incomeBeforeTax": "-5624000000", "incomeTaxExpense": "-2035000000", "interestAndDebtExpense": "None", "netIncomeFromContinuingOperations": "-3585000000", "comprehensiveIncomeNetOfTax": "None", "ebit": "-5634000000", "ebitda": "-4704000000", "netIncome": "-3599000000"}, {"fiscalDateEnding": "2014-12-31", "reportedCurrency": "USD", "grossProfit": "3254000000", "totalRevenue": "5995000000", "costOfRevenue": "2741000000", "costofGoodsAndServicesSold": "2741000000", "operatingIncome": "460000000", "sellingGeneralAndAdministrative": "252000000", "researchAndDevelopment": "0", "operatingExpenses": "839000000", "investmentIncomeNet": "None", "netInterestIncome": "None", "interestIncome": "None", "interestExpense": "167000000", "nonInterestIncome": "None", "otherNonOperatingIncome": "-2000000", "depreciation": "None", "depreciationAndAmortization": "910000000", "incomeBeforeTax": "291000000", "incomeTaxExpense": "670000000", "interestAndDebtExpense": "None", "netIncomeFromContinuingOperations": "-336000000", "comprehensiveIncomeNetOfTax": "None", "ebit": "424000000", "ebitda": "1334000000", "netIncome": "-408000000"}, {"fiscalDateEnding": "2014-09-30", "reportedCurrency": "USD", "grossProfit": "2573000000", "totalRevenue": "5336000000", "costOfRevenue": "2763000000", "costofGoodsAndServicesSold": "2763000000", "operatingIncome": "1774000000", "sellingGeneralAndAdministrative": "195000000", "researchAndDevelopment": "0", "operatingExpenses": "797000000", "investmentIncomeNet": "None", "netInterestIncome": "None", "interestIncome": "None", "interestExpense": "116000000", "nonInterestIncome": "None", "otherNonOperatingIncome": "-4000000", "depreciation": "None", "depreciationAndAmortization": "842000000", "incomeBeforeTax": "1654000000", "incomeTaxExpense": "613000000", "interestAndDebtExpense": "None", "netIncomeFromContinuingOperations": "1018000000", "comprehensiveIncomeNetOfTax": "None", "ebit": "1778000000", "ebitda": "2620000000", "netIncome": "1016000000"}, {"fiscalDateEnding": "2014-06-30", "reportedCurrency": "USD", "grossProfit": "1526000000", "totalRevenue": "4510000000", "costOfRevenue": "2984000000", "costofGoodsAndServicesSold": "2984000000", "operatingIncome": "1774000000", "sellingGeneralAndAdministrative": "189000000", "researchAndDevelopment": "0", "operatingExpenses": "804000000", "investmentIncomeNet": "None", "netInterestIncome": "None", "interestIncome": "None", "interestExpense": "131000000", "nonInterestIncome": "None", "otherNonOperatingIncome": "-89000000", "depreciation": "None", "depreciationAndAmortization": "828000000", "incomeBeforeTax": "1554000000", "incomeTaxExpense": "854000000", "interestAndDebtExpense": "None", "netIncomeFromContinuingOperations": "680000000", "comprehensiveIncomeNetOfTax": "None", "ebit": "1676000000", "ebitda": "2504000000", "netIncome": "675000000"}, {"fiscalDateEnding": "2014-03-31", "reportedCurrency": "USD", "grossProfit": "1544000000", "totalRevenue": "3725000000", "costOfRevenue": "2181000000", "costofGoodsAndServicesSold": "2181000000", "operatingIncome": "690000000", "sellingGeneralAndAdministrative": "211000000", "researchAndDevelopment": "0", "operatingExpenses": "817000000", "investmentIncomeNet": "None", "netInterestIncome": "None", "interestIncome": "None", "interestExpense": "112000000", "nonInterestIncome": "None", "otherNonOperatingIncome": "-18000000", "depreciation": "None", "depreciationAndAmortization": "739000000", "incomeBeforeTax": "560000000", "incomeTaxExpense": "231000000", "interestAndDebtExpense": "None", "netIncomeFromContinuingOperations": "329000000", "comprehensiveIncomeNetOfTax": "None", "ebit": "669000000", "ebitda": "1408000000", "netIncome": "324000000"}, {"fiscalDateEnding": "2013-12-31", "reportedCurrency": "USD", "grossProfit": "1380000000", "totalRevenue": "2624000000", "costOfRevenue": "1244000000", "costofGoodsAndServicesSold": "1244000000", "operatingIncome": "595000000", "sellingGeneralAndAdministrative": "157000000", "researchAndDevelopment": "0", "operatingExpenses": "769000000", "investmentIncomeNet": "None", "netInterestIncome": "None", "interestIncome": "None", "interestExpense": "111000000", "nonInterestIncome": "None", "otherNonOperatingIncome": "82000000", "depreciation": "None", "depreciationAndAmortization": "711000000", "incomeBeforeTax": "475000000", "incomeTaxExpense": "268000000", "interestAndDebtExpense": "None", "netIncomeFromContinuingOperations": "207000000", "comprehensiveIncomeNetOfTax": "None", "ebit": "573000000", "ebitda": "1284000000", "netIncome": "207000000"}, {"fiscalDateEnding": "2013-09-30", "reportedCurrency": "USD", "grossProfit": "1646000000", "totalRevenue": "2720000000", "costOfRevenue": "1074000000", "costofGoodsAndServicesSold": "1074000000", "operatingIncome": "759000000", "sellingGeneralAndAdministrative": "143000000", "researchAndDevelopment": "0", "operatingExpenses": "887000000", "investmentIncomeNet": "None", "netInterestIncome": "None", "interestIncome": "None", "interestExpense": "101000000", "nonInterestIncome": "None", "otherNonOperatingIncome": "-34000000", "depreciation": "None", "depreciationAndAmortization": "691000000", "incomeBeforeTax": "639000000", "incomeTaxExpense": "210000000", "interestAndDebtExpense": "None", "netIncomeFromContinuingOperations": "429000000", "comprehensiveIncomeNetOfTax": "None", "ebit": "740000000", "ebitda": "1431000000", "netIncome": "429000000"}, {"fiscalDateEnding": "2013-06-30", "reportedCurrency": "USD", "grossProfit": "2035000000", "totalRevenue": "3091000000", "costOfRevenue": "1056000000", "costofGoodsAndServicesSold": "1056000000", "operatingIncome": "1155000000", "sellingGeneralAndAdministrative": "167000000", "researchAndDevelopment": "0", "operatingExpenses": "880000000", "investmentIncomeNet": "None", "netInterestIncome": "None", "interestIncome": "None", "interestExpense": "104000000", "nonInterestIncome": "None", "otherNonOperatingIncome": "-31000000", "depreciation": "None", "depreciationAndAmortization": "674000000", "incomeBeforeTax": "997000000", "incomeTaxExpense": "314000000", "interestAndDebtExpense": "None", "netIncomeFromContinuingOperations": "683000000", "comprehensiveIncomeNetOfTax": "None", "ebit": "1101000000", "ebitda": "1775000000", "netIncome": "683000000"}, {"fiscalDateEnding": "2013-03-31", "reportedCurrency": "USD", "grossProfit": "905000000", "totalRevenue": "1972000000", "costOfRevenue": "1067000000", "costofGoodsAndServicesSold": "1067000000", "operatingIncome": "89000000", "sellingGeneralAndAdministrative": "150000000", "researchAndDevelopment": "0", "operatingExpenses": "788000000", "investmentIncomeNet": "None", "netInterestIncome": "None", "interestIncome": "None", "interestExpense": "110000000", "nonInterestIncome": "None", "otherNonOperatingIncome": "-18000000", "depreciation": "None", "depreciationAndAmortization": "704000000", "incomeBeforeTax": "-1962000000", "incomeTaxExpense": "-623000000", "interestAndDebtExpense": "None", "netIncomeFromContinuingOperations": "-1339000000", "comprehensiveIncomeNetOfTax": "None", "ebit": "-1852000000", "ebitda": "-1148000000", "netIncome": "-1339000000"}, {"fiscalDateEnding": "2012-12-31", "reportedCurrency": "USD", "grossProfit": "1451000000", "totalRevenue": "2581000000", "costOfRevenue": "1130000000", "costofGoodsAndServicesSold": "1130000000", "operatingIncome": "1016000000", "sellingGeneralAndAdministrative": "198000000", "researchAndDevelopment": "0", "operatingExpenses": "840000000", "investmentIncomeNet": "None", "netInterestIncome": "None", "interestIncome": "None", "interestExpense": "110000000", "nonInterestIncome": "None", "otherNonOperatingIncome": "-32000000", "depreciation": "None", "depreciationAndAmortization": "731000000", "incomeBeforeTax": "-501000000", "incomeTaxExpense": "-144000000", "interestAndDebtExpense": "None", "netIncomeFromContinuingOperations": "-357000000", "comprehensiveIncomeNetOfTax": "None", "ebit": "579000000", "ebitda": "1310000000", "netIncome": "-357000000"}, {"fiscalDateEnding": "2012-09-30", "reportedCurrency": "USD", "grossProfit": "1334000000", "totalRevenue": "2160000000", "costOfRevenue": "826000000", "costofGoodsAndServicesSold": "826000000", "operatingIncome": "69000000", "sellingGeneralAndAdministrative": "150000000", "researchAndDevelopment": "0", "operatingExpenses": "970000000", "investmentIncomeNet": "None", "netInterestIncome": "None", "interestIncome": "None", "interestExpense": "110000000", "nonInterestIncome": "None", "otherNonOperatingIncome": "8000000", "depreciation": "None", "depreciationAndAmortization": "716000000", "incomeBeforeTax": "-1161000000", "incomeTaxExpense": "-442000000", "interestAndDebtExpense": "None", "netIncomeFromContinuingOperations": "-719000000", "comprehensiveIncomeNetOfTax": "None", "ebit": "-1051000000", "ebitda": "-335000000", "netIncome": "-719000000"}, {"fiscalDateEnding": "2012-06-30", "reportedCurrency": "USD", "grossProfit": "1172000000", "totalRevenue": "1894000000", "costOfRevenue": "722000000", "costofGoodsAndServicesSold": "722000000", "operatingIncome": "877000000", "sellingGeneralAndAdministrative": "176000000", "researchAndDevelopment": "0", "operatingExpenses": "960000000", "investmentIncomeNet": "None", "netInterestIncome": "None", "interestIncome": "None", "interestExpense": "99000000", "nonInterestIncome": "None", "otherNonOperatingIncome": "-44000000", "depreciation": "None", "depreciationAndAmortization": "684000000", "incomeBeforeTax": "734000000", "incomeTaxExpense": "257000000", "interestAndDebtExpense": "None", "netIncomeFromContinuingOperations": "477000000", "comprehensiveIncomeNetOfTax": "None", "ebit": "829000000", "ebitda": "1513000000", "netIncome": "477000000"}, {"fiscalDateEnding": "2012-03-31", "reportedCurrency": "USD", "grossProfit": "1513000000", "totalRevenue": "2352000000", "costOfRevenue": "839000000", "costofGoodsAndServicesSold": "839000000", "operatingIncome": "708000000", "sellingGeneralAndAdministrative": "168000000", "researchAndDevelopment": "0", "operatingExpenses": "950000000", "investmentIncomeNet": "None", "netInterestIncome": "None", "interestIncome": "None", "interestExpense": "87000000", "nonInterestIncome": "None", "otherNonOperatingIncome": "-10000000", "depreciation": "None", "depreciationAndAmortization": "680000000", "incomeBeforeTax": "611000000", "incomeTaxExpense": "197000000", "interestAndDebtExpense": "None", "netIncomeFromContinuingOperations": "414000000", "comprehensiveIncomeNetOfTax": "None", "ebit": "694000000", "ebitda": "1374000000", "netIncome": "393000000"}, {"fiscalDateEnding": "2011-12-31", "reportedCurrency": "USD", "grossProfit": "1779000000", "totalRevenue": "2690000000", "costOfRevenue": "911000000", "costofGoodsAndServicesSold": "911000000", "operatingIncome": "778000000", "sellingGeneralAndAdministrative": "585000000", "researchAndDevelopment": "0", "operatingExpenses": "919000000", "investmentIncomeNet": "None", "netInterestIncome": "None", "interestIncome": "None", "interestExpense": "49000000", "nonInterestIncome": "None", "otherNonOperatingIncome": "-19000000", "depreciation": "None", "depreciationAndAmortization": "626000000", "incomeBeforeTax": "794000000", "incomeTaxExpense": "273000000", "interestAndDebtExpense": "None", "netIncomeFromContinuingOperations": "521000000", "comprehensiveIncomeNetOfTax": "None", "ebit": "843000000", "ebitda": "1469000000", "netIncome": "507000000"}, {"fiscalDateEnding": "2011-09-30", "reportedCurrency": "USD", "grossProfit": "1774000000", "totalRevenue": "2764000000", "costOfRevenue": "990000000", "costofGoodsAndServicesSold": "990000000", "operatingIncome": "1700000000", "sellingGeneralAndAdministrative": "138000000", "researchAndDevelopment": "0", "operatingExpenses": "835000000", "investmentIncomeNet": "None", "netInterestIncome": "None", "interestIncome": "None", "interestExpense": "144000000", "nonInterestIncome": "None", "otherNonOperatingIncome": "2000000", "depreciation": "None", "depreciationAndAmortization": "566000000", "incomeBeforeTax": "1538000000", "incomeTaxExpense": "498000000", "interestAndDebtExpense": "None", "netIncomeFromContinuingOperations": "1040000000", "comprehensiveIncomeNetOfTax": "None", "ebit": "1642000000", "ebitda": "2208000000", "netIncome": "1038000000"}, {"fiscalDateEnding": "2011-06-30", "reportedCurrency": "USD", "grossProfit": "1895000000", "totalRevenue": "2804000000", "costOfRevenue": "909000000", "costofGoodsAndServicesSold": "909000000", "operatingIncome": "1506000000", "sellingGeneralAndAdministrative": "135000000", "researchAndDevelopment": "0", "operatingExpenses": "828000000", "investmentIncomeNet": "None", "netInterestIncome": "None", "interestIncome": "None", "interestExpense": "110000000", "nonInterestIncome": "None", "otherNonOperatingIncome": "11000000", "depreciation": "None", "depreciationAndAmortization": "550000000", "incomeBeforeTax": "1378000000", "incomeTaxExpense": "1194000000", "interestAndDebtExpense": "None", "netIncomeFromContinuingOperations": "184000000", "comprehensiveIncomeNetOfTax": "None", "ebit": "1463000000", "ebitda": "2013000000", "netIncome": "2743000000"}, {"fiscalDateEnding": "2011-03-31", "reportedCurrency": "USD", "grossProfit": "1558000000", "totalRevenue": "2315000000", "costOfRevenue": "757000000", "costofGoodsAndServicesSold": "757000000", "operatingIncome": "628000000", "sellingGeneralAndAdministrative": "130000000", "researchAndDevelopment": "0", "operatingExpenses": "767000000", "investmentIncomeNet": "None", "netInterestIncome": "None", "interestIncome": "None", "interestExpense": "64000000", "nonInterestIncome": "None", "otherNonOperatingIncome": "16000000", "depreciation": "None", "depreciationAndAmortization": "506000000", "incomeBeforeTax": "580000000", "incomeTaxExpense": "191000000", "interestAndDebtExpense": "None", "netIncomeFromContinuingOperations": "389000000", "comprehensiveIncomeNetOfTax": "None", "ebit": "661000000", "ebitda": "1167000000", "netIncome": "416000000"}, {"fiscalDateEnding": "2010-12-31", "reportedCurrency": "USD", "grossProfit": "562000000", "totalRevenue": "1324000000", "costOfRevenue": "762000000", "costofGoodsAndServicesSold": "762000000", "operatingIncome": "1121000000", "sellingGeneralAndAdministrative": "563000000", "researchAndDevelopment": "0", "operatingExpenses": "766000000", "investmentIncomeNet": "None", "netInterestIncome": "None", "interestIncome": "None", "interestExpense": "69000000", "nonInterestIncome": "None", "otherNonOperatingIncome": "11000000", "depreciation": "None", "depreciationAndAmortization": "489000000", "incomeBeforeTax": "668000000", "incomeTaxExpense": "190000000", "interestAndDebtExpense": "None", "netIncomeFromContinuingOperations": "478000000", "comprehensiveIncomeNetOfTax": "None", "ebit": "737000000", "ebitda": "1226000000", "netIncome": "562000000"}, {"fiscalDateEnding": "2010-09-30", "reportedCurrency": "USD", "grossProfit": "1602000000", "totalRevenue": "2353000000", "costOfRevenue": "751000000", "costofGoodsAndServicesSold": "751000000", "operatingIncome": "699000000", "sellingGeneralAndAdministrative": "131000000", "researchAndDevelopment": "0", "operatingExpenses": "736000000", "investmentIncomeNet": "None", "netInterestIncome": "None", "interestIncome": "None", "interestExpense": "83000000", "nonInterestIncome": "None", "otherNonOperatingIncome": "8000000", "depreciation": "None", "depreciationAndAmortization": "463000000", "incomeBeforeTax": "699000000", "incomeTaxExpense": "270000000", "interestAndDebtExpense": "None", "netIncomeFromContinuingOperations": "429000000", "comprehensiveIncomeNetOfTax": "None", "ebit": "838000000", "ebitda": "1301000000", "netIncome": "2090000000"}, {"fiscalDateEnding": "2010-06-30", "reportedCurrency": "USD", "grossProfit": "1510000000", "totalRevenue": "2232000000", "costOfRevenue": "722000000", "costofGoodsAndServicesSold": "722000000", "operatingIncome": "613000000", "sellingGeneralAndAdministrative": "130000000", "researchAndDevelopment": "0", "operatingExpenses": "794000000", "investmentIncomeNet": "None", "netInterestIncome": "None", "interestIncome": "None", "interestExpense": "111000000", "nonInterestIncome": "None", "otherNonOperatingIncome": "22000000", "depreciation": "None", "depreciationAndAmortization": "489000000", "incomeBeforeTax": "613000000", "incomeTaxExpense": "261000000", "interestAndDebtExpense": "None", "netIncomeFromContinuingOperations": "352000000", "comprehensiveIncomeNetOfTax": "None", "ebit": "805000000", "ebitda": "1294000000", "netIncome": "706000000"}, {"fiscalDateEnding": "2010-03-31", "reportedCurrency": "USD", "grossProfit": "2409000000", "totalRevenue": "3220000000", "costOfRevenue": "811000000", "costofGoodsAndServicesSold": "811000000", "operatingIncome": "1700000000", "sellingGeneralAndAdministrative": "138000000", "researchAndDevelopment": "0", "operatingExpenses": "735000000", "investmentIncomeNet": "None", "netInterestIncome": "None", "interestIncome": "None", "interestExpense": "86000000", "nonInterestIncome": "None", "otherNonOperatingIncome": "4000000", "depreciation": "None", "depreciationAndAmortization": "489000000", "incomeBeforeTax": "1588000000", "incomeTaxExpense": "514000000", "interestAndDebtExpense": "None", "netIncomeFromContinuingOperations": "1074000000", "comprehensiveIncomeNetOfTax": "None", "ebit": "1659000000", "ebitda": "2148000000", "netIncome": "1192000000"}, {"fiscalDateEnding": "2009-12-31", "reportedCurrency": "USD", "grossProfit": "1353000000", "totalRevenue": "1799000000", "costOfRevenue": "446000000", "costofGoodsAndServicesSold": "446000000", "operatingIncome": "-5469000000", "sellingGeneralAndAdministrative": "648000000", "researchAndDevelopment": "0", "operatingExpenses": "6822000000", "investmentIncomeNet": "None", "netInterestIncome": "None", "interestIncome": "None", "interestExpense": "86000000", "nonInterestIncome": "None", "otherNonOperatingIncome": "None", "depreciation": "None", "depreciationAndAmortization": "326000000", "incomeBeforeTax": "684000000", "incomeTaxExpense": "275000000", "interestAndDebtExpense": "None", "netIncomeFromContinuingOperations": "0", "comprehensiveIncomeNetOfTax": "None", "ebit": "-5461000000", "ebitda": "-5135000000", "netIncome": "667000000"}, {"fiscalDateEnding": "2009-09-30", "reportedCurrency": "USD", "grossProfit": "1288000000", "totalRevenue": "2098000000", "costOfRevenue": "810000000", "costofGoodsAndServicesSold": "810000000", "operatingIncome": "592000000", "sellingGeneralAndAdministrative": "137000000", "researchAndDevelopment": "0", "operatingExpenses": "606000000", "investmentIncomeNet": "None", "netInterestIncome": "None", "interestIncome": "None", "interestExpense": "90000000", "nonInterestIncome": "None", "otherNonOperatingIncome": "96000000", "depreciation": "None", "depreciationAndAmortization": "545000000", "incomeBeforeTax": "592000000", "incomeTaxExpense": "93000000", "interestAndDebtExpense": "None", "netIncomeFromContinuingOperations": "499000000", "comprehensiveIncomeNetOfTax": "None", "ebit": "504000000", "ebitda": "1049000000", "netIncome": "499000000"}, {"fiscalDateEnding": "2009-06-30", "reportedCurrency": "USD", "grossProfit": "1346000000", "totalRevenue": "2090000000", "costOfRevenue": "744000000", "costofGoodsAndServicesSold": "744000000", "operatingIncome": "425000000", "sellingGeneralAndAdministrative": "182000000", "researchAndDevelopment": "0", "operatingExpenses": "821000000", "investmentIncomeNet": "None", "netInterestIncome": "None", "interestIncome": "None", "interestExpense": "90000000", "nonInterestIncome": "None", "otherNonOperatingIncome": "-20000000", "depreciation": "None", "depreciationAndAmortization": "568000000", "incomeBeforeTax": "425000000", "incomeTaxExpense": "128000000", "interestAndDebtExpense": "None", "netIncomeFromContinuingOperations": "297000000", "comprehensiveIncomeNetOfTax": "None", "ebit": "325000000", "ebitda": "893000000", "netIncome": "314000000"}, {"fiscalDateEnding": "2009-03-31", "reportedCurrency": "USD", "grossProfit": "1233000000", "totalRevenue": "2028000000", "costOfRevenue": "795000000", "costofGoodsAndServicesSold": "795000000", "operatingIncome": "374000000", "sellingGeneralAndAdministrative": "166000000", "researchAndDevelopment": "0", "operatingExpenses": "859000000", "investmentIncomeNet": "None", "netInterestIncome": "None", "interestIncome": "None", "interestExpense": "83000000", "nonInterestIncome": "None", "otherNonOperatingIncome": "None", "depreciation": "None", "depreciationAndAmortization": "669000000", "incomeBeforeTax": "-6227000000", "incomeTaxExpense": "-2269000000", "interestAndDebtExpense": "None", "netIncomeFromContinuingOperations": "0", "comprehensiveIncomeNetOfTax": "None", "ebit": "-6214000000", "ebitda": "-5545000000", "netIncome": "-3959000000"}, {"fiscalDateEnding": "2008-12-31", "reportedCurrency": "USD", "grossProfit": "1852000000", "totalRevenue": "2710000000", "costOfRevenue": "858000000", "costofGoodsAndServicesSold": "858000000", "operatingIncome": "-9829000000", "sellingGeneralAndAdministrative": "653000000", "researchAndDevelopment": "0", "operatingExpenses": "1282000000", "investmentIncomeNet": "None", "netInterestIncome": "None", "interestIncome": "None", "interestExpense": "329000000", "nonInterestIncome": "None", "otherNonOperatingIncome": "None", "depreciation": "None", "depreciationAndAmortization": "1043000000", "incomeBeforeTax": "-9921000000", "incomeTaxExpense": "-3088000000", "interestAndDebtExpense": "None", "netIncomeFromContinuingOperations": "0", "comprehensiveIncomeNetOfTax": "None", "ebit": "570000000", "ebitda": "1613000000", "netIncome": "-6816000000"}, {"fiscalDateEnding": "2008-09-30", "reportedCurrency": "USD", "grossProfit": "4935000000", "totalRevenue": "5978000000", "costOfRevenue": "1043000000", "costofGoodsAndServicesSold": "1043000000", "operatingIncome": "3767000000", "sellingGeneralAndAdministrative": "146000000", "researchAndDevelopment": "0", "operatingExpenses": "1146000000", "investmentIncomeNet": "None", "netInterestIncome": "None", "interestIncome": "None", "interestExpense": "69000000", "nonInterestIncome": "None", "otherNonOperatingIncome": "None", "depreciation": "None", "depreciationAndAmortization": "848000000", "incomeBeforeTax": "3735000000", "incomeTaxExpense": "1226000000", "interestAndDebtExpense": "None", "netIncomeFromContinuingOperations": "0", "comprehensiveIncomeNetOfTax": "None", "ebit": "3804000000", "ebitda": "4652000000", "netIncome": "2618000000"}, {"fiscalDateEnding": "2008-06-30", "reportedCurrency": "USD", "grossProfit": "2496000000", "totalRevenue": "3548000000", "costOfRevenue": "1052000000", "costofGoodsAndServicesSold": "1052000000", "operatingIncome": "1294000000", "sellingGeneralAndAdministrative": "180000000", "researchAndDevelopment": "0", "operatingExpenses": "1180000000", "investmentIncomeNet": "None", "netInterestIncome": "None", "interestIncome": "None", "interestExpense": "90000000", "nonInterestIncome": "None", "otherNonOperatingIncome": "None", "depreciation": "None", "depreciationAndAmortization": "824000000", "incomeBeforeTax": "1261000000", "incomeTaxExpense": "667000000", "interestAndDebtExpense": "None", "netIncomeFromContinuingOperations": "0", "comprehensiveIncomeNetOfTax": "None", "ebit": "1351000000", "ebitda": "2175000000", "netIncome": "1301000000"}, {"fiscalDateEnding": "2008-03-31", "reportedCurrency": "USD", "grossProfit": "2087000000", "totalRevenue": "2975000000", "costOfRevenue": "888000000", "costofGoodsAndServicesSold": "888000000", "operatingIncome": "1939000000", "sellingGeneralAndAdministrative": "148000000", "researchAndDevelopment": "0", "operatingExpenses": "126000000", "investmentIncomeNet": "None", "netInterestIncome": "None", "interestIncome": "None", "interestExpense": "102000000", "nonInterestIncome": "None", "otherNonOperatingIncome": "None", "depreciation": "None", "depreciationAndAmortization": "794000000", "incomeBeforeTax": "892000000", "incomeTaxExpense": "241000000", "interestAndDebtExpense": "None", "netIncomeFromContinuingOperations": "0", "comprehensiveIncomeNetOfTax": "None", "ebit": "1961000000", "ebitda": "2755000000", "netIncome": "749000000"}, {"fiscalDateEnding": "2007-12-31", "reportedCurrency": "USD", "grossProfit": "1468000000", "totalRevenue": "3197000000", "costOfRevenue": "1729000000", "costofGoodsAndServicesSold": "1729000000", "operatingIncome": "1315000000", "sellingGeneralAndAdministrative": "513000000", "researchAndDevelopment": "0", "operatingExpenses": "79000000", "investmentIncomeNet": "None", "netInterestIncome": "None", "interestIncome": "None", "interestExpense": "430000000", "nonInterestIncome": "None", "otherNonOperatingIncome": "None", "depreciation": "None", "depreciationAndAmortization": "775000000", "incomeBeforeTax": "1271000000", "incomeTaxExpense": "167000000", "interestAndDebtExpense": "None", "netIncomeFromContinuingOperations": "0", "comprehensiveIncomeNetOfTax": "None", "ebit": "1389000000", "ebitda": "2164000000", "netIncome": "1316000000"}, {"fiscalDateEnding": "2007-09-30", "reportedCurrency": "USD", "grossProfit": "2306000000", "totalRevenue": "2763000000", "costOfRevenue": "457000000", "costofGoodsAndServicesSold": "457000000", "operatingIncome": "1041000000", "sellingGeneralAndAdministrative": "126000000", "researchAndDevelopment": "0", "operatingExpenses": "1265000000", "investmentIncomeNet": "None", "netInterestIncome": "None", "interestIncome": "None", "interestExpense": "108000000", "nonInterestIncome": "None", "otherNonOperatingIncome": "None", "depreciation": "None", "depreciationAndAmortization": "756000000", "incomeBeforeTax": "961000000", "incomeTaxExpense": "317000000", "interestAndDebtExpense": "None", "netIncomeFromContinuingOperations": "0", "comprehensiveIncomeNetOfTax": "None", "ebit": "1041000000", "ebitda": "1797000000", "netIncome": "735000000"}, {"fiscalDateEnding": "2007-06-30", "reportedCurrency": "USD", "grossProfit": "2149000000", "totalRevenue": "2929000000", "costOfRevenue": "780000000", "costofGoodsAndServicesSold": "780000000", "operatingIncome": "1234000000", "sellingGeneralAndAdministrative": "113000000", "researchAndDevelopment": "0", "operatingExpenses": "897000000", "investmentIncomeNet": "None", "netInterestIncome": "None", "interestIncome": "None", "interestExpense": "107000000", "nonInterestIncome": "None", "otherNonOperatingIncome": "None", "depreciation": "None", "depreciationAndAmortization": "694000000", "incomeBeforeTax": "1154000000", "incomeTaxExpense": "330000000", "interestAndDebtExpense": "None", "netIncomeFromContinuingOperations": "0", "comprehensiveIncomeNetOfTax": "None", "ebit": "1252000000", "ebitda": "1946000000", "netIncome": "904000000"}, {"fiscalDateEnding": "2007-03-31", "reportedCurrency": "USD", "grossProfit": "1773000000", "totalRevenue": "2473000000", "costOfRevenue": "700000000", "costofGoodsAndServicesSold": "700000000", "operatingIncome": "923000000", "sellingGeneralAndAdministrative": "119000000", "researchAndDevelopment": "0", "operatingExpenses": "832000000", "investmentIncomeNet": "None", "netInterestIncome": "None", "interestIncome": "None", "interestExpense": "110000000", "nonInterestIncome": "None", "otherNonOperatingIncome": "None", "depreciation": "None", "depreciationAndAmortization": "633000000", "incomeBeforeTax": "838000000", "incomeTaxExpense": "264000000", "interestAndDebtExpense": "None", "netIncomeFromContinuingOperations": "0", "comprehensiveIncomeNetOfTax": "None", "ebit": "952000000", "ebitda": "1585000000", "netIncome": "651000000"}, {"fiscalDateEnding": "2006-12-31", "reportedCurrency": "USD", "grossProfit": "883000000", "totalRevenue": "2522000000", "costOfRevenue": "1639000000", "costofGoodsAndServicesSold": "1639000000", "operatingIncome": "841000000", "sellingGeneralAndAdministrative": "397000000", "researchAndDevelopment": "0", "operatingExpenses": "-91000000", "investmentIncomeNet": "None", "netInterestIncome": "None", "interestIncome": "None", "interestExpense": "421000000", "nonInterestIncome": "None", "otherNonOperatingIncome": "None", "depreciation": "None", "depreciationAndAmortization": "646000000", "incomeBeforeTax": "819000000", "incomeTaxExpense": "260000000", "interestAndDebtExpense": "None", "netIncomeFromContinuingOperations": "0", "comprehensiveIncomeNetOfTax": "None", "ebit": "974000000", "ebitda": "1620000000", "netIncome": "582000000"}, {"fiscalDateEnding": "2006-09-30", "reportedCurrency": "USD", "grossProfit": "2340000000", "totalRevenue": "2722000000", "costOfRevenue": "382000000", "costofGoodsAndServicesSold": "382000000", "operatingIncome": "1180000000", "sellingGeneralAndAdministrative": "104000000", "researchAndDevelopment": "0", "operatingExpenses": "1147000000", "investmentIncomeNet": "None", "netInterestIncome": "None", "interestIncome": "None", "interestExpense": "112000000", "nonInterestIncome": "None", "otherNonOperatingIncome": "None", "depreciation": "None", "depreciationAndAmortization": "648000000", "incomeBeforeTax": "1022000000", "incomeTaxExpense": "317000000", "interestAndDebtExpense": "None", "netIncomeFromContinuingOperations": "0", "comprehensiveIncomeNetOfTax": "None", "ebit": "995000000", "ebitda": "1643000000", "netIncome": "705000000"}, {"fiscalDateEnding": "2006-06-30", "reportedCurrency": "USD", "grossProfit": "1967000000", "totalRevenue": "2617000000", "costOfRevenue": "650000000", "costofGoodsAndServicesSold": "650000000", "operatingIncome": "1163000000", "sellingGeneralAndAdministrative": "90000000", "researchAndDevelopment": "0", "operatingExpenses": "775000000", "investmentIncomeNet": "None", "netInterestIncome": "None", "interestIncome": "None", "interestExpense": "102000000", "nonInterestIncome": "None", "otherNonOperatingIncome": "None", "depreciation": "None", "depreciationAndAmortization": "599000000", "incomeBeforeTax": "1044000000", "incomeTaxExpense": "185000000", "interestAndDebtExpense": "None", "netIncomeFromContinuingOperations": "0", "comprehensiveIncomeNetOfTax": "None", "ebit": "1079000000", "ebitda": "1678000000", "netIncome": "859000000"}, {"fiscalDateEnding": "2006-03-31", "reportedCurrency": "USD", "grossProfit": "2029000000", "totalRevenue": "2717000000", "costOfRevenue": "688000000", "costofGoodsAndServicesSold": "688000000", "operatingIncome": "1211000000", "sellingGeneralAndAdministrative": "90000000", "researchAndDevelopment": "0", "operatingExpenses": "722000000", "investmentIncomeNet": "None", "netInterestIncome": "None", "interestIncome": "None", "interestExpense": "101000000", "nonInterestIncome": "None", "otherNonOperatingIncome": "None", "depreciation": "None", "depreciationAndAmortization": "549000000", "incomeBeforeTax": "1127000000", "incomeTaxExpense": "427000000", "interestAndDebtExpense": "None", "netIncomeFromContinuingOperations": "0", "comprehensiveIncomeNetOfTax": "None", "ebit": "1109000000", "ebitda": "1658000000", "netIncome": "700000000"}, {"fiscalDateEnding": "2005-12-31", "reportedCurrency": "USD", "grossProfit": "2878000000", "totalRevenue": "3218000000", "costOfRevenue": "340000000", "costofGoodsAndServicesSold": "340000000", "operatingIncome": "1515000000", "sellingGeneralAndAdministrative": "291000000", "researchAndDevelopment": "0", "operatingExpenses": "1151000000", "investmentIncomeNet": "None", "netInterestIncome": "None", "interestIncome": "None", "interestExpense": "533000000", "nonInterestIncome": "None", "otherNonOperatingIncome": "None", "depreciation": "None", "depreciationAndAmortization": "546000000", "incomeBeforeTax": "1490000000", "incomeTaxExpense": "520000000", "interestAndDebtExpense": "None", "netIncomeFromContinuingOperations": "0", "comprehensiveIncomeNetOfTax": "None", "ebit": "1727000000", "ebitda": "2273000000", "netIncome": "970000000"}, {"fiscalDateEnding": "2005-09-30", "reportedCurrency": "USD", "grossProfit": "2385000000", "totalRevenue": "2704000000", "costOfRevenue": "319000000", "costofGoodsAndServicesSold": "319000000", "operatingIncome": "1407000000", "sellingGeneralAndAdministrative": "70000000", "researchAndDevelopment": "0", "operatingExpenses": "978000000", "investmentIncomeNet": "None", "netInterestIncome": "None", "interestIncome": "None", "interestExpense": "164000000", "nonInterestIncome": "None", "otherNonOperatingIncome": "None", "depreciation": "None", "depreciationAndAmortization": "533000000", "incomeBeforeTax": "1139000000", "incomeTaxExpense": "395000000", "interestAndDebtExpense": "None", "netIncomeFromContinuingOperations": "0", "comprehensiveIncomeNetOfTax": "None", "ebit": "1407000000", "ebitda": "1940000000", "netIncome": "744000000"}, {"fiscalDateEnding": "2005-06-30", "reportedCurrency": "USD", "grossProfit": "2130000000", "totalRevenue": "2468000000", "costOfRevenue": "338000000", "costofGoodsAndServicesSold": "338000000", "operatingIncome": "1146000000", "sellingGeneralAndAdministrative": "78000000", "researchAndDevelopment": "0", "operatingExpenses": "984000000", "investmentIncomeNet": "None", "netInterestIncome": "None", "interestIncome": "None", "interestExpense": "146000000", "nonInterestIncome": "None", "otherNonOperatingIncome": "None", "depreciation": "None", "depreciationAndAmortization": "533000000", "incomeBeforeTax": "1010000000", "incomeTaxExpense": "357000000", "interestAndDebtExpense": "None", "netIncomeFromContinuingOperations": "0", "comprehensiveIncomeNetOfTax": "None", "ebit": "1138000000", "ebitda": "1671000000", "netIncome": "653000000"}, {"fiscalDateEnding": "2005-03-31", "reportedCurrency": "USD", "grossProfit": "2003000000", "totalRevenue": "2351000000", "costOfRevenue": "348000000", "costofGoodsAndServicesSold": "348000000", "operatingIncome": "957000000", "sellingGeneralAndAdministrative": "58000000", "researchAndDevelopment": "0", "operatingExpenses": "1046000000", "investmentIncomeNet": "None", "netInterestIncome": "None", "interestIncome": "None", "interestExpense": "118000000", "nonInterestIncome": "None", "otherNonOperatingIncome": "None", "depreciation": "None", "depreciationAndAmortization": "579000000", "incomeBeforeTax": "913000000", "incomeTaxExpense": "350000000", "interestAndDebtExpense": "None", "netIncomeFromContinuingOperations": "0", "comprehensiveIncomeNetOfTax": "None", "ebit": "957000000", "ebitda": "1536000000", "netIncome": "563000000"}, {"fiscalDateEnding": "2004-12-31", "reportedCurrency": "USD", "grossProfit": "2124000000", "totalRevenue": "2465000000", "costOfRevenue": "341000000", "costofGoodsAndServicesSold": "341000000", "operatingIncome": "1028000000", "sellingGeneralAndAdministrative": "277000000", "researchAndDevelopment": "0", "operatingExpenses": "1096000000", "investmentIncomeNet": "None", "netInterestIncome": "None", "interestIncome": "None", "interestExpense": "475000000", "nonInterestIncome": "None", "otherNonOperatingIncome": "None", "depreciation": "None", "depreciationAndAmortization": "594000000", "incomeBeforeTax": "928000000", "incomeTaxExpense": "255000000", "interestAndDebtExpense": "None", "netIncomeFromContinuingOperations": "0", "comprehensiveIncomeNetOfTax": "None", "ebit": "1028000000", "ebitda": "1622000000", "netIncome": "673000000"}]}