{"symbol": "BKR", "annualReports": [{"fiscalDateEnding": "2024-12-31", "reportedCurrency": "USD", "grossProfit": "5913000000", "totalRevenue": "27829000000", "costOfRevenue": "21916000000", "costofGoodsAndServicesSold": "21916000000", "operatingIncome": "3081000000", "sellingGeneralAndAdministrative": "2458000000", "researchAndDevelopment": "None", "operatingExpenses": "2759000000", "investmentIncomeNet": "None", "netInterestIncome": "-198000000", "interestIncome": "None", "interestExpense": "198000000", "nonInterestIncome": "None", "otherNonOperatingIncome": "None", "depreciation": "None", "depreciationAndAmortization": "1136000000", "incomeBeforeTax": "3265000000", "incomeTaxExpense": "257000000", "interestAndDebtExpense": "None", "netIncomeFromContinuingOperations": "3008000000", "comprehensiveIncomeNetOfTax": "None", "ebit": "3463000000", "ebitda": "4599000000", "netIncome": "2979000000"}, {"fiscalDateEnding": "2023-12-31", "reportedCurrency": "USD", "grossProfit": "5251000000", "totalRevenue": "25506000000", "costOfRevenue": "20255000000", "costofGoodsAndServicesSold": "20255000000", "operatingIncome": "2317000000", "sellingGeneralAndAdministrative": "2622000000", "researchAndDevelopment": "658000000", "operatingExpenses": "2934000000", "investmentIncomeNet": "None", "netInterestIncome": "-235000000", "interestIncome": "None", "interestExpense": "216000000", "nonInterestIncome": "None", "otherNonOperatingIncome": "None", "depreciation": "None", "depreciationAndAmortization": "1087000000", "incomeBeforeTax": "2655000000", "incomeTaxExpense": "-685000000", "interestAndDebtExpense": "None", "netIncomeFromContinuingOperations": "1707000000", "comprehensiveIncomeNetOfTax": "None", "ebit": "2317000000", "ebitda": "2317000000", "netIncome": "1943000000"}, {"fiscalDateEnding": "2022-12-31", "reportedCurrency": "USD", "grossProfit": "4400000000", "totalRevenue": "21156000000", "costOfRevenue": "16756000000", "costofGoodsAndServicesSold": "16756000000", "operatingIncome": "1185000000", "sellingGeneralAndAdministrative": "2510000000", "researchAndDevelopment": "556000000", "operatingExpenses": "2510000000", "investmentIncomeNet": "None", "netInterestIncome": "-252000000", "interestIncome": "None", "interestExpense": "252000000", "nonInterestIncome": "None", "otherNonOperatingIncome": "-911000000", "depreciation": "None", "depreciationAndAmortization": "1061000000", "incomeBeforeTax": "22000000", "incomeTaxExpense": "600000000", "interestAndDebtExpense": "None", "netIncomeFromContinuingOperations": "-578000000", "comprehensiveIncomeNetOfTax": "None", "ebit": "274000000", "ebitda": "1335000000", "netIncome": "-578000000"}, {"fiscalDateEnding": "2021-12-31", "reportedCurrency": "USD", "grossProfit": "4049000000", "totalRevenue": "20536000000", "costOfRevenue": "16487000000", "costofGoodsAndServicesSold": "16487000000", "operatingIncome": "996000000", "sellingGeneralAndAdministrative": "2470000000", "researchAndDevelopment": "492000000", "operatingExpenses": "2470000000", "investmentIncomeNet": "None", "netInterestIncome": "-299000000", "interestIncome": "None", "interestExpense": "299000000", "nonInterestIncome": "None", "otherNonOperatingIncome": "-583000000", "depreciation": "None", "depreciationAndAmortization": "1105000000", "incomeBeforeTax": "428000000", "incomeTaxExpense": "758000000", "interestAndDebtExpense": "None", "netIncomeFromContinuingOperations": "-330000000", "comprehensiveIncomeNetOfTax": "None", "ebit": "727000000", "ebitda": "1832000000", "netIncome": "-330000000"}, {"fiscalDateEnding": "2020-12-31", "reportedCurrency": "USD", "grossProfit": "3199000000", "totalRevenue": "20705000000", "costOfRevenue": "17506000000", "costofGoodsAndServicesSold": "17506000000", "operatingIncome": "1835000000", "sellingGeneralAndAdministrative": "2404000000", "researchAndDevelopment": "595000000", "operatingExpenses": "2404000000", "investmentIncomeNet": "None", "netInterestIncome": "-264000000", "interestIncome": "264000000", "interestExpense": "264000000", "nonInterestIncome": "None", "otherNonOperatingIncome": "1040000000", "depreciation": "None", "depreciationAndAmortization": "1317000000", "incomeBeforeTax": "-15202000000", "incomeTaxExpense": "559000000", "interestAndDebtExpense": "None", "netIncomeFromContinuingOperations": "-15761000000", "comprehensiveIncomeNetOfTax": "None", "ebit": "-14938000000", "ebitda": "-13621000000", "netIncome": "-15761000000"}, {"fiscalDateEnding": "2019-12-31", "reportedCurrency": "USD", "grossProfit": "4432000000", "totalRevenue": "23838000000", "costOfRevenue": "19406000000", "costofGoodsAndServicesSold": "19406000000", "operatingIncome": "1516000000", "sellingGeneralAndAdministrative": "2832000000", "researchAndDevelopment": "687000000", "operatingExpenses": "2832000000", "investmentIncomeNet": "None", "netInterestIncome": "-237000000", "interestIncome": "235000000", "interestExpense": "237000000", "nonInterestIncome": "None", "otherNonOperatingIncome": "None", "depreciation": "None", "depreciationAndAmortization": "1418000000", "incomeBeforeTax": "753000000", "incomeTaxExpense": "482000000", "interestAndDebtExpense": "None", "netIncomeFromContinuingOperations": "271000000", "comprehensiveIncomeNetOfTax": "None", "ebit": "990000000", "ebitda": "2408000000", "netIncome": "271000000"}, {"fiscalDateEnding": "2018-12-31", "reportedCurrency": "USD", "grossProfit": "3986000000", "totalRevenue": "22877000000", "costOfRevenue": "18891000000", "costofGoodsAndServicesSold": "18891000000", "operatingIncome": "701000000", "sellingGeneralAndAdministrative": "2699000000", "researchAndDevelopment": "700000000", "operatingExpenses": "2699000000", "investmentIncomeNet": "None", "netInterestIncome": "-223000000", "interestIncome": "362000000", "interestExpense": "223000000", "nonInterestIncome": "None", "otherNonOperatingIncome": "None", "depreciation": "None", "depreciationAndAmortization": "1486000000", "incomeBeforeTax": "541000000", "incomeTaxExpense": "258000000", "interestAndDebtExpense": "None", "netIncomeFromContinuingOperations": "283000000", "comprehensiveIncomeNetOfTax": "None", "ebit": "764000000", "ebitda": "2250000000", "netIncome": "195000000"}, {"fiscalDateEnding": "2017-12-31", "reportedCurrency": "USD", "grossProfit": "3036000000", "totalRevenue": "17179000000", "costOfRevenue": "14143000000", "costofGoodsAndServicesSold": "14143000000", "operatingIncome": "-284000000", "sellingGeneralAndAdministrative": "2535000000", "researchAndDevelopment": "501000000", "operatingExpenses": "2535000000", "investmentIncomeNet": "None", "netInterestIncome": "-131000000", "interestIncome": "142000000", "interestExpense": "131000000", "nonInterestIncome": "None", "otherNonOperatingIncome": "None", "depreciation": "None", "depreciationAndAmortization": "1103000000", "incomeBeforeTax": "-346000000", "incomeTaxExpense": "45000000", "interestAndDebtExpense": "None", "netIncomeFromContinuingOperations": "-242000000", "comprehensiveIncomeNetOfTax": "None", "ebit": "-215000000", "ebitda": "888000000", "netIncome": "-61000000"}, {"fiscalDateEnding": "2016-12-31", "reportedCurrency": "USD", "grossProfit": "3146000000", "totalRevenue": "13269000000", "costOfRevenue": "10123000000", "costofGoodsAndServicesSold": "10123000000", "operatingIncome": "659000000", "sellingGeneralAndAdministrative": "2955000000", "researchAndDevelopment": "352000000", "operatingExpenses": "1938000000", "investmentIncomeNet": "None", "netInterestIncome": "-442000000", "interestIncome": "178000000", "interestExpense": "102000000", "nonInterestIncome": "None", "otherNonOperatingIncome": "None", "depreciation": "None", "depreciationAndAmortization": "550000000", "incomeBeforeTax": "584000000", "incomeTaxExpense": "250000000", "interestAndDebtExpense": "None", "netIncomeFromContinuingOperations": "-2309000000", "comprehensiveIncomeNetOfTax": "None", "ebit": "686000000", "ebitda": "1236000000", "netIncome": "403000000"}, {"fiscalDateEnding": "2015-12-31", "reportedCurrency": "USD", "grossProfit": "4495000000", "totalRevenue": "16688000000", "costOfRevenue": "12193000000", "costofGoodsAndServicesSold": "12193000000", "operatingIncome": "-138000000", "sellingGeneralAndAdministrative": "2115000000", "researchAndDevelopment": "408000000", "operatingExpenses": "2115000000", "investmentIncomeNet": "None", "netInterestIncome": "None", "interestIncome": "217000000", "interestExpense": "120000000", "nonInterestIncome": "None", "otherNonOperatingIncome": "None", "depreciation": "None", "depreciationAndAmortization": "530000000", "incomeBeforeTax": "-158000000", "incomeTaxExpense": "473000000", "interestAndDebtExpense": "None", "netIncomeFromContinuingOperations": "-433000000", "comprehensiveIncomeNetOfTax": "None", "ebit": "-1164000000", "ebitda": "-634000000", "netIncome": "-606000000"}, {"fiscalDateEnding": "2014-12-31", "reportedCurrency": "None", "grossProfit": "4911000000", "totalRevenue": "19191000000", "costOfRevenue": "14280000000", "costofGoodsAndServicesSold": "14280000000", "operatingIncome": "2509000000", "sellingGeneralAndAdministrative": "None", "researchAndDevelopment": "420000000", "operatingExpenses": "2389000000", "investmentIncomeNet": "None", "netInterestIncome": "None", "interestIncome": "None", "interestExpense": "None", "nonInterestIncome": "None", "otherNonOperatingIncome": "None", "depreciation": "None", "depreciationAndAmortization": "586000000", "incomeBeforeTax": "2336000000", "incomeTaxExpense": "484000000", "interestAndDebtExpense": "None", "netIncomeFromContinuingOperations": "None", "comprehensiveIncomeNetOfTax": "None", "ebit": "2509000000", "ebitda": "3095000000", "netIncome": "1840000000"}], "quarterlyReports": [{"fiscalDateEnding": "2024-12-31", "reportedCurrency": "USD", "grossProfit": "1531000000", "totalRevenue": "7364000000", "costOfRevenue": "5833000000", "costofGoodsAndServicesSold": "5833000000", "operatingIncome": "665000000", "sellingGeneralAndAdministrative": "585000000", "researchAndDevelopment": "None", "operatingExpenses": "866000000", "investmentIncomeNet": "None", "netInterestIncome": "-55000000", "interestIncome": "None", "interestExpense": "55000000", "nonInterestIncome": "None", "otherNonOperatingIncome": "None", "depreciation": "None", "depreciationAndAmortization": "292000000", "incomeBeforeTax": "792000000", "incomeTaxExpense": "-399000000", "interestAndDebtExpense": "None", "netIncomeFromContinuingOperations": "1191000000", "comprehensiveIncomeNetOfTax": "None", "ebit": "847000000", "ebitda": "1139000000", "netIncome": "1179000000"}, {"fiscalDateEnding": "2024-09-30", "reportedCurrency": "USD", "grossProfit": "1542000000", "totalRevenue": "6908000000", "costOfRevenue": "5366000000", "costofGoodsAndServicesSold": "5366000000", "operatingIncome": "930000000", "sellingGeneralAndAdministrative": "612000000", "researchAndDevelopment": "None", "operatingExpenses": "612000000", "investmentIncomeNet": "None", "netInterestIncome": "-55000000", "interestIncome": "None", "interestExpense": "55000000", "nonInterestIncome": "None", "otherNonOperatingIncome": "None", "depreciation": "None", "depreciationAndAmortization": "278000000", "incomeBeforeTax": "1009000000", "incomeTaxExpense": "235000000", "interestAndDebtExpense": "None", "netIncomeFromContinuingOperations": "774000000", "comprehensiveIncomeNetOfTax": "None", "ebit": "1064000000", "ebitda": "1342000000", "netIncome": "766000000"}, {"fiscalDateEnding": "2024-06-30", "reportedCurrency": "USD", "grossProfit": "1490000000", "totalRevenue": "7139000000", "costOfRevenue": "5649000000", "costofGoodsAndServicesSold": "5649000000", "operatingIncome": "847000000", "sellingGeneralAndAdministrative": "643000000", "researchAndDevelopment": "None", "operatingExpenses": "643000000", "investmentIncomeNet": "None", "netInterestIncome": "-47000000", "interestIncome": "None", "interestExpense": "47000000", "nonInterestIncome": "None", "otherNonOperatingIncome": "None", "depreciation": "None", "depreciationAndAmortization": "283000000", "incomeBeforeTax": "824000000", "incomeTaxExpense": "243000000", "interestAndDebtExpense": "None", "netIncomeFromContinuingOperations": "581000000", "comprehensiveIncomeNetOfTax": "None", "ebit": "871000000", "ebitda": "1154000000", "netIncome": "579000000"}, {"fiscalDateEnding": "2024-03-31", "reportedCurrency": "USD", "grossProfit": "1278000000", "totalRevenue": "6418000000", "costOfRevenue": "5140000000", "costofGoodsAndServicesSold": "5140000000", "operatingIncome": "660000000", "sellingGeneralAndAdministrative": "618000000", "researchAndDevelopment": "None", "operatingExpenses": "618000000", "investmentIncomeNet": "None", "netInterestIncome": "-41000000", "interestIncome": "None", "interestExpense": "41000000", "nonInterestIncome": "None", "otherNonOperatingIncome": "None", "depreciation": "None", "depreciationAndAmortization": "283000000", "incomeBeforeTax": "641000000", "incomeTaxExpense": "178000000", "interestAndDebtExpense": "None", "netIncomeFromContinuingOperations": "463000000", "comprehensiveIncomeNetOfTax": "None", "ebit": "682000000", "ebitda": "965000000", "netIncome": "455000000"}, {"fiscalDateEnding": "2023-12-31", "reportedCurrency": "USD", "grossProfit": "1447000000", "totalRevenue": "6835000000", "costOfRevenue": "5388000000", "costofGoodsAndServicesSold": "5388000000", "operatingIncome": "651000000", "sellingGeneralAndAdministrative": "634000000", "researchAndDevelopment": "658000000", "operatingExpenses": "634000000", "investmentIncomeNet": "None", "netInterestIncome": "-45000000", "interestIncome": "None", "interestExpense": "45000000", "nonInterestIncome": "None", "otherNonOperatingIncome": "None", "depreciation": "None", "depreciationAndAmortization": "274000000", "incomeBeforeTax": "522000000", "incomeTaxExpense": "71000000", "interestAndDebtExpense": "None", "netIncomeFromContinuingOperations": "451000000", "comprehensiveIncomeNetOfTax": "None", "ebit": "568000000", "ebitda": "842000000", "netIncome": "440000000"}, {"fiscalDateEnding": "2023-09-30", "reportedCurrency": "USD", "grossProfit": "1343000000", "totalRevenue": "6641000000", "costOfRevenue": "5298000000", "costofGoodsAndServicesSold": "5298000000", "operatingIncome": "714000000", "sellingGeneralAndAdministrative": "627000000", "researchAndDevelopment": "None", "operatingExpenses": "627000000", "investmentIncomeNet": "None", "netInterestIncome": "-49000000", "interestIncome": "None", "interestExpense": "49000000", "nonInterestIncome": "None", "otherNonOperatingIncome": "None", "depreciation": "None", "depreciationAndAmortization": "268000000", "incomeBeforeTax": "759000000", "incomeTaxExpense": "235000000", "interestAndDebtExpense": "None", "netIncomeFromContinuingOperations": "524000000", "comprehensiveIncomeNetOfTax": "None", "ebit": "808000000", "ebitda": "1076000000", "netIncome": "518000000"}, {"fiscalDateEnding": "2023-06-30", "reportedCurrency": "USD", "grossProfit": "1311000000", "totalRevenue": "6315000000", "costOfRevenue": "5004000000", "costofGoodsAndServicesSold": "5004000000", "operatingIncome": "774000000", "sellingGeneralAndAdministrative": "695000000", "researchAndDevelopment": "None", "operatingExpenses": "695000000", "investmentIncomeNet": "None", "netInterestIncome": "-58000000", "interestIncome": "None", "interestExpense": "58000000", "nonInterestIncome": "None", "otherNonOperatingIncome": "158000000", "depreciation": "None", "depreciationAndAmortization": "276000000", "incomeBeforeTax": "614000000", "incomeTaxExpense": "200000000", "interestAndDebtExpense": "None", "netIncomeFromContinuingOperations": "414000000", "comprehensiveIncomeNetOfTax": "None", "ebit": "672000000", "ebitda": "948000000", "netIncome": "410000000"}, {"fiscalDateEnding": "2023-03-31", "reportedCurrency": "USD", "grossProfit": "1149000000", "totalRevenue": "5716000000", "costOfRevenue": "4567000000", "costofGoodsAndServicesSold": "4567000000", "operatingIncome": "880000000", "sellingGeneralAndAdministrative": "655000000", "researchAndDevelopment": "None", "operatingExpenses": "655000000", "investmentIncomeNet": "None", "netInterestIncome": "-64000000", "interestIncome": "None", "interestExpense": "64000000", "nonInterestIncome": "None", "otherNonOperatingIncome": "386000000", "depreciation": "None", "depreciationAndAmortization": "269000000", "incomeBeforeTax": "760000000", "incomeTaxExpense": "179000000", "interestAndDebtExpense": "None", "netIncomeFromContinuingOperations": "581000000", "comprehensiveIncomeNetOfTax": "None", "ebit": "824000000", "ebitda": "1093000000", "netIncome": "576000000"}, {"fiscalDateEnding": "2022-12-31", "reportedCurrency": "USD", "grossProfit": "1337000000", "totalRevenue": "5905000000", "costOfRevenue": "4568000000", "costofGoodsAndServicesSold": "4568000000", "operatingIncome": "438000000", "sellingGeneralAndAdministrative": "645000000", "researchAndDevelopment": "556000000", "operatingExpenses": "645000000", "investmentIncomeNet": "None", "netInterestIncome": "-64000000", "interestIncome": "None", "interestExpense": "64000000", "nonInterestIncome": "None", "otherNonOperatingIncome": "-253000000", "depreciation": "None", "depreciationAndAmortization": "255000000", "incomeBeforeTax": "345000000", "incomeTaxExpense": "157000000", "interestAndDebtExpense": "None", "netIncomeFromContinuingOperations": "188000000", "comprehensiveIncomeNetOfTax": "None", "ebit": "409000000", "ebitda": "664000000", "netIncome": "182000000"}, {"fiscalDateEnding": "2022-09-30", "reportedCurrency": "USD", "grossProfit": "1124000000", "totalRevenue": "5369000000", "costOfRevenue": "4245000000", "costofGoodsAndServicesSold": "4245000000", "operatingIncome": "444000000", "sellingGeneralAndAdministrative": "620000000", "researchAndDevelopment": "None", "operatingExpenses": "620000000", "investmentIncomeNet": "None", "netInterestIncome": "-65000000", "interestIncome": "None", "interestExpense": "65000000", "nonInterestIncome": "None", "otherNonOperatingIncome": "-60000000", "depreciation": "None", "depreciationAndAmortization": "255000000", "incomeBeforeTax": "144000000", "incomeTaxExpense": "153000000", "interestAndDebtExpense": "None", "netIncomeFromContinuingOperations": "-9000000", "comprehensiveIncomeNetOfTax": "None", "ebit": "209000000", "ebitda": "464000000", "netIncome": "-9000000"}, {"fiscalDateEnding": "2022-06-30", "reportedCurrency": "USD", "grossProfit": "970000000", "totalRevenue": "5047000000", "costOfRevenue": "4077000000", "costofGoodsAndServicesSold": "4077000000", "operatingIncome": "-224000000", "sellingGeneralAndAdministrative": "624000000", "researchAndDevelopment": "None", "operatingExpenses": "624000000", "investmentIncomeNet": "None", "netInterestIncome": "-60000000", "interestIncome": "None", "interestExpense": "60000000", "nonInterestIncome": "None", "otherNonOperatingIncome": "-570000000", "depreciation": "None", "depreciationAndAmortization": "274000000", "incomeBeforeTax": "-655000000", "incomeTaxExpense": "182000000", "interestAndDebtExpense": "None", "netIncomeFromContinuingOperations": "-837000000", "comprehensiveIncomeNetOfTax": "None", "ebit": "-595000000", "ebitda": "-321000000", "netIncome": "-837000000"}, {"fiscalDateEnding": "2022-03-31", "reportedCurrency": "USD", "grossProfit": "970000000", "totalRevenue": "4835000000", "costOfRevenue": "3865000000", "costofGoodsAndServicesSold": "3865000000", "operatingIncome": "279000000", "sellingGeneralAndAdministrative": "621000000", "researchAndDevelopment": "None", "operatingExpenses": "621000000", "investmentIncomeNet": "None", "netInterestIncome": "-64000000", "interestIncome": "None", "interestExpense": "64000000", "nonInterestIncome": "None", "otherNonOperatingIncome": "-28000000", "depreciation": "None", "depreciationAndAmortization": "277000000", "incomeBeforeTax": "187000000", "incomeTaxExpense": "107000000", "interestAndDebtExpense": "None", "netIncomeFromContinuingOperations": "80000000", "comprehensiveIncomeNetOfTax": "None", "ebit": "251000000", "ebitda": "528000000", "netIncome": "72000000"}, {"fiscalDateEnding": "2021-12-31", "reportedCurrency": "USD", "grossProfit": "1204000000", "totalRevenue": "5519000000", "costOfRevenue": "4315000000", "costofGoodsAndServicesSold": "4315000000", "operatingIncome": "574000000", "sellingGeneralAndAdministrative": "633000000", "researchAndDevelopment": "492000000", "operatingExpenses": "633000000", "investmentIncomeNet": "None", "netInterestIncome": "-95000000", "interestIncome": "None", "interestExpense": "95000000", "nonInterestIncome": "None", "otherNonOperatingIncome": "208000000", "depreciation": "None", "depreciationAndAmortization": "273000000", "incomeBeforeTax": "687000000", "incomeTaxExpense": "352000000", "interestAndDebtExpense": "None", "netIncomeFromContinuingOperations": "335000000", "comprehensiveIncomeNetOfTax": "None", "ebit": "782000000", "ebitda": "1055000000", "netIncome": "293000000"}, {"fiscalDateEnding": "2021-09-30", "reportedCurrency": "USD", "grossProfit": "1010000000", "totalRevenue": "5093000000", "costOfRevenue": "4083000000", "costofGoodsAndServicesSold": "4083000000", "operatingIncome": "378000000", "sellingGeneralAndAdministrative": "607000000", "researchAndDevelopment": "None", "operatingExpenses": "607000000", "investmentIncomeNet": "None", "netInterestIncome": "-67000000", "interestIncome": "67000000", "interestExpense": "67000000", "nonInterestIncome": "None", "otherNonOperatingIncome": "-102000000", "depreciation": "None", "depreciationAndAmortization": "262000000", "incomeBeforeTax": "209000000", "incomeTaxExpense": "193000000", "interestAndDebtExpense": "None", "netIncomeFromContinuingOperations": "16000000", "comprehensiveIncomeNetOfTax": "None", "ebit": "276000000", "ebitda": "538000000", "netIncome": "8000000"}, {"fiscalDateEnding": "2021-06-30", "reportedCurrency": "USD", "grossProfit": "976000000", "totalRevenue": "5142000000", "costOfRevenue": "4166000000", "costofGoodsAndServicesSold": "4166000000", "operatingIncome": "194000000", "sellingGeneralAndAdministrative": "642000000", "researchAndDevelopment": "None", "operatingExpenses": "642000000", "investmentIncomeNet": "None", "netInterestIncome": "-65000000", "interestIncome": "92000000", "interestExpense": "65000000", "nonInterestIncome": "None", "otherNonOperatingIncome": "-63000000", "depreciation": "None", "depreciationAndAmortization": "278000000", "incomeBeforeTax": "66000000", "incomeTaxExpense": "143000000", "interestAndDebtExpense": "None", "netIncomeFromContinuingOperations": "-77000000", "comprehensiveIncomeNetOfTax": "None", "ebit": "131000000", "ebitda": "409000000", "netIncome": "-68000000"}, {"fiscalDateEnding": "2021-03-31", "reportedCurrency": "USD", "grossProfit": "858000000", "totalRevenue": "4782000000", "costOfRevenue": "3924000000", "costofGoodsAndServicesSold": "3924000000", "operatingIncome": "164000000", "sellingGeneralAndAdministrative": "587000000", "researchAndDevelopment": "None", "operatingExpenses": "587000000", "investmentIncomeNet": "None", "netInterestIncome": "-74000000", "interestIncome": "74000000", "interestExpense": "74000000", "nonInterestIncome": "None", "otherNonOperatingIncome": "-626000000", "depreciation": "None", "depreciationAndAmortization": "292000000", "incomeBeforeTax": "-536000000", "incomeTaxExpense": "69000000", "interestAndDebtExpense": "None", "netIncomeFromContinuingOperations": "-605000000", "comprehensiveIncomeNetOfTax": "None", "ebit": "-462000000", "ebitda": "-170000000", "netIncome": "-452000000"}, {"fiscalDateEnding": "2020-12-31", "reportedCurrency": "USD", "grossProfit": "1009000000", "totalRevenue": "5495000000", "costOfRevenue": "4486000000", "costofGoodsAndServicesSold": "4486000000", "operatingIncome": "182000000", "sellingGeneralAndAdministrative": "574000000", "researchAndDevelopment": "595000000", "operatingExpenses": "574000000", "investmentIncomeNet": "None", "netInterestIncome": "-69000000", "interestIncome": "69000000", "interestExpense": "69000000", "nonInterestIncome": "None", "otherNonOperatingIncome": "None", "depreciation": "None", "depreciationAndAmortization": "307000000", "incomeBeforeTax": "1520000000", "incomeTaxExpense": "568000000", "interestAndDebtExpense": "None", "netIncomeFromContinuingOperations": "952000000", "comprehensiveIncomeNetOfTax": "None", "ebit": "1589000000", "ebitda": "1896000000", "netIncome": "653000000"}, {"fiscalDateEnding": "2020-09-30", "reportedCurrency": "USD", "grossProfit": "757000000", "totalRevenue": "5049000000", "costOfRevenue": "4292000000", "costofGoodsAndServicesSold": "4292000000", "operatingIncome": "-49000000", "sellingGeneralAndAdministrative": "565000000", "researchAndDevelopment": "None", "operatingExpenses": "565000000", "investmentIncomeNet": "None", "netInterestIncome": "-66000000", "interestIncome": "66000000", "interestExpense": "66000000", "nonInterestIncome": "None", "otherNonOperatingIncome": "None", "depreciation": "None", "depreciationAndAmortization": "315000000", "incomeBeforeTax": "-264000000", "incomeTaxExpense": "6000000", "interestAndDebtExpense": "None", "netIncomeFromContinuingOperations": "-270000000", "comprehensiveIncomeNetOfTax": "None", "ebit": "-197000000", "ebitda": "118000000", "netIncome": "-170000000"}, {"fiscalDateEnding": "2020-06-30", "reportedCurrency": "USD", "grossProfit": "678000000", "totalRevenue": "4736000000", "costOfRevenue": "4058000000", "costofGoodsAndServicesSold": "4058000000", "operatingIncome": "-52000000", "sellingGeneralAndAdministrative": "590000000", "researchAndDevelopment": "None", "operatingExpenses": "590000000", "investmentIncomeNet": "None", "netInterestIncome": "-69000000", "interestIncome": "129000000", "interestExpense": "69000000", "nonInterestIncome": "None", "otherNonOperatingIncome": "None", "depreciation": "None", "depreciationAndAmortization": "340000000", "incomeBeforeTax": "-376000000", "incomeTaxExpense": "-21000000", "interestAndDebtExpense": "None", "netIncomeFromContinuingOperations": "-355000000", "comprehensiveIncomeNetOfTax": "None", "ebit": "-308000000", "ebitda": "32000000", "netIncome": "-201000000"}, {"fiscalDateEnding": "2020-03-31", "reportedCurrency": "USD", "grossProfit": "755000000", "totalRevenue": "5425000000", "costOfRevenue": "4670000000", "costofGoodsAndServicesSold": "4670000000", "operatingIncome": "-16059000000", "sellingGeneralAndAdministrative": "675000000", "researchAndDevelopment": "None", "operatingExpenses": "675000000", "investmentIncomeNet": "None", "netInterestIncome": "-59000000", "interestIncome": "51000000", "interestExpense": "59000000", "nonInterestIncome": "None", "otherNonOperatingIncome": "None", "depreciation": "None", "depreciationAndAmortization": "355000000", "incomeBeforeTax": "-16093000000", "incomeTaxExpense": "5000000", "interestAndDebtExpense": "None", "netIncomeFromContinuingOperations": "-16098000000", "comprehensiveIncomeNetOfTax": "None", "ebit": "-16034000000", "ebitda": "-15679000000", "netIncome": "-10210000000"}, {"fiscalDateEnding": "2019-12-31", "reportedCurrency": "USD", "grossProfit": "1295000000", "totalRevenue": "6347000000", "costOfRevenue": "5052000000", "costofGoodsAndServicesSold": "5052000000", "operatingIncome": "331000000", "sellingGeneralAndAdministrative": "749000000", "researchAndDevelopment": "687000000", "operatingExpenses": "748000000", "investmentIncomeNet": "None", "netInterestIncome": "-63000000", "interestIncome": "62000000", "interestExpense": "63000000", "nonInterestIncome": "None", "otherNonOperatingIncome": "None", "depreciation": "None", "depreciationAndAmortization": "353000000", "incomeBeforeTax": "307000000", "incomeTaxExpense": "212000000", "interestAndDebtExpense": "None", "netIncomeFromContinuingOperations": "94000000", "comprehensiveIncomeNetOfTax": "None", "ebit": "371000000", "ebitda": "724000000", "netIncome": "48000000"}, {"fiscalDateEnding": "2019-09-30", "reportedCurrency": "USD", "grossProfit": "1101000000", "totalRevenue": "5882000000", "costOfRevenue": "4781000000", "costofGoodsAndServicesSold": "4781000000", "operatingIncome": "297000000", "sellingGeneralAndAdministrative": "679000000", "researchAndDevelopment": "None", "operatingExpenses": "679000000", "investmentIncomeNet": "None", "netInterestIncome": "-59000000", "interestIncome": "60000000", "interestExpense": "59000000", "nonInterestIncome": "None", "otherNonOperatingIncome": "None", "depreciation": "None", "depreciationAndAmortization": "356000000", "incomeBeforeTax": "224000000", "incomeTaxExpense": "107000000", "interestAndDebtExpense": "None", "netIncomeFromContinuingOperations": "117000000", "comprehensiveIncomeNetOfTax": "None", "ebit": "283000000", "ebitda": "639000000", "netIncome": "57000000"}, {"fiscalDateEnding": "2019-06-30", "reportedCurrency": "USD", "grossProfit": "1062000000", "totalRevenue": "5994000000", "costOfRevenue": "4932000000", "costofGoodsAndServicesSold": "4932000000", "operatingIncome": "271000000", "sellingGeneralAndAdministrative": "701000000", "researchAndDevelopment": "None", "operatingExpenses": "701000000", "investmentIncomeNet": "None", "netInterestIncome": "-56000000", "interestIncome": "53000000", "interestExpense": "56000000", "nonInterestIncome": "None", "otherNonOperatingIncome": "None", "depreciation": "None", "depreciationAndAmortization": "359000000", "incomeBeforeTax": "84000000", "incomeTaxExpense": "95000000", "interestAndDebtExpense": "None", "netIncomeFromContinuingOperations": "-11000000", "comprehensiveIncomeNetOfTax": "None", "ebit": "140000000", "ebitda": "499000000", "netIncome": "-9000000"}, {"fiscalDateEnding": "2019-03-31", "reportedCurrency": "USD", "grossProfit": "976000000", "totalRevenue": "5615000000", "costOfRevenue": "4639000000", "costofGoodsAndServicesSold": "4639000000", "operatingIncome": "176000000", "sellingGeneralAndAdministrative": "704000000", "researchAndDevelopment": "None", "operatingExpenses": "704000000", "investmentIncomeNet": "None", "netInterestIncome": "-59000000", "interestIncome": "None", "interestExpense": "59000000", "nonInterestIncome": "None", "otherNonOperatingIncome": "None", "depreciation": "None", "depreciationAndAmortization": "350000000", "incomeBeforeTax": "138000000", "incomeTaxExpense": "67000000", "interestAndDebtExpense": "None", "netIncomeFromContinuingOperations": "71000000", "comprehensiveIncomeNetOfTax": "None", "ebit": "197000000", "ebitda": "547000000", "netIncome": "32000000"}, {"fiscalDateEnding": "2018-12-31", "reportedCurrency": "USD", "grossProfit": "1236000000", "totalRevenue": "6264000000", "costOfRevenue": "5028000000", "costofGoodsAndServicesSold": "5028000000", "operatingIncome": "382000000", "sellingGeneralAndAdministrative": "755000000", "researchAndDevelopment": "700000000", "operatingExpenses": "754000000", "investmentIncomeNet": "None", "netInterestIncome": "None", "interestIncome": "None", "interestExpense": "59000000", "nonInterestIncome": "None", "otherNonOperatingIncome": "None", "depreciation": "None", "depreciationAndAmortization": "353000000", "incomeBeforeTax": "475000000", "incomeTaxExpense": "173000000", "interestAndDebtExpense": "None", "netIncomeFromContinuingOperations": "302000000", "comprehensiveIncomeNetOfTax": "None", "ebit": "534000000", "ebitda": "887000000", "netIncome": "131000000"}, {"fiscalDateEnding": "2018-09-30", "reportedCurrency": "USD", "grossProfit": "973000000", "totalRevenue": "5665000000", "costOfRevenue": "4692000000", "costofGoodsAndServicesSold": "4692000000", "operatingIncome": "282000000", "sellingGeneralAndAdministrative": "608000000", "researchAndDevelopment": "None", "operatingExpenses": "608000000", "investmentIncomeNet": "None", "netInterestIncome": "None", "interestIncome": "None", "interestExpense": "55000000", "nonInterestIncome": "None", "otherNonOperatingIncome": "None", "depreciation": "None", "depreciationAndAmortization": "353000000", "incomeBeforeTax": "148000000", "incomeTaxExpense": "110000000", "interestAndDebtExpense": "None", "netIncomeFromContinuingOperations": "None", "comprehensiveIncomeNetOfTax": "None", "ebit": "203000000", "ebitda": "556000000", "netIncome": "13000000"}, {"fiscalDateEnding": "2018-06-30", "reportedCurrency": "USD", "grossProfit": "936000000", "totalRevenue": "5548000000", "costOfRevenue": "4612000000", "costofGoodsAndServicesSold": "4612000000", "operatingIncome": "78000000", "sellingGeneralAndAdministrative": "662000000", "researchAndDevelopment": "None", "operatingExpenses": "662000000", "investmentIncomeNet": "None", "netInterestIncome": "None", "interestIncome": "None", "interestExpense": "63000000", "nonInterestIncome": "None", "otherNonOperatingIncome": "None", "depreciation": "None", "depreciationAndAmortization": "392000000", "incomeBeforeTax": "24000000", "incomeTaxExpense": "62000000", "interestAndDebtExpense": "None", "netIncomeFromContinuingOperations": "None", "comprehensiveIncomeNetOfTax": "None", "ebit": "87000000", "ebitda": "479000000", "netIncome": "-19000000"}, {"fiscalDateEnding": "2018-03-31", "reportedCurrency": "USD", "grossProfit": "841000000", "totalRevenue": "5399000000", "costOfRevenue": "4558000000", "costofGoodsAndServicesSold": "4558000000", "operatingIncome": "-41000000", "sellingGeneralAndAdministrative": "728000000", "researchAndDevelopment": "None", "operatingExpenses": "674000000", "investmentIncomeNet": "None", "netInterestIncome": "None", "interestIncome": "None", "interestExpense": "46000000", "nonInterestIncome": "None", "otherNonOperatingIncome": "None", "depreciation": "None", "depreciationAndAmortization": "388000000", "incomeBeforeTax": "-105000000", "incomeTaxExpense": "-86000000", "interestAndDebtExpense": "None", "netIncomeFromContinuingOperations": "None", "comprehensiveIncomeNetOfTax": "None", "ebit": "-59000000", "ebitda": "329000000", "netIncome": "70000000"}, {"fiscalDateEnding": "2017-12-31", "reportedCurrency": "USD", "grossProfit": "876000000", "totalRevenue": "5763000000", "costOfRevenue": "4887000000", "costofGoodsAndServicesSold": "4887000000", "operatingIncome": "-92000000", "sellingGeneralAndAdministrative": "785000000", "researchAndDevelopment": "501000000", "operatingExpenses": "786000000", "investmentIncomeNet": "None", "netInterestIncome": "None", "interestIncome": "None", "interestExpense": "56000000", "nonInterestIncome": "None", "otherNonOperatingIncome": "None", "depreciation": "None", "depreciationAndAmortization": "387000000", "incomeBeforeTax": "-133000000", "incomeTaxExpense": "-51000000", "interestAndDebtExpense": "None", "netIncomeFromContinuingOperations": "None", "comprehensiveIncomeNetOfTax": "None", "ebit": "-39000000", "ebitda": "348000000", "netIncome": "-29000000"}, {"fiscalDateEnding": "2017-09-30", "reportedCurrency": "USD", "grossProfit": "1020000000", "totalRevenue": "5375000000", "costOfRevenue": "4355000000", "costofGoodsAndServicesSold": "4355000000", "operatingIncome": "-122000000", "sellingGeneralAndAdministrative": "792000000", "researchAndDevelopment": "None", "operatingExpenses": "792000000", "investmentIncomeNet": "None", "netInterestIncome": "None", "interestIncome": "None", "interestExpense": "42000000", "nonInterestIncome": "None", "otherNonOperatingIncome": "None", "depreciation": "None", "depreciationAndAmortization": "282000000", "incomeBeforeTax": "-180000000", "incomeTaxExpense": "93000000", "interestAndDebtExpense": "None", "netIncomeFromContinuingOperations": "None", "comprehensiveIncomeNetOfTax": "None", "ebit": "-233000000", "ebitda": "49000000", "netIncome": "-104000000"}, {"fiscalDateEnding": "2017-06-30", "reportedCurrency": "USD", "grossProfit": "320000000", "totalRevenue": "2404000000", "costOfRevenue": "2084000000", "costofGoodsAndServicesSold": "2084000000", "operatingIncome": "-56000000", "sellingGeneralAndAdministrative": "None", "researchAndDevelopment": "102000000", "operatingExpenses": "327000000", "investmentIncomeNet": "None", "netInterestIncome": "None", "interestIncome": "None", "interestExpense": "30000000", "nonInterestIncome": "None", "otherNonOperatingIncome": "None", "depreciation": "None", "depreciationAndAmortization": "28000000", "incomeBeforeTax": "-107000000", "incomeTaxExpense": "72000000", "interestAndDebtExpense": "None", "netIncomeFromContinuingOperations": "None", "comprehensiveIncomeNetOfTax": "None", "ebit": "114000000", "ebitda": "142000000", "netIncome": "-179000000"}, {"fiscalDateEnding": "2017-03-31", "reportedCurrency": "USD", "grossProfit": "1040000000", "totalRevenue": "5373000000", "costOfRevenue": "4333000000", "costofGoodsAndServicesSold": "4333000000", "operatingIncome": "312000000", "sellingGeneralAndAdministrative": "728000000", "researchAndDevelopment": "None", "operatingExpenses": "728000000", "investmentIncomeNet": "None", "netInterestIncome": "None", "interestIncome": "None", "interestExpense": "59000000", "nonInterestIncome": "None", "otherNonOperatingIncome": "None", "depreciation": "None", "depreciationAndAmortization": "132000000", "incomeBeforeTax": "121000000", "incomeTaxExpense": "112000000", "interestAndDebtExpense": "None", "netIncomeFromContinuingOperations": "None", "comprehensiveIncomeNetOfTax": "None", "ebit": "312000000", "ebitda": "444000000", "netIncome": "8000000"}, {"fiscalDateEnding": "2016-12-31", "reportedCurrency": "None", "grossProfit": "971000000", "totalRevenue": "3516000000", "costOfRevenue": "2545000000", "costofGoodsAndServicesSold": "2545000000", "operatingIncome": "497000000", "sellingGeneralAndAdministrative": "None", "researchAndDevelopment": "99000000", "operatingExpenses": "826000000", "investmentIncomeNet": "None", "netInterestIncome": "None", "interestIncome": "None", "interestExpense": "None", "nonInterestIncome": "None", "otherNonOperatingIncome": "None", "depreciation": "None", "depreciationAndAmortization": "111000000", "incomeBeforeTax": "117000000", "incomeTaxExpense": "118000000", "interestAndDebtExpense": "None", "netIncomeFromContinuingOperations": "None", "comprehensiveIncomeNetOfTax": "None", "ebit": "-270000000", "ebitda": "-159000000", "netIncome": "-1000000"}, {"fiscalDateEnding": "2016-09-30", "reportedCurrency": "None", "grossProfit": "730000000", "totalRevenue": "3024000000", "costOfRevenue": "2294000000", "costofGoodsAndServicesSold": "2294000000", "operatingIncome": "252000000", "sellingGeneralAndAdministrative": "None", "researchAndDevelopment": "87000000", "operatingExpenses": "644000000", "investmentIncomeNet": "None", "netInterestIncome": "None", "interestIncome": "None", "interestExpense": "None", "nonInterestIncome": "None", "otherNonOperatingIncome": "None", "depreciation": "None", "depreciationAndAmortization": "277000000", "incomeBeforeTax": "65000000", "incomeTaxExpense": "70000000", "interestAndDebtExpense": "None", "netIncomeFromContinuingOperations": "None", "comprehensiveIncomeNetOfTax": "None", "ebit": "252000000", "ebitda": "529000000", "netIncome": "-5000000"}, {"fiscalDateEnding": "2016-06-30", "reportedCurrency": "None", "grossProfit": "874000000", "totalRevenue": "3322000000", "costOfRevenue": "2448000000", "costofGoodsAndServicesSold": "2448000000", "operatingIncome": "328000000", "sellingGeneralAndAdministrative": "None", "researchAndDevelopment": "166000000", "operatingExpenses": "981000000", "investmentIncomeNet": "None", "netInterestIncome": "None", "interestIncome": "None", "interestExpense": "None", "nonInterestIncome": "None", "otherNonOperatingIncome": "None", "depreciation": "None", "depreciationAndAmortization": "80000000", "incomeBeforeTax": "-121000000", "incomeTaxExpense": "20000000", "interestAndDebtExpense": "None", "netIncomeFromContinuingOperations": "None", "comprehensiveIncomeNetOfTax": "None", "ebit": "328000000", "ebitda": "408000000", "netIncome": "-141000000"}, {"fiscalDateEnding": "2016-03-31", "reportedCurrency": "None", "grossProfit": "709000000", "totalRevenue": "3407000000", "costOfRevenue": "2698000000", "costofGoodsAndServicesSold": "2698000000", "operatingIncome": "184000000", "sellingGeneralAndAdministrative": "None", "researchAndDevelopment": "None", "operatingExpenses": "550000000", "investmentIncomeNet": "None", "netInterestIncome": "None", "interestIncome": "None", "interestExpense": "None", "nonInterestIncome": "None", "otherNonOperatingIncome": "None", "depreciation": "None", "depreciationAndAmortization": "82000000", "incomeBeforeTax": "120000000", "incomeTaxExpense": "42000000", "interestAndDebtExpense": "None", "netIncomeFromContinuingOperations": "None", "comprehensiveIncomeNetOfTax": "None", "ebit": "184000000", "ebitda": "266000000", "netIncome": "141000000"}]}