{"symbol": "CRM", "annualReports": [{"fiscalDateEnding": "2025-01-31", "reportedCurrency": "USD", "grossProfit": "29252000000", "totalRevenue": "37895000000", "costOfRevenue": "8643000000", "costofGoodsAndServicesSold": "8643000000", "operatingIncome": "7205000000", "sellingGeneralAndAdministrative": "2836000000", "researchAndDevelopment": "5493000000", "operatingExpenses": "22047000000", "investmentIncomeNet": "None", "netInterestIncome": "None", "interestIncome": "None", "interestExpense": "None", "nonInterestIncome": "None", "otherNonOperatingIncome": "None", "depreciation": "None", "depreciationAndAmortization": "3477000000", "incomeBeforeTax": "7438000000", "incomeTaxExpense": "1241000000", "interestAndDebtExpense": "None", "netIncomeFromContinuingOperations": "6197000000", "comprehensiveIncomeNetOfTax": "None", "ebit": "7666000000", "ebitda": "11143000000", "netIncome": "6197000000"}, {"fiscalDateEnding": "2024-01-31", "reportedCurrency": "USD", "grossProfit": "26316000000", "totalRevenue": "34857000000", "costOfRevenue": "8541000000", "costofGoodsAndServicesSold": "8541000000", "operatingIncome": "5011000000", "sellingGeneralAndAdministrative": "2534000000", "researchAndDevelopment": "4906000000", "operatingExpenses": "20317000000", "investmentIncomeNet": "None", "netInterestIncome": "None", "interestIncome": "None", "interestExpense": "None", "nonInterestIncome": "None", "otherNonOperatingIncome": "None", "depreciation": "None", "depreciationAndAmortization": "3222000000", "incomeBeforeTax": "4950000000", "incomeTaxExpense": "814000000", "interestAndDebtExpense": "None", "netIncomeFromContinuingOperations": "4136000000", "comprehensiveIncomeNetOfTax": "None", "ebit": "5999000000", "ebitda": "9221000000", "netIncome": "4136000000"}, {"fiscalDateEnding": "2023-01-31", "reportedCurrency": "USD", "grossProfit": "22992000000", "totalRevenue": "31352000000", "costOfRevenue": "8360000000", "costofGoodsAndServicesSold": "8360000000", "operatingIncome": "2925000000", "sellingGeneralAndAdministrative": "2553000000", "researchAndDevelopment": "5055000000", "operatingExpenses": "21134000000", "investmentIncomeNet": "None", "netInterestIncome": "-287000000", "interestIncome": "35000000", "interestExpense": "287000000", "nonInterestIncome": "None", "otherNonOperatingIncome": "-370000000", "depreciation": "None", "depreciationAndAmortization": "3786000000", "incomeBeforeTax": "660000000", "incomeTaxExpense": "452000000", "interestAndDebtExpense": "None", "netIncomeFromContinuingOperations": "208000000", "comprehensiveIncomeNetOfTax": "None", "ebit": "2925000000", "ebitda": "6711000000", "netIncome": "208000000"}, {"fiscalDateEnding": "2022-01-31", "reportedCurrency": "USD", "grossProfit": "19466000000", "totalRevenue": "26492000000", "costOfRevenue": "7026000000", "costofGoodsAndServicesSold": "7026000000", "operatingIncome": "-663000000", "sellingGeneralAndAdministrative": "2598000000", "researchAndDevelopment": "4465000000", "operatingExpenses": "18918000000", "investmentIncomeNet": "None", "netInterestIncome": "995000000", "interestIncome": "1211000000", "interestExpense": "216000000", "nonInterestIncome": "None", "otherNonOperatingIncome": "-227000000", "depreciation": "None", "depreciationAndAmortization": "3298000000", "incomeBeforeTax": "1532000000", "incomeTaxExpense": "88000000", "interestAndDebtExpense": "None", "netIncomeFromContinuingOperations": "1444000000", "comprehensiveIncomeNetOfTax": "None", "ebit": "-663000000", "ebitda": "2635000000", "netIncome": "1444000000"}, {"fiscalDateEnding": "2021-01-31", "reportedCurrency": "USD", "grossProfit": "15814000000", "totalRevenue": "21252000000", "costOfRevenue": "5438000000", "costofGoodsAndServicesSold": "5438000000", "operatingIncome": "-1715000000", "sellingGeneralAndAdministrative": "2087000000", "researchAndDevelopment": "3598000000", "operatingExpenses": "15359000000", "investmentIncomeNet": "None", "netInterestIncome": "2060000000", "interestIncome": "2170000000", "interestExpense": "110000000", "nonInterestIncome": "None", "otherNonOperatingIncome": "-64000000", "depreciation": "None", "depreciationAndAmortization": "2846000000", "incomeBeforeTax": "2561000000", "incomeTaxExpense": "-1511000000", "interestAndDebtExpense": "None", "netIncomeFromContinuingOperations": "4072000000", "comprehensiveIncomeNetOfTax": "None", "ebit": "-1715000000", "ebitda": "1131000000", "netIncome": "4072000000"}, {"fiscalDateEnding": "2020-01-31", "reportedCurrency": "USD", "grossProfit": "12863000000", "totalRevenue": "17098000000", "costOfRevenue": "4235000000", "costofGoodsAndServicesSold": "4235000000", "operatingIncome": "202000000", "sellingGeneralAndAdministrative": "1704000000", "researchAndDevelopment": "2766000000", "operatingExpenses": "12400000000", "investmentIncomeNet": "None", "netInterestIncome": "8000000", "interestIncome": "118000000", "interestExpense": "110000000", "nonInterestIncome": "None", "otherNonOperatingIncome": "409000000", "depreciation": "None", "depreciationAndAmortization": "2135000000", "incomeBeforeTax": "706000000", "incomeTaxExpense": "580000000", "interestAndDebtExpense": "None", "netIncomeFromContinuingOperations": "126000000", "comprehensiveIncomeNetOfTax": "None", "ebit": "202000000", "ebitda": "2337000000", "netIncome": "126000000"}, {"fiscalDateEnding": "2019-01-31", "reportedCurrency": "USD", "grossProfit": "9831000000", "totalRevenue": "13282000000", "costOfRevenue": "3451000000", "costofGoodsAndServicesSold": "3451000000", "operatingIncome": "535000000", "sellingGeneralAndAdministrative": "1346000000", "researchAndDevelopment": "1886000000", "operatingExpenses": "9296000000", "investmentIncomeNet": "None", "netInterestIncome": "-69000000", "interestIncome": "57000000", "interestExpense": "126000000", "nonInterestIncome": "None", "otherNonOperatingIncome": "448000000", "depreciation": "None", "depreciationAndAmortization": "962000000", "incomeBeforeTax": "983000000", "incomeTaxExpense": "-127000000", "interestAndDebtExpense": "None", "netIncomeFromContinuingOperations": "1110000000", "comprehensiveIncomeNetOfTax": "None", "ebit": "1137000000", "ebitda": "2099000000", "netIncome": "1110000000"}, {"fiscalDateEnding": "2018-01-31", "reportedCurrency": "USD", "grossProfit": "7706490000", "totalRevenue": "10480012000", "costOfRevenue": "2773522000", "costofGoodsAndServicesSold": "2773522000", "operatingIncome": "235768000", "sellingGeneralAndAdministrative": "1088358000", "researchAndDevelopment": "1553073000", "operatingExpenses": "7470722000", "investmentIncomeNet": "None", "netInterestIncome": "-18000000", "interestIncome": "36000000", "interestExpense": "54000000", "nonInterestIncome": "None", "otherNonOperatingIncome": "-39000000", "depreciation": "None", "depreciationAndAmortization": "752600000", "incomeBeforeTax": "202108000", "incomeTaxExpense": "74630000", "interestAndDebtExpense": "None", "netIncomeFromContinuingOperations": "127478000", "comprehensiveIncomeNetOfTax": "None", "ebit": "289051000", "ebitda": "1041651000", "netIncome": "127478000"}, {"fiscalDateEnding": "2017-01-31", "reportedCurrency": "USD", "grossProfit": "6203000000", "totalRevenue": "8391984000", "costOfRevenue": "2234000000", "costofGoodsAndServicesSold": "2234000000", "operatingIncome": "218000000", "sellingGeneralAndAdministrative": "966000000", "researchAndDevelopment": "1208000000", "operatingExpenses": "5985000000", "investmentIncomeNet": "None", "netInterestIncome": "-67087000", "interestIncome": "21901000", "interestExpense": "89000000", "nonInterestIncome": "None", "otherNonOperatingIncome": "50143000", "depreciation": "None", "depreciationAndAmortization": "632000000", "incomeBeforeTax": "179000000", "incomeTaxExpense": "-144000000", "interestAndDebtExpense": "None", "netIncomeFromContinuingOperations": "179632000", "comprehensiveIncomeNetOfTax": "None", "ebit": "218000000", "ebitda": "850000000", "netIncome": "323000000"}, {"fiscalDateEnding": "2016-01-31", "reportedCurrency": "USD", "grossProfit": "5012668000", "totalRevenue": "6667216000", "costOfRevenue": "1654548000", "costofGoodsAndServicesSold": "1654548000", "operatingIncome": "114923000", "sellingGeneralAndAdministrative": "711621000", "researchAndDevelopment": "946300000", "operatingExpenses": "4897745000", "investmentIncomeNet": "None", "netInterestIncome": "None", "interestIncome": "82930000", "interestExpense": "72485000", "nonInterestIncome": "None", "otherNonOperatingIncome": "21841000", "depreciation": "None", "depreciationAndAmortization": "525750000", "incomeBeforeTax": "64279000", "incomeTaxExpense": "111705000", "interestAndDebtExpense": "None", "netIncomeFromContinuingOperations": "-47426000", "comprehensiveIncomeNetOfTax": "None", "ebit": "136764000", "ebitda": "662514000", "netIncome": "-47426000"}, {"fiscalDateEnding": "2015-01-31", "reportedCurrency": "USD", "grossProfit": "4084316000", "totalRevenue": "5373586000", "costOfRevenue": "1289270000", "costofGoodsAndServicesSold": "1289270000", "operatingIncome": "-145633000", "sellingGeneralAndAdministrative": "679936000", "researchAndDevelopment": "792917000", "operatingExpenses": "4229949000", "investmentIncomeNet": "None", "netInterestIncome": "None", "interestIncome": "None", "interestExpense": "73237000", "nonInterestIncome": "None", "otherNonOperatingIncome": "5785000", "depreciation": "None", "depreciationAndAmortization": "448296000", "incomeBeforeTax": "-213085000", "incomeTaxExpense": "49603000", "interestAndDebtExpense": "None", "netIncomeFromContinuingOperations": "-262688000", "comprehensiveIncomeNetOfTax": "None", "ebit": "-139848000", "ebitda": "308448000", "netIncome": "-262688000"}, {"fiscalDateEnding": "2014-01-31", "reportedCurrency": "USD", "grossProfit": "3102575000", "totalRevenue": "4071003000", "costOfRevenue": "968428000", "costofGoodsAndServicesSold": "968428000", "operatingIncome": "-286074000", "sellingGeneralAndAdministrative": "596719000", "researchAndDevelopment": "623798000", "operatingExpenses": "3388649000", "investmentIncomeNet": "None", "netInterestIncome": "None", "interestIncome": "None", "interestExpense": "77211000", "nonInterestIncome": "None", "otherNonOperatingIncome": "5350000", "depreciation": "None", "depreciationAndAmortization": "369423000", "incomeBeforeTax": "-357935000", "incomeTaxExpense": "-125760000", "interestAndDebtExpense": "None", "netIncomeFromContinuingOperations": "-232175000", "comprehensiveIncomeNetOfTax": "None", "ebit": "-280724000", "ebitda": "88699000", "netIncome": "-232175000"}, {"fiscalDateEnding": "2013-01-31", "reportedCurrency": "USD", "grossProfit": "2366616000", "totalRevenue": "3050195000", "costOfRevenue": "683579000", "costofGoodsAndServicesSold": "683579000", "operatingIncome": "-110710000", "sellingGeneralAndAdministrative": "433821000", "researchAndDevelopment": "429479000", "operatingExpenses": "2477326000", "investmentIncomeNet": "None", "netInterestIncome": "None", "interestIncome": "None", "interestExpense": "30948000", "nonInterestIncome": "None", "otherNonOperatingIncome": "13864000", "depreciation": "None", "depreciationAndAmortization": "216795000", "incomeBeforeTax": "-127794000", "incomeTaxExpense": "142651000", "interestAndDebtExpense": "None", "netIncomeFromContinuingOperations": "-270445000", "comprehensiveIncomeNetOfTax": "None", "ebit": "-96846000", "ebitda": "119949000", "netIncome": "-270445000"}, {"fiscalDateEnding": "2012-01-31", "reportedCurrency": "USD", "grossProfit": "1777653000", "totalRevenue": "2266539000", "costOfRevenue": "488886000", "costofGoodsAndServicesSold": "488886000", "operatingIncome": "-35085000", "sellingGeneralAndAdministrative": "347781000", "researchAndDevelopment": "295347000", "operatingExpenses": "1812738000", "investmentIncomeNet": "None", "netInterestIncome": "None", "interestIncome": "None", "interestExpense": "17045000", "nonInterestIncome": "None", "otherNonOperatingIncome": "18813000", "depreciation": "None", "depreciationAndAmortization": "157286000", "incomeBeforeTax": "-33317000", "incomeTaxExpense": "-21745000", "interestAndDebtExpense": "None", "netIncomeFromContinuingOperations": "-11572000", "comprehensiveIncomeNetOfTax": "None", "ebit": "-16272000", "ebitda": "141014000", "netIncome": "-11572000"}, {"fiscalDateEnding": "2011-01-31", "reportedCurrency": "USD", "grossProfit": "1333326000", "totalRevenue": "1657139000", "costOfRevenue": "323813000", "costofGoodsAndServicesSold": "323813000", "operatingIncome": "97497000", "sellingGeneralAndAdministrative": "255913000", "researchAndDevelopment": "187887000", "operatingExpenses": "1235829000", "investmentIncomeNet": "None", "netInterestIncome": "None", "interestIncome": "None", "interestExpense": "24909000", "nonInterestIncome": "None", "otherNonOperatingIncome": "31710000", "depreciation": "None", "depreciationAndAmortization": "75746000", "incomeBeforeTax": "104298000", "incomeTaxExpense": "34601000", "interestAndDebtExpense": "None", "netIncomeFromContinuingOperations": "69697000", "comprehensiveIncomeNetOfTax": "None", "ebit": "129207000", "ebitda": "204953000", "netIncome": "64474000"}, {"fiscalDateEnding": "2010-01-31", "reportedCurrency": "USD", "grossProfit": "1047658000", "totalRevenue": "1305583000", "costOfRevenue": "257925000", "costofGoodsAndServicesSold": "257925000", "operatingIncome": "115272000", "sellingGeneralAndAdministrative": "195290000", "researchAndDevelopment": "131897000", "operatingExpenses": "932386000", "investmentIncomeNet": "None", "netInterestIncome": "None", "interestIncome": "None", "interestExpense": "2000000", "nonInterestIncome": "None", "otherNonOperatingIncome": "29109000", "depreciation": "None", "depreciationAndAmortization": "53177000", "incomeBeforeTax": "142381000", "incomeTaxExpense": "57689000", "interestAndDebtExpense": "None", "netIncomeFromContinuingOperations": "84692000", "comprehensiveIncomeNetOfTax": "None", "ebit": "144381000", "ebitda": "197558000", "netIncome": "80719000"}, {"fiscalDateEnding": "2009-01-31", "reportedCurrency": "USD", "grossProfit": "856298000", "totalRevenue": "1076769000", "costOfRevenue": "220471000", "costofGoodsAndServicesSold": "220471000", "operatingIncome": "63742000", "sellingGeneralAndAdministrative": "158613000", "researchAndDevelopment": "99530000", "operatingExpenses": "792556000", "investmentIncomeNet": "None", "netInterestIncome": "None", "interestIncome": "None", "interestExpense": "107000", "nonInterestIncome": "None", "otherNonOperatingIncome": "None", "depreciation": "None", "depreciationAndAmortization": "35971000", "incomeBeforeTax": "85592000", "incomeTaxExpense": "37557000", "interestAndDebtExpense": "None", "netIncomeFromContinuingOperations": "None", "comprehensiveIncomeNetOfTax": "None", "ebit": "85592000", "ebitda": "121563000", "netIncome": "43428000"}, {"fiscalDateEnding": "2008-01-31", "reportedCurrency": "USD", "grossProfit": "577109000", "totalRevenue": "748700000", "costOfRevenue": "171591000", "costofGoodsAndServicesSold": "171591000", "operatingIncome": "20309000", "sellingGeneralAndAdministrative": "116508000", "researchAndDevelopment": "63812000", "operatingExpenses": "556800000", "investmentIncomeNet": "None", "netInterestIncome": "None", "interestIncome": "None", "interestExpense": "46000", "nonInterestIncome": "None", "otherNonOperatingIncome": "None", "depreciation": "None", "depreciationAndAmortization": "66414000", "incomeBeforeTax": "46213000", "incomeTaxExpense": "23385000", "interestAndDebtExpense": "None", "netIncomeFromContinuingOperations": "None", "comprehensiveIncomeNetOfTax": "None", "ebit": "-46105000", "ebitda": "20309000", "netIncome": "18356000"}, {"fiscalDateEnding": "2007-01-31", "reportedCurrency": "USD", "grossProfit": "378208000", "totalRevenue": "497098000", "costOfRevenue": "118890000", "costofGoodsAndServicesSold": "118890000", "operatingIncome": "-3598000", "sellingGeneralAndAdministrative": "47986000", "researchAndDevelopment": "44614000", "operatingExpenses": "381806000", "investmentIncomeNet": "None", "netInterestIncome": "None", "interestIncome": "None", "interestExpense": "69000", "nonInterestIncome": "None", "otherNonOperatingIncome": "None", "depreciation": "None", "depreciationAndAmortization": "35885000", "incomeBeforeTax": "12496000", "incomeTaxExpense": "9795000", "interestAndDebtExpense": "None", "netIncomeFromContinuingOperations": "None", "comprehensiveIncomeNetOfTax": "None", "ebit": "-3598000", "ebitda": "32287000", "netIncome": "481000"}, {"fiscalDateEnding": "2006-01-31", "reportedCurrency": "USD", "grossProfit": "240731000", "totalRevenue": "309857000", "costOfRevenue": "69126000", "costofGoodsAndServicesSold": "69126000", "operatingIncome": "20102000", "sellingGeneralAndAdministrative": "47986000", "researchAndDevelopment": "23330000", "operatingExpenses": "220629000", "investmentIncomeNet": "None", "netInterestIncome": "None", "interestIncome": "None", "interestExpense": "69000", "nonInterestIncome": "None", "otherNonOperatingIncome": "None", "depreciation": "None", "depreciationAndAmortization": "20633000", "incomeBeforeTax": "28198000", "incomeTaxExpense": "-1310000", "interestAndDebtExpense": "None", "netIncomeFromContinuingOperations": "None", "comprehensiveIncomeNetOfTax": "None", "ebit": "-531000", "ebitda": "20102000", "netIncome": "28474000"}], "quarterlyReports": [{"fiscalDateEnding": "2025-01-31", "reportedCurrency": "USD", "grossProfit": "7776000000", "totalRevenue": "9993000000", "costOfRevenue": "2217000000", "costofGoodsAndServicesSold": "2217000000", "operatingIncome": "1820000000", "sellingGeneralAndAdministrative": "767000000", "researchAndDevelopment": "1420000000", "operatingExpenses": "5956000000", "investmentIncomeNet": "None", "netInterestIncome": "None", "interestIncome": "None", "interestExpense": "None", "nonInterestIncome": "None", "otherNonOperatingIncome": "None", "depreciation": "None", "depreciationAndAmortization": "877000000", "incomeBeforeTax": "1988000000", "incomeTaxExpense": "280000000", "interestAndDebtExpense": "None", "netIncomeFromContinuingOperations": "1708000000", "comprehensiveIncomeNetOfTax": "None", "ebit": "2118000000", "ebitda": "2995000000", "netIncome": "1708000000"}, {"fiscalDateEnding": "2024-10-31", "reportedCurrency": "USD", "grossProfit": "7339000000", "totalRevenue": "9444000000", "costOfRevenue": "2105000000", "costofGoodsAndServicesSold": "2105000000", "operatingIncome": "1893000000", "sellingGeneralAndAdministrative": "711000000", "researchAndDevelopment": "1356000000", "operatingExpenses": "5390000000", "investmentIncomeNet": "None", "netInterestIncome": "None", "interestIncome": "None", "interestExpense": "None", "nonInterestIncome": "None", "otherNonOperatingIncome": "None", "depreciation": "None", "depreciationAndAmortization": "-1786000000", "incomeBeforeTax": "1746000000", "incomeTaxExpense": "219000000", "interestAndDebtExpense": "None", "netIncomeFromContinuingOperations": "1527000000", "comprehensiveIncomeNetOfTax": "None", "ebit": "1746000000", "ebitda": "-40000000", "netIncome": "1527000000"}, {"fiscalDateEnding": "2024-07-31", "reportedCurrency": "USD", "grossProfit": "7166000000", "totalRevenue": "9325000000", "costOfRevenue": "2159000000", "costofGoodsAndServicesSold": "2159000000", "operatingIncome": "1783000000", "sellingGeneralAndAdministrative": "711000000", "researchAndDevelopment": "1349000000", "operatingExpenses": "5284000000", "investmentIncomeNet": "None", "netInterestIncome": "None", "interestIncome": "None", "interestExpense": "None", "nonInterestIncome": "None", "otherNonOperatingIncome": "None", "depreciation": "None", "depreciationAndAmortization": "907000000", "incomeBeforeTax": "1837000000", "incomeTaxExpense": "408000000", "interestAndDebtExpense": "None", "netIncomeFromContinuingOperations": "1429000000", "comprehensiveIncomeNetOfTax": "None", "ebit": "1882000000", "ebitda": "2789000000", "netIncome": "1429000000"}, {"fiscalDateEnding": "2024-04-30", "reportedCurrency": "USD", "grossProfit": "6971000000", "totalRevenue": "9133000000", "costOfRevenue": "2162000000", "costofGoodsAndServicesSold": "2162000000", "operatingIncome": "1709000000", "sellingGeneralAndAdministrative": "647000000", "researchAndDevelopment": "1368000000", "operatingExpenses": "5254000000", "investmentIncomeNet": "None", "netInterestIncome": "None", "interestIncome": "None", "interestExpense": "None", "nonInterestIncome": "None", "otherNonOperatingIncome": "None", "depreciation": "None", "depreciationAndAmortization": "879000000", "incomeBeforeTax": "1867000000", "incomeTaxExpense": "334000000", "interestAndDebtExpense": "None", "netIncomeFromContinuingOperations": "1533000000", "comprehensiveIncomeNetOfTax": "None", "ebit": "1479000000", "ebitda": "2358000000", "netIncome": "1533000000"}, {"fiscalDateEnding": "2024-01-31", "reportedCurrency": "USD", "grossProfit": "7139000000", "totalRevenue": "9287000000", "costOfRevenue": "2148000000", "costofGoodsAndServicesSold": "2148000000", "operatingIncome": "1622000000", "sellingGeneralAndAdministrative": "632000000", "researchAndDevelopment": "1275000000", "operatingExpenses": "5344000000", "investmentIncomeNet": "None", "netInterestIncome": "None", "interestIncome": "None", "interestExpense": "140000000", "nonInterestIncome": "None", "otherNonOperatingIncome": "None", "depreciation": "None", "depreciationAndAmortization": "953000000", "incomeBeforeTax": "1645000000", "incomeTaxExpense": "199000000", "interestAndDebtExpense": "None", "netIncomeFromContinuingOperations": "1446000000", "comprehensiveIncomeNetOfTax": "None", "ebit": "1801000000", "ebitda": "2754000000", "netIncome": "1446000000"}, {"fiscalDateEnding": "2023-10-31", "reportedCurrency": "USD", "grossProfit": "6565000000", "totalRevenue": "8720000000", "costOfRevenue": "2155000000", "costofGoodsAndServicesSold": "2155000000", "operatingIncome": "1501000000", "sellingGeneralAndAdministrative": "632000000", "researchAndDevelopment": "1204000000", "operatingExpenses": "5009000000", "investmentIncomeNet": "None", "netInterestIncome": "None", "interestIncome": "None", "interestExpense": "70000000", "nonInterestIncome": "None", "otherNonOperatingIncome": "None", "depreciation": "None", "depreciationAndAmortization": "862000000", "incomeBeforeTax": "1487000000", "incomeTaxExpense": "263000000", "interestAndDebtExpense": "None", "netIncomeFromContinuingOperations": "1224000000", "comprehensiveIncomeNetOfTax": "None", "ebit": "1556000000", "ebitda": "2418000000", "netIncome": "1224000000"}, {"fiscalDateEnding": "2023-07-31", "reportedCurrency": "USD", "grossProfit": "6490000000", "totalRevenue": "8603000000", "costOfRevenue": "2113000000", "costofGoodsAndServicesSold": "2113000000", "operatingIncome": "1476000000", "sellingGeneralAndAdministrative": "909000000", "researchAndDevelopment": "1220000000", "operatingExpenses": "4965000000", "investmentIncomeNet": "None", "netInterestIncome": "-41000000", "interestIncome": "29000000", "interestExpense": "70000000", "nonInterestIncome": "None", "otherNonOperatingIncome": "None", "depreciation": "None", "depreciationAndAmortization": "890000000", "incomeBeforeTax": "1492000000", "incomeTaxExpense": "225000000", "interestAndDebtExpense": "None", "netIncomeFromContinuingOperations": "1267000000", "comprehensiveIncomeNetOfTax": "None", "ebit": "1603000000", "ebitda": "2493000000", "netIncome": "1267000000"}, {"fiscalDateEnding": "2023-04-30", "reportedCurrency": "USD", "grossProfit": "6122000000", "totalRevenue": "8247000000", "costOfRevenue": "2125000000", "costofGoodsAndServicesSold": "2125000000", "operatingIncome": "1975000000", "sellingGeneralAndAdministrative": "638000000", "researchAndDevelopment": "1207000000", "operatingExpenses": "4999000000", "investmentIncomeNet": "None", "netInterestIncome": "67000000", "interestIncome": "141000000", "interestExpense": "74000000", "nonInterestIncome": "None", "otherNonOperatingIncome": "-86000000", "depreciation": "None", "depreciationAndAmortization": "1254000000", "incomeBeforeTax": "326000000", "incomeTaxExpense": "127000000", "interestAndDebtExpense": "None", "netIncomeFromContinuingOperations": "199000000", "comprehensiveIncomeNetOfTax": "None", "ebit": "1975000000", "ebitda": "3229000000", "netIncome": "199000000"}, {"fiscalDateEnding": "2023-01-31", "reportedCurrency": "USD", "grossProfit": "6284000000", "totalRevenue": "8384000000", "costOfRevenue": "2100000000", "costofGoodsAndServicesSold": "2100000000", "operatingIncome": "357000000", "sellingGeneralAndAdministrative": "586000000", "researchAndDevelopment": "1128000000", "operatingExpenses": "5099000000", "investmentIncomeNet": "None", "netInterestIncome": "252000000", "interestIncome": "314000000", "interestExpense": "63000000", "nonInterestIncome": "None", "otherNonOperatingIncome": "-324000000", "depreciation": "None", "depreciationAndAmortization": "1032000000", "incomeBeforeTax": "33000000", "incomeTaxExpense": "131000000", "interestAndDebtExpense": "None", "netIncomeFromContinuingOperations": "-98000000", "comprehensiveIncomeNetOfTax": "None", "ebit": "1185000000", "ebitda": "2217000000", "netIncome": "-98000000"}, {"fiscalDateEnding": "2022-10-31", "reportedCurrency": "USD", "grossProfit": "5749000000", "totalRevenue": "7837000000", "costOfRevenue": "2088000000", "costofGoodsAndServicesSold": "2088000000", "operatingIncome": "460000000", "sellingGeneralAndAdministrative": "664000000", "researchAndDevelopment": "1280000000", "operatingExpenses": "5289000000", "investmentIncomeNet": "None", "netInterestIncome": "-59000000", "interestIncome": "16000000", "interestExpense": "75000000", "nonInterestIncome": "None", "otherNonOperatingIncome": "15000000", "depreciation": "None", "depreciationAndAmortization": "918000000", "incomeBeforeTax": "475000000", "incomeTaxExpense": "265000000", "interestAndDebtExpense": "None", "netIncomeFromContinuingOperations": "210000000", "comprehensiveIncomeNetOfTax": "None", "ebit": "460000000", "ebitda": "1378000000", "netIncome": "210000000"}, {"fiscalDateEnding": "2022-07-31", "reportedCurrency": "USD", "grossProfit": "5593000000", "totalRevenue": "7720000000", "costOfRevenue": "2127000000", "costofGoodsAndServicesSold": "2127000000", "operatingIncome": "148000000", "sellingGeneralAndAdministrative": "647000000", "researchAndDevelopment": "1329000000", "operatingExpenses": "5400000000", "investmentIncomeNet": "None", "netInterestIncome": "-65000000", "interestIncome": "11000000", "interestExpense": "76000000", "nonInterestIncome": "None", "otherNonOperatingIncome": "-12000000", "depreciation": "None", "depreciationAndAmortization": "907000000", "incomeBeforeTax": "181000000", "incomeTaxExpense": "113000000", "interestAndDebtExpense": "None", "netIncomeFromContinuingOperations": "68000000", "comprehensiveIncomeNetOfTax": "None", "ebit": "148000000", "ebitda": "1055000000", "netIncome": "68000000"}, {"fiscalDateEnding": "2022-04-30", "reportedCurrency": "USD", "grossProfit": "5366000000", "totalRevenue": "7411000000", "costOfRevenue": "2045000000", "costofGoodsAndServicesSold": "2045000000", "operatingIncome": "13000000", "sellingGeneralAndAdministrative": "656000000", "researchAndDevelopment": "1318000000", "operatingExpenses": "5346000000", "investmentIncomeNet": "None", "netInterestIncome": "-18000000", "interestIncome": "56000000", "interestExpense": "74000000", "nonInterestIncome": "None", "otherNonOperatingIncome": "-49000000", "depreciation": "None", "depreciationAndAmortization": "906000000", "incomeBeforeTax": "-29000000", "incomeTaxExpense": "-57000000", "interestAndDebtExpense": "None", "netIncomeFromContinuingOperations": "28000000", "comprehensiveIncomeNetOfTax": "None", "ebit": "13000000", "ebitda": "919000000", "netIncome": "28000000"}, {"fiscalDateEnding": "2022-01-31", "reportedCurrency": "USD", "grossProfit": "5312000000", "totalRevenue": "7326000000", "costOfRevenue": "2014000000", "costofGoodsAndServicesSold": "2014000000", "operatingIncome": "-176000000", "sellingGeneralAndAdministrative": "733000000", "researchAndDevelopment": "1291000000", "operatingExpenses": "5488000000", "investmentIncomeNet": "None", "netInterestIncome": "21000000", "interestIncome": "34000000", "interestExpense": "13000000", "nonInterestIncome": "None", "otherNonOperatingIncome": "-21000000", "depreciation": "None", "depreciationAndAmortization": "931000000", "incomeBeforeTax": "-197000000", "incomeTaxExpense": "-169000000", "interestAndDebtExpense": "None", "netIncomeFromContinuingOperations": "-28000000", "comprehensiveIncomeNetOfTax": "None", "ebit": "-176000000", "ebitda": "755000000", "netIncome": "-28000000"}, {"fiscalDateEnding": "2021-10-31", "reportedCurrency": "USD", "grossProfit": "5019000000", "totalRevenue": "6863000000", "costOfRevenue": "1844000000", "costofGoodsAndServicesSold": "1844000000", "operatingIncome": "38000000", "sellingGeneralAndAdministrative": "667000000", "researchAndDevelopment": "1203000000", "operatingExpenses": "4981000000", "investmentIncomeNet": "None", "netInterestIncome": "230000000", "interestIncome": "302000000", "interestExpense": "72000000", "nonInterestIncome": "None", "otherNonOperatingIncome": "261000000", "depreciation": "None", "depreciationAndAmortization": "963000000", "incomeBeforeTax": "299000000", "incomeTaxExpense": "-169000000", "interestAndDebtExpense": "None", "netIncomeFromContinuingOperations": "468000000", "comprehensiveIncomeNetOfTax": "None", "ebit": "299000000", "ebitda": "1262000000", "netIncome": "468000000"}, {"fiscalDateEnding": "2021-07-31", "reportedCurrency": "USD", "grossProfit": "4727000000", "totalRevenue": "6340000000", "costOfRevenue": "1613000000", "costofGoodsAndServicesSold": "1613000000", "operatingIncome": "332000000", "sellingGeneralAndAdministrative": "639000000", "researchAndDevelopment": "1020000000", "operatingExpenses": "4395000000", "investmentIncomeNet": "None", "netInterestIncome": "None", "interestIncome": "506000000", "interestExpense": "None", "nonInterestIncome": "None", "otherNonOperatingIncome": "494000000", "depreciation": "None", "depreciationAndAmortization": "719000000", "incomeBeforeTax": "826000000", "incomeTaxExpense": "291000000", "interestAndDebtExpense": "None", "netIncomeFromContinuingOperations": "535000000", "comprehensiveIncomeNetOfTax": "None", "ebit": "332000000", "ebitda": "1051000000", "netIncome": "535000000"}, {"fiscalDateEnding": "2021-04-30", "reportedCurrency": "USD", "grossProfit": "4408000000", "totalRevenue": "5963000000", "costOfRevenue": "1555000000", "costofGoodsAndServicesSold": "1555000000", "operatingIncome": "354000000", "sellingGeneralAndAdministrative": "559000000", "researchAndDevelopment": "951000000", "operatingExpenses": "4054000000", "investmentIncomeNet": "None", "netInterestIncome": "None", "interestIncome": "269000000", "interestExpense": "None", "nonInterestIncome": "None", "otherNonOperatingIncome": "250000000", "depreciation": "None", "depreciationAndAmortization": "685000000", "incomeBeforeTax": "604000000", "incomeTaxExpense": "135000000", "interestAndDebtExpense": "None", "netIncomeFromContinuingOperations": "469000000", "comprehensiveIncomeNetOfTax": "None", "ebit": "354000000", "ebitda": "1039000000", "netIncome": "469000000"}, {"fiscalDateEnding": "2021-01-31", "reportedCurrency": "USD", "grossProfit": "4338000000", "totalRevenue": "5817000000", "costOfRevenue": "1479000000", "costofGoodsAndServicesSold": "1479000000", "operatingIncome": "193000000", "sellingGeneralAndAdministrative": "574000000", "researchAndDevelopment": "939000000", "operatingExpenses": "4145000000", "investmentIncomeNet": "None", "netInterestIncome": "None", "interestIncome": "260000000", "interestExpense": "None", "nonInterestIncome": "None", "otherNonOperatingIncome": "424000000", "depreciation": "None", "depreciationAndAmortization": "869000000", "incomeBeforeTax": "425000000", "incomeTaxExpense": "158000000", "interestAndDebtExpense": "None", "netIncomeFromContinuingOperations": "267000000", "comprehensiveIncomeNetOfTax": "None", "ebit": "193000000", "ebitda": "1062000000", "netIncome": "267000000"}, {"fiscalDateEnding": "2020-10-31", "reportedCurrency": "USD", "grossProfit": "4025000000", "totalRevenue": "5419000000", "costOfRevenue": "1394000000", "costofGoodsAndServicesSold": "1394000000", "operatingIncome": "224000000", "sellingGeneralAndAdministrative": "522000000", "researchAndDevelopment": "902000000", "operatingExpenses": "3801000000", "investmentIncomeNet": "None", "netInterestIncome": "None", "interestIncome": "1030000000", "interestExpense": "None", "nonInterestIncome": "None", "otherNonOperatingIncome": "1026000000", "depreciation": "None", "depreciationAndAmortization": "670000000", "incomeBeforeTax": "1250000000", "incomeTaxExpense": "169000000", "interestAndDebtExpense": "None", "netIncomeFromContinuingOperations": "1081000000", "comprehensiveIncomeNetOfTax": "None", "ebit": "224000000", "ebitda": "894000000", "netIncome": "1081000000"}, {"fiscalDateEnding": "2020-07-31", "reportedCurrency": "USD", "grossProfit": "3840000000", "totalRevenue": "5151000000", "costOfRevenue": "1311000000", "costofGoodsAndServicesSold": "1311000000", "operatingIncome": "178000000", "sellingGeneralAndAdministrative": "489000000", "researchAndDevelopment": "898000000", "operatingExpenses": "3662000000", "investmentIncomeNet": "None", "netInterestIncome": "0", "interestIncome": "676000000", "interestExpense": "676000000", "nonInterestIncome": "None", "otherNonOperatingIncome": "661000000", "depreciation": "None", "depreciationAndAmortization": "649000000", "incomeBeforeTax": "839000000", "incomeTaxExpense": "-1786000000", "interestAndDebtExpense": "None", "netIncomeFromContinuingOperations": "2625000000", "comprehensiveIncomeNetOfTax": "None", "ebit": "178000000", "ebitda": "827000000", "netIncome": "2625000000"}, {"fiscalDateEnding": "2020-04-30", "reportedCurrency": "USD", "grossProfit": "3611000000", "totalRevenue": "4865000000", "costOfRevenue": "1254000000", "costofGoodsAndServicesSold": "1254000000", "operatingIncome": "-140000000", "sellingGeneralAndAdministrative": "502000000", "researchAndDevelopment": "859000000", "operatingExpenses": "3751000000", "investmentIncomeNet": "None", "netInterestIncome": "0", "interestIncome": "195000000", "interestExpense": "195000000", "nonInterestIncome": "None", "otherNonOperatingIncome": "-5000000", "depreciation": "None", "depreciationAndAmortization": "658000000", "incomeBeforeTax": "47000000", "incomeTaxExpense": "-52000000", "interestAndDebtExpense": "None", "netIncomeFromContinuingOperations": "99000000", "comprehensiveIncomeNetOfTax": "None", "ebit": "-140000000", "ebitda": "518000000", "netIncome": "99000000"}, {"fiscalDateEnding": "2020-01-31", "reportedCurrency": "USD", "grossProfit": "3631000000", "totalRevenue": "4851000000", "costOfRevenue": "1220000000", "costofGoodsAndServicesSold": "1220000000", "operatingIncome": "-36000000", "sellingGeneralAndAdministrative": "490000000", "researchAndDevelopment": "831000000", "operatingExpenses": "3667000000", "investmentIncomeNet": "None", "netInterestIncome": "0", "interestIncome": "30000000", "interestExpense": "34000000", "nonInterestIncome": "None", "otherNonOperatingIncome": "1000000", "depreciation": "None", "depreciationAndAmortization": "633000000", "incomeBeforeTax": "-4000000", "incomeTaxExpense": "244000000", "interestAndDebtExpense": "None", "netIncomeFromContinuingOperations": "-248000000", "comprehensiveIncomeNetOfTax": "None", "ebit": "-36000000", "ebitda": "597000000", "netIncome": "-248000000"}, {"fiscalDateEnding": "2019-10-31", "reportedCurrency": "USD", "grossProfit": "3379000000", "totalRevenue": "4513000000", "costOfRevenue": "1134000000", "costofGoodsAndServicesSold": "1134000000", "operatingIncome": "65000000", "sellingGeneralAndAdministrative": "477000000", "researchAndDevelopment": "774000000", "operatingExpenses": "3314000000", "investmentIncomeNet": "None", "netInterestIncome": "0", "interestIncome": "7000000", "interestExpense": "7000000", "nonInterestIncome": "None", "otherNonOperatingIncome": "-7000000", "depreciation": "None", "depreciationAndAmortization": "608000000", "incomeBeforeTax": "64000000", "incomeTaxExpense": "173000000", "interestAndDebtExpense": "None", "netIncomeFromContinuingOperations": "-109000000", "comprehensiveIncomeNetOfTax": "None", "ebit": "65000000", "ebitda": "673000000", "netIncome": "-109000000"}, {"fiscalDateEnding": "2019-07-31", "reportedCurrency": "USD", "grossProfit": "3030000000", "totalRevenue": "3997000000", "costOfRevenue": "967000000", "costofGoodsAndServicesSold": "967000000", "operatingIncome": "58000000", "sellingGeneralAndAdministrative": "375000000", "researchAndDevelopment": "607000000", "operatingExpenses": "2806000000", "investmentIncomeNet": "None", "netInterestIncome": "-3000000", "interestIncome": "31000000", "interestExpense": "34000000", "nonInterestIncome": "None", "otherNonOperatingIncome": "-3000000", "depreciation": "None", "depreciationAndAmortization": "457000000", "incomeBeforeTax": "164000000", "incomeTaxExpense": "73000000", "interestAndDebtExpense": "None", "netIncomeFromContinuingOperations": "91000000", "comprehensiveIncomeNetOfTax": "None", "ebit": "162000000", "ebitda": "619000000", "netIncome": "91000000"}, {"fiscalDateEnding": "2019-04-30", "reportedCurrency": "USD", "grossProfit": "2823000000", "totalRevenue": "3737000000", "costOfRevenue": "914000000", "costofGoodsAndServicesSold": "914000000", "operatingIncome": "210000000", "sellingGeneralAndAdministrative": "362000000", "researchAndDevelopment": "554000000", "operatingExpenses": "2613000000", "investmentIncomeNet": "None", "netInterestIncome": "0", "interestIncome": "272000000", "interestExpense": "272000000", "nonInterestIncome": "None", "otherNonOperatingIncome": "-9000000", "depreciation": "None", "depreciationAndAmortization": "437000000", "incomeBeforeTax": "482000000", "incomeTaxExpense": "90000000", "interestAndDebtExpense": "None", "netIncomeFromContinuingOperations": "392000000", "comprehensiveIncomeNetOfTax": "None", "ebit": "-227000000", "ebitda": "210000000", "netIncome": "392000000"}, {"fiscalDateEnding": "2019-01-31", "reportedCurrency": "USD", "grossProfit": "2657000000", "totalRevenue": "3603000000", "costOfRevenue": "946000000", "costofGoodsAndServicesSold": "946000000", "operatingIncome": "137000000", "sellingGeneralAndAdministrative": "359000000", "researchAndDevelopment": "518000000", "operatingExpenses": "2520000000", "investmentIncomeNet": "None", "netInterestIncome": "None", "interestIncome": "None", "interestExpense": "41000000", "nonInterestIncome": "None", "otherNonOperatingIncome": "143000000", "depreciation": "None", "depreciationAndAmortization": "273000000", "incomeBeforeTax": "239000000", "incomeTaxExpense": "-123000000", "interestAndDebtExpense": "None", "netIncomeFromContinuingOperations": "362000000", "comprehensiveIncomeNetOfTax": "None", "ebit": "456000000", "ebitda": "729000000", "netIncome": "362000000"}, {"fiscalDateEnding": "2018-10-31", "reportedCurrency": "USD", "grossProfit": "2503000000", "totalRevenue": "3392000000", "costOfRevenue": "889000000", "costofGoodsAndServicesSold": "889000000", "operatingIncome": "92000000", "sellingGeneralAndAdministrative": "342000000", "researchAndDevelopment": "481000000", "operatingExpenses": "2411000000", "investmentIncomeNet": "None", "netInterestIncome": "None", "interestIncome": "None", "interestExpense": "40000000", "nonInterestIncome": "None", "otherNonOperatingIncome": "76000000", "depreciation": "None", "depreciationAndAmortization": "257000000", "incomeBeforeTax": "128000000", "incomeTaxExpense": "23000000", "interestAndDebtExpense": "None", "netIncomeFromContinuingOperations": "105000000", "comprehensiveIncomeNetOfTax": "None", "ebit": "92000000", "ebitda": "349000000", "netIncome": "105000000"}, {"fiscalDateEnding": "2018-07-31", "reportedCurrency": "USD", "grossProfit": "2432000000", "totalRevenue": "3281000000", "costOfRevenue": "849000000", "costofGoodsAndServicesSold": "849000000", "operatingIncome": "115000000", "sellingGeneralAndAdministrative": "350000000", "researchAndDevelopment": "463000000", "operatingExpenses": "2317000000", "investmentIncomeNet": "None", "netInterestIncome": "None", "interestIncome": "None", "interestExpense": "39000000", "nonInterestIncome": "None", "otherNonOperatingIncome": "155000000", "depreciation": "None", "depreciationAndAmortization": "253000000", "incomeBeforeTax": "231000000", "incomeTaxExpense": "-68000000", "interestAndDebtExpense": "None", "netIncomeFromContinuingOperations": "299000000", "comprehensiveIncomeNetOfTax": "None", "ebit": "452000000", "ebitda": "705000000", "netIncome": "299000000"}, {"fiscalDateEnding": "2018-04-30", "reportedCurrency": "USD", "grossProfit": "2239000000", "totalRevenue": "3006000000", "costOfRevenue": "767000000", "costofGoodsAndServicesSold": "767000000", "operatingIncome": "191000000", "sellingGeneralAndAdministrative": "295000000", "researchAndDevelopment": "424000000", "operatingExpenses": "2048000000", "investmentIncomeNet": "None", "netInterestIncome": "None", "interestIncome": "None", "interestExpense": "34000000", "nonInterestIncome": "None", "otherNonOperatingIncome": "228000000", "depreciation": "None", "depreciationAndAmortization": "197000000", "incomeBeforeTax": "385000000", "incomeTaxExpense": "41000000", "interestAndDebtExpense": "None", "netIncomeFromContinuingOperations": "344000000", "comprehensiveIncomeNetOfTax": "None", "ebit": "-6000000", "ebitda": "191000000", "netIncome": "344000000"}, {"fiscalDateEnding": "2018-01-31", "reportedCurrency": "USD", "grossProfit": "2113211000", "totalRevenue": "2851003000", "costOfRevenue": "737792000", "costofGoodsAndServicesSold": "737792000", "operatingIncome": "77869000", "sellingGeneralAndAdministrative": "274490000", "researchAndDevelopment": "396547000", "operatingExpenses": "2035342000", "investmentIncomeNet": "None", "netInterestIncome": "None", "interestIncome": "None", "interestExpense": "21561000", "nonInterestIncome": "None", "otherNonOperatingIncome": "31909000", "depreciation": "None", "depreciationAndAmortization": "187689000", "incomeBeforeTax": "88217000", "incomeTaxExpense": "20662000", "interestAndDebtExpense": "None", "netIncomeFromContinuingOperations": "67555000", "comprehensiveIncomeNetOfTax": "None", "ebit": "109778000", "ebitda": "297467000", "netIncome": "67555000"}, {"fiscalDateEnding": "2017-10-31", "reportedCurrency": "USD", "grossProfit": "1987000000", "totalRevenue": "2679841000", "costOfRevenue": "714000000", "costofGoodsAndServicesSold": "714000000", "operatingIncome": "155000000", "sellingGeneralAndAdministrative": "271000000", "researchAndDevelopment": "394000000", "operatingExpenses": "1832000000", "investmentIncomeNet": "None", "netInterestIncome": "None", "interestIncome": "None", "interestExpense": "21000000", "nonInterestIncome": "None", "otherNonOperatingIncome": "11970000", "depreciation": "None", "depreciationAndAmortization": "188000000", "incomeBeforeTax": "146000000", "incomeTaxExpense": "39000000", "interestAndDebtExpense": "None", "netIncomeFromContinuingOperations": "51394000", "comprehensiveIncomeNetOfTax": "None", "ebit": "167000000", "ebitda": "355000000", "netIncome": "107000000"}, {"fiscalDateEnding": "2017-07-31", "reportedCurrency": "USD", "grossProfit": "1907000000", "totalRevenue": "2561589000", "costOfRevenue": "670000000", "costofGoodsAndServicesSold": "670000000", "operatingIncome": "84000000", "sellingGeneralAndAdministrative": "283000000", "researchAndDevelopment": "387000000", "operatingExpenses": "1823000000", "investmentIncomeNet": "None", "netInterestIncome": "None", "interestIncome": "None", "interestExpense": "22000000", "nonInterestIncome": "None", "otherNonOperatingIncome": "1289000", "depreciation": "None", "depreciationAndAmortization": "192000000", "incomeBeforeTax": "63000000", "incomeTaxExpense": "17000000", "interestAndDebtExpense": "None", "netIncomeFromContinuingOperations": "17736000", "comprehensiveIncomeNetOfTax": "None", "ebit": "85000000", "ebitda": "277000000", "netIncome": "46000000"}, {"fiscalDateEnding": "2017-04-30", "reportedCurrency": "USD", "grossProfit": "1746000000", "totalRevenue": "2387579000", "costOfRevenue": "651000000", "costofGoodsAndServicesSold": "651000000", "operatingIncome": "4000000", "sellingGeneralAndAdministrative": "260000000", "researchAndDevelopment": "376000000", "operatingExpenses": "1742000000", "investmentIncomeNet": "None", "netInterestIncome": "None", "interestIncome": "None", "interestExpense": "22000000", "nonInterestIncome": "None", "otherNonOperatingIncome": "8115000", "depreciation": "None", "depreciationAndAmortization": "185000000", "incomeBeforeTax": "-10000000", "incomeTaxExpense": "-11000000", "interestAndDebtExpense": "None", "netIncomeFromContinuingOperations": "-9207000", "comprehensiveIncomeNetOfTax": "None", "ebit": "12000000", "ebitda": "197000000", "netIncome": "1000000"}, {"fiscalDateEnding": "2017-01-31", "reportedCurrency": "USD", "grossProfit": "1668031000", "totalRevenue": "2293988000", "costOfRevenue": "625957000", "costofGoodsAndServicesSold": "625957000", "operatingIncome": "-23345000", "sellingGeneralAndAdministrative": "257941000", "researchAndDevelopment": "344192000", "operatingExpenses": "1691376000", "investmentIncomeNet": "None", "netInterestIncome": "None", "interestIncome": "None", "interestExpense": "24323000", "nonInterestIncome": "None", "otherNonOperatingIncome": "24199000", "depreciation": "None", "depreciationAndAmortization": "180766000", "incomeBeforeTax": "-23469000", "incomeTaxExpense": "27971000", "interestAndDebtExpense": "None", "netIncomeFromContinuingOperations": "-51440000", "comprehensiveIncomeNetOfTax": "None", "ebit": "854000", "ebitda": "181620000", "netIncome": "-51440000"}, {"fiscalDateEnding": "2016-10-31", "reportedCurrency": "USD", "grossProfit": "1559253000", "totalRevenue": "2144775000", "costOfRevenue": "585522000", "costofGoodsAndServicesSold": "585522000", "operatingIncome": "3036000", "sellingGeneralAndAdministrative": "246765000", "researchAndDevelopment": "311459000", "operatingExpenses": "1556217000", "investmentIncomeNet": "None", "netInterestIncome": "None", "interestIncome": "None", "interestExpense": "21946000", "nonInterestIncome": "None", "otherNonOperatingIncome": "6324000", "depreciation": "None", "depreciationAndAmortization": "169346000", "incomeBeforeTax": "-12586000", "incomeTaxExpense": "24723000", "interestAndDebtExpense": "None", "netIncomeFromContinuingOperations": "-37309000", "comprehensiveIncomeNetOfTax": "None", "ebit": "9360000", "ebitda": "178706000", "netIncome": "-37309000"}, {"fiscalDateEnding": "2016-07-31", "reportedCurrency": "USD", "grossProfit": "1511039000", "totalRevenue": "2036618000", "costOfRevenue": "525579000", "costofGoodsAndServicesSold": "525579000", "operatingIncome": "32551000", "sellingGeneralAndAdministrative": "252051000", "researchAndDevelopment": "291506000", "operatingExpenses": "1478488000", "investmentIncomeNet": "None", "netInterestIncome": "None", "interestIncome": "None", "interestExpense": "20708000", "nonInterestIncome": "None", "otherNonOperatingIncome": "12440000", "depreciation": "None", "depreciationAndAmortization": "149361000", "incomeBeforeTax": "24283000", "incomeTaxExpense": "-205339000", "interestAndDebtExpense": "None", "netIncomeFromContinuingOperations": "229622000", "comprehensiveIncomeNetOfTax": "None", "ebit": "44991000", "ebitda": "194352000", "netIncome": "229622000"}, {"fiscalDateEnding": "2016-04-30", "reportedCurrency": "USD", "grossProfit": "1419622000", "totalRevenue": "1916603000", "costOfRevenue": "496981000", "costofGoodsAndServicesSold": "496981000", "operatingIncome": "51986000", "sellingGeneralAndAdministrative": "210806000", "researchAndDevelopment": "260970000", "operatingExpenses": "1367636000", "investmentIncomeNet": "None", "netInterestIncome": "None", "interestIncome": "None", "interestExpense": "22011000", "nonInterestIncome": "None", "otherNonOperatingIncome": "7180000", "depreciation": "None", "depreciationAndAmortization": "132772000", "incomeBeforeTax": "37155000", "incomeTaxExpense": "-1604000", "interestAndDebtExpense": "None", "netIncomeFromContinuingOperations": "38759000", "comprehensiveIncomeNetOfTax": "None", "ebit": "59166000", "ebitda": "191938000", "netIncome": "38759000"}, {"fiscalDateEnding": "2016-01-31", "reportedCurrency": "USD", "grossProfit": "1365719000", "totalRevenue": "1809398000", "costOfRevenue": "443679000", "costofGoodsAndServicesSold": "443679000", "operatingIncome": "20560000", "sellingGeneralAndAdministrative": "203924000", "researchAndDevelopment": "250860000", "operatingExpenses": "1345159000", "investmentIncomeNet": "None", "netInterestIncome": "None", "interestIncome": "None", "interestExpense": "19465000", "nonInterestIncome": "None", "otherNonOperatingIncome": "-5238000", "depreciation": "None", "depreciationAndAmortization": "131912000", "incomeBeforeTax": "-4143000", "incomeTaxExpense": "21366000", "interestAndDebtExpense": "None", "netIncomeFromContinuingOperations": "-25509000", "comprehensiveIncomeNetOfTax": "None", "ebit": "15322000", "ebitda": "147234000", "netIncome": "-25509000"}, {"fiscalDateEnding": "2015-10-31", "reportedCurrency": "USD", "grossProfit": "1288284000", "totalRevenue": "1711967000", "costOfRevenue": "423683000", "costofGoodsAndServicesSold": "423683000", "operatingIncome": "43434000", "sellingGeneralAndAdministrative": "186818000", "researchAndDevelopment": "239212000", "operatingExpenses": "1244850000", "investmentIncomeNet": "None", "netInterestIncome": "None", "interestIncome": "None", "interestExpense": "18249000", "nonInterestIncome": "None", "otherNonOperatingIncome": "18206000", "depreciation": "None", "depreciationAndAmortization": "134236000", "incomeBeforeTax": "43391000", "incomeTaxExpense": "68548000", "interestAndDebtExpense": "None", "netIncomeFromContinuingOperations": "-25157000", "comprehensiveIncomeNetOfTax": "None", "ebit": "61640000", "ebitda": "195876000", "netIncome": "-25157000"}, {"fiscalDateEnding": "2015-07-31", "reportedCurrency": "USD", "grossProfit": "1229300000", "totalRevenue": "1634684000", "costOfRevenue": "405384000", "costofGoodsAndServicesSold": "405384000", "operatingIncome": "19824000", "sellingGeneralAndAdministrative": "181685000", "researchAndDevelopment": "234100000", "operatingExpenses": "1209476000", "investmentIncomeNet": "None", "netInterestIncome": "None", "interestIncome": "None", "interestExpense": "18096000", "nonInterestIncome": "None", "otherNonOperatingIncome": "5230000", "depreciation": "None", "depreciationAndAmortization": "131675000", "incomeBeforeTax": "6958000", "incomeTaxExpense": "7810000", "interestAndDebtExpense": "None", "netIncomeFromContinuingOperations": "-852000", "comprehensiveIncomeNetOfTax": "None", "ebit": "25054000", "ebitda": "156729000", "netIncome": "-852000"}, {"fiscalDateEnding": "2015-04-30", "reportedCurrency": "USD", "grossProfit": "1129365000", "totalRevenue": "1511167000", "costOfRevenue": "381802000", "costofGoodsAndServicesSold": "381802000", "operatingIncome": "31105000", "sellingGeneralAndAdministrative": "139194000", "researchAndDevelopment": "222128000", "operatingExpenses": "1098260000", "investmentIncomeNet": "None", "netInterestIncome": "None", "interestIncome": "None", "interestExpense": "16675000", "nonInterestIncome": "None", "otherNonOperatingIncome": "3643000", "depreciation": "None", "depreciationAndAmortization": "127927000", "incomeBeforeTax": "18073000", "incomeTaxExpense": "13981000", "interestAndDebtExpense": "None", "netIncomeFromContinuingOperations": "4092000", "comprehensiveIncomeNetOfTax": "None", "ebit": "34748000", "ebitda": "162675000", "netIncome": "4092000"}, {"fiscalDateEnding": "2015-01-31", "reportedCurrency": "USD", "grossProfit": "1088685000", "totalRevenue": "1444608000", "costOfRevenue": "355923000", "costofGoodsAndServicesSold": "355923000", "operatingIncome": "-34816000", "sellingGeneralAndAdministrative": "181371000", "researchAndDevelopment": "205990000", "operatingExpenses": "1123501000", "investmentIncomeNet": "None", "netInterestIncome": "None", "interestIncome": "None", "interestExpense": "16882000", "nonInterestIncome": "None", "otherNonOperatingIncome": "-1800000", "depreciation": "None", "depreciationAndAmortization": "117938000", "incomeBeforeTax": "-53498000", "incomeTaxExpense": "12267000", "interestAndDebtExpense": "None", "netIncomeFromContinuingOperations": "-65765000", "comprehensiveIncomeNetOfTax": "None", "ebit": "-36616000", "ebitda": "81322000", "netIncome": "-65765000"}, {"fiscalDateEnding": "2014-10-31", "reportedCurrency": "USD", "grossProfit": "1050444000", "totalRevenue": "1383655000", "costOfRevenue": "333211000", "costofGoodsAndServicesSold": "333211000", "operatingIncome": "-22042000", "sellingGeneralAndAdministrative": "167383000", "researchAndDevelopment": "195460000", "operatingExpenses": "1072486000", "investmentIncomeNet": "None", "netInterestIncome": "None", "interestIncome": "None", "interestExpense": "17682000", "nonInterestIncome": "None", "otherNonOperatingIncome": "17875000", "depreciation": "None", "depreciationAndAmortization": "111954000", "incomeBeforeTax": "-21849000", "incomeTaxExpense": "17075000", "interestAndDebtExpense": "None", "netIncomeFromContinuingOperations": "-38924000", "comprehensiveIncomeNetOfTax": "None", "ebit": "-4167000", "ebitda": "107787000", "netIncome": "-38924000"}, {"fiscalDateEnding": "2014-07-31", "reportedCurrency": "USD", "grossProfit": "1010720000", "totalRevenue": "1318551000", "costOfRevenue": "307831000", "costofGoodsAndServicesSold": "307831000", "operatingIncome": "-33434000", "sellingGeneralAndAdministrative": "169087000", "researchAndDevelopment": "203109000", "operatingExpenses": "1044154000", "investmentIncomeNet": "None", "netInterestIncome": "None", "interestIncome": "None", "interestExpense": "18314000", "nonInterestIncome": "None", "otherNonOperatingIncome": "-1221000", "depreciation": "None", "depreciationAndAmortization": "107596000", "incomeBeforeTax": "-52969000", "incomeTaxExpense": "8119000", "interestAndDebtExpense": "None", "netIncomeFromContinuingOperations": "-61088000", "comprehensiveIncomeNetOfTax": "None", "ebit": "-34655000", "ebitda": "72941000", "netIncome": "-61088000"}, {"fiscalDateEnding": "2014-04-30", "reportedCurrency": "USD", "grossProfit": "934467000", "totalRevenue": "1226772000", "costOfRevenue": "292305000", "costofGoodsAndServicesSold": "292305000", "operatingIncome": "-55341000", "sellingGeneralAndAdministrative": "162095000", "researchAndDevelopment": "188358000", "operatingExpenses": "989808000", "investmentIncomeNet": "None", "netInterestIncome": "None", "interestIncome": "None", "interestExpense": "20359000", "nonInterestIncome": "None", "otherNonOperatingIncome": "-9069000", "depreciation": "None", "depreciationAndAmortization": "110808000", "incomeBeforeTax": "-84769000", "incomeTaxExpense": "12142000", "interestAndDebtExpense": "None", "netIncomeFromContinuingOperations": "-96911000", "comprehensiveIncomeNetOfTax": "None", "ebit": "-64410000", "ebitda": "46398000", "netIncome": "-96911000"}, {"fiscalDateEnding": "2014-01-31", "reportedCurrency": "USD", "grossProfit": "871712000", "totalRevenue": "1145242000", "costOfRevenue": "273530000", "costofGoodsAndServicesSold": "273530000", "operatingIncome": "-103746000", "sellingGeneralAndAdministrative": "162576000", "researchAndDevelopment": "173090000", "operatingExpenses": "975458000", "investmentIncomeNet": "None", "netInterestIncome": "None", "interestIncome": "None", "interestExpense": "22743000", "nonInterestIncome": "None", "otherNonOperatingIncome": "3342000", "depreciation": "None", "depreciationAndAmortization": "114813000", "incomeBeforeTax": "-123147000", "incomeTaxExpense": "-6524000", "interestAndDebtExpense": "None", "netIncomeFromContinuingOperations": "-116623000", "comprehensiveIncomeNetOfTax": "None", "ebit": "-100404000", "ebitda": "14409000", "netIncome": "-116623000"}, {"fiscalDateEnding": "2013-10-31", "reportedCurrency": "USD", "grossProfit": "807847000", "totalRevenue": "1076034000", "costOfRevenue": "268187000", "costofGoodsAndServicesSold": "268187000", "operatingIncome": "-97931000", "sellingGeneralAndAdministrative": "153859000", "researchAndDevelopment": "170690000", "operatingExpenses": "905778000", "investmentIncomeNet": "None", "netInterestIncome": "None", "interestIncome": "None", "interestExpense": "22929000", "nonInterestIncome": "None", "otherNonOperatingIncome": "-3181000", "depreciation": "None", "depreciationAndAmortization": "114347000", "incomeBeforeTax": "-124041000", "incomeTaxExpense": "393000", "interestAndDebtExpense": "None", "netIncomeFromContinuingOperations": "-124434000", "comprehensiveIncomeNetOfTax": "None", "ebit": "-101112000", "ebitda": "13235000", "netIncome": "-124434000"}, {"fiscalDateEnding": "2013-07-31", "reportedCurrency": "USD", "grossProfit": "739377000", "totalRevenue": "957094000", "costOfRevenue": "217717000", "costofGoodsAndServicesSold": "217717000", "operatingIncome": "-39857000", "sellingGeneralAndAdministrative": "150534000", "researchAndDevelopment": "148079000", "operatingExpenses": "779234000", "investmentIncomeNet": "None", "netInterestIncome": "None", "interestIncome": "None", "interestExpense": "19656000", "nonInterestIncome": "None", "otherNonOperatingIncome": "2709000", "depreciation": "None", "depreciationAndAmortization": "77966000", "incomeBeforeTax": "-56804000", "incomeTaxExpense": "-133407000", "interestAndDebtExpense": "None", "netIncomeFromContinuingOperations": "76603000", "comprehensiveIncomeNetOfTax": "None", "ebit": "-37148000", "ebitda": "40818000", "netIncome": "76603000"}, {"fiscalDateEnding": "2013-04-30", "reportedCurrency": "USD", "grossProfit": "683639000", "totalRevenue": "892633000", "costOfRevenue": "208994000", "costofGoodsAndServicesSold": "208994000", "operatingIncome": "-44540000", "sellingGeneralAndAdministrative": "129750000", "researchAndDevelopment": "131939000", "operatingExpenses": "728179000", "investmentIncomeNet": "None", "netInterestIncome": "None", "interestIncome": "None", "interestExpense": "11883000", "nonInterestIncome": "None", "otherNonOperatingIncome": "2480000", "depreciation": "None", "depreciationAndAmortization": "62297000", "incomeBeforeTax": "-53943000", "incomeTaxExpense": "13778000", "interestAndDebtExpense": "None", "netIncomeFromContinuingOperations": "-67721000", "comprehensiveIncomeNetOfTax": "None", "ebit": "-42060000", "ebitda": "20237000", "netIncome": "-67721000"}, {"fiscalDateEnding": "2013-01-31", "reportedCurrency": "USD", "grossProfit": "651319000", "totalRevenue": "834681000", "costOfRevenue": "183362000", "costofGoodsAndServicesSold": "183362000", "operatingIncome": "-20807000", "sellingGeneralAndAdministrative": "115369000", "researchAndDevelopment": "121187000", "operatingExpenses": "672126000", "investmentIncomeNet": "None", "netInterestIncome": "None", "interestIncome": "None", "interestExpense": "8355000", "nonInterestIncome": "None", "otherNonOperatingIncome": "3119000", "depreciation": "None", "depreciationAndAmortization": "57395000", "incomeBeforeTax": "-26043000", "incomeTaxExpense": "-5199000", "interestAndDebtExpense": "None", "netIncomeFromContinuingOperations": "-20844000", "comprehensiveIncomeNetOfTax": "None", "ebit": "-17688000", "ebitda": "39707000", "netIncome": "-20844000"}, {"fiscalDateEnding": "2012-10-31", "reportedCurrency": "USD", "grossProfit": "602150000", "totalRevenue": "788398000", "costOfRevenue": "186248000", "costofGoodsAndServicesSold": "186248000", "operatingIncome": "-54188000", "sellingGeneralAndAdministrative": "113757000", "researchAndDevelopment": "114074000", "operatingExpenses": "656338000", "investmentIncomeNet": "None", "netInterestIncome": "None", "interestIncome": "None", "interestExpense": "8190000", "nonInterestIncome": "None", "otherNonOperatingIncome": "-473000", "depreciation": "None", "depreciationAndAmortization": "59960000", "incomeBeforeTax": "-62851000", "incomeTaxExpense": "157446000", "interestAndDebtExpense": "None", "netIncomeFromContinuingOperations": "-220297000", "comprehensiveIncomeNetOfTax": "None", "ebit": "-54661000", "ebitda": "5299000", "netIncome": "-220297000"}, {"fiscalDateEnding": "2012-07-31", "reportedCurrency": "USD", "grossProfit": "569231000", "totalRevenue": "731649000", "costOfRevenue": "162418000", "costofGoodsAndServicesSold": "162418000", "operatingIncome": "-13466000", "sellingGeneralAndAdministrative": "103095000", "researchAndDevelopment": "99442000", "operatingExpenses": "582697000", "investmentIncomeNet": "None", "netInterestIncome": "None", "interestIncome": "None", "interestExpense": "8033000", "nonInterestIncome": "None", "otherNonOperatingIncome": "7467000", "depreciation": "None", "depreciationAndAmortization": "49999000", "incomeBeforeTax": "-14032000", "incomeTaxExpense": "-4203000", "interestAndDebtExpense": "None", "netIncomeFromContinuingOperations": "-9829000", "comprehensiveIncomeNetOfTax": "None", "ebit": "-5999000", "ebitda": "44000000", "netIncome": "-9829000"}, {"fiscalDateEnding": "2012-04-30", "reportedCurrency": "USD", "grossProfit": "543916000", "totalRevenue": "695467000", "costOfRevenue": "151551000", "costofGoodsAndServicesSold": "151551000", "operatingIncome": "-22249000", "sellingGeneralAndAdministrative": "101600000", "researchAndDevelopment": "94776000", "operatingExpenses": "566165000", "investmentIncomeNet": "None", "netInterestIncome": "None", "interestIncome": "None", "interestExpense": "6370000", "nonInterestIncome": "None", "otherNonOperatingIncome": "3751000", "depreciation": "None", "depreciationAndAmortization": "49441000", "incomeBeforeTax": "-24868000", "incomeTaxExpense": "-5393000", "interestAndDebtExpense": "None", "netIncomeFromContinuingOperations": "-19475000", "comprehensiveIncomeNetOfTax": "None", "ebit": "-18498000", "ebitda": "30943000", "netIncome": "-19475000"}, {"fiscalDateEnding": "2012-01-31", "reportedCurrency": "USD", "grossProfit": "495568000", "totalRevenue": "631913000", "costOfRevenue": "136345000", "costofGoodsAndServicesSold": "136345000", "operatingIncome": "-6377000", "sellingGeneralAndAdministrative": "93765000", "researchAndDevelopment": "80613000", "operatingExpenses": "501945000", "investmentIncomeNet": "None", "netInterestIncome": "None", "interestIncome": "None", "interestExpense": "5669000", "nonInterestIncome": "None", "otherNonOperatingIncome": "4511000", "depreciation": "None", "depreciationAndAmortization": "45901000", "incomeBeforeTax": "-7535000", "incomeTaxExpense": "-3457000", "interestAndDebtExpense": "None", "netIncomeFromContinuingOperations": "-4078000", "comprehensiveIncomeNetOfTax": "None", "ebit": "-1866000", "ebitda": "44035000", "netIncome": "-4078000"}, {"fiscalDateEnding": "2011-10-31", "reportedCurrency": "USD", "grossProfit": "455695000", "totalRevenue": "584260000", "costOfRevenue": "128565000", "costofGoodsAndServicesSold": "128565000", "operatingIncome": "-10157000", "sellingGeneralAndAdministrative": "85232000", "researchAndDevelopment": "76049000", "operatingExpenses": "465852000", "investmentIncomeNet": "None", "netInterestIncome": "None", "interestIncome": "None", "interestExpense": "3859000", "nonInterestIncome": "None", "otherNonOperatingIncome": "5166000", "depreciation": "None", "depreciationAndAmortization": "41553000", "incomeBeforeTax": "-8850000", "incomeTaxExpense": "-5094000", "interestAndDebtExpense": "None", "netIncomeFromContinuingOperations": "-3756000", "comprehensiveIncomeNetOfTax": "None", "ebit": "-4991000", "ebitda": "36562000", "netIncome": "-3756000"}, {"fiscalDateEnding": "2011-07-31", "reportedCurrency": "USD", "grossProfit": "425092000", "totalRevenue": "546002000", "costOfRevenue": "120910000", "costofGoodsAndServicesSold": "120910000", "operatingIncome": "-15748000", "sellingGeneralAndAdministrative": "84446000", "researchAndDevelopment": "73393000", "operatingExpenses": "440840000", "investmentIncomeNet": "None", "netInterestIncome": "None", "interestIncome": "None", "interestExpense": "3846000", "nonInterestIncome": "None", "otherNonOperatingIncome": "1881000", "depreciation": "None", "depreciationAndAmortization": "40239000", "incomeBeforeTax": "-17713000", "incomeTaxExpense": "-13445000", "interestAndDebtExpense": "None", "netIncomeFromContinuingOperations": "-4268000", "comprehensiveIncomeNetOfTax": "None", "ebit": "-13867000", "ebitda": "26372000", "netIncome": "-4268000"}, {"fiscalDateEnding": "2011-04-30", "reportedCurrency": "USD", "grossProfit": "401298000", "totalRevenue": "504364000", "costOfRevenue": "103066000", "costofGoodsAndServicesSold": "103066000", "operatingIncome": "-2803000", "sellingGeneralAndAdministrative": "84338000", "researchAndDevelopment": "65292000", "operatingExpenses": "404101000", "investmentIncomeNet": "None", "netInterestIncome": "None", "interestIncome": "None", "interestExpense": "3671000", "nonInterestIncome": "None", "otherNonOperatingIncome": "7255000", "depreciation": "None", "depreciationAndAmortization": "29593000", "incomeBeforeTax": "781000", "incomeTaxExpense": "251000", "interestAndDebtExpense": "None", "netIncomeFromContinuingOperations": "530000", "comprehensiveIncomeNetOfTax": "None", "ebit": "4452000", "ebitda": "34045000", "netIncome": "530000"}, {"fiscalDateEnding": "2011-01-31", "reportedCurrency": "USD", "grossProfit": "364556000", "totalRevenue": "456867000", "costOfRevenue": "92311000", "costofGoodsAndServicesSold": "92311000", "operatingIncome": "-391000", "sellingGeneralAndAdministrative": "74200000", "researchAndDevelopment": "57530000", "operatingExpenses": "364947000", "investmentIncomeNet": "None", "netInterestIncome": "None", "interestIncome": "None", "interestExpense": "3290000", "nonInterestIncome": "None", "otherNonOperatingIncome": "8060000", "depreciation": "None", "depreciationAndAmortization": "23738000", "incomeBeforeTax": "4379000", "incomeTaxExpense": "-6491000", "interestAndDebtExpense": "None", "netIncomeFromContinuingOperations": "10870000", "comprehensiveIncomeNetOfTax": "None", "ebit": "7712000", "ebitda": "31450000", "netIncome": "10913000"}, {"fiscalDateEnding": "2010-10-31", "reportedCurrency": "USD", "grossProfit": "346956000", "totalRevenue": "429087000", "costOfRevenue": "82131000", "costofGoodsAndServicesSold": "82131000", "operatingIncome": "35156000", "sellingGeneralAndAdministrative": "63951000", "researchAndDevelopment": "47305000", "operatingExpenses": "311800000", "investmentIncomeNet": "None", "netInterestIncome": "None", "interestIncome": "None", "interestExpense": "7374000", "nonInterestIncome": "None", "otherNonOperatingIncome": "10778000", "depreciation": "None", "depreciationAndAmortization": "19710000", "incomeBeforeTax": "38560000", "incomeTaxExpense": "16192000", "interestAndDebtExpense": "None", "netIncomeFromContinuingOperations": "22368000", "comprehensiveIncomeNetOfTax": "None", "ebit": "45934000", "ebitda": "65644000", "netIncome": "21072000"}, {"fiscalDateEnding": "2010-07-31", "reportedCurrency": "USD", "grossProfit": "316582000", "totalRevenue": "394372000", "costOfRevenue": "77790000", "costofGoodsAndServicesSold": "77790000", "operatingIncome": "29682000", "sellingGeneralAndAdministrative": "61569000", "researchAndDevelopment": "42930000", "operatingExpenses": "286900000", "investmentIncomeNet": "None", "netInterestIncome": "None", "interestIncome": "None", "interestExpense": "7185000", "nonInterestIncome": "None", "otherNonOperatingIncome": "6970000", "depreciation": "None", "depreciationAndAmortization": "17793000", "incomeBeforeTax": "29467000", "incomeTaxExpense": "12884000", "interestAndDebtExpense": "None", "netIncomeFromContinuingOperations": "16583000", "comprehensiveIncomeNetOfTax": "None", "ebit": "36652000", "ebitda": "54445000", "netIncome": "14744000"}, {"fiscalDateEnding": "2010-04-30", "reportedCurrency": "USD", "grossProfit": "305232000", "totalRevenue": "376813000", "costOfRevenue": "71581000", "costofGoodsAndServicesSold": "71581000", "operatingIncome": "33050000", "sellingGeneralAndAdministrative": "56193000", "researchAndDevelopment": "40122000", "operatingExpenses": "272182000", "investmentIncomeNet": "None", "netInterestIncome": "None", "interestIncome": "None", "interestExpense": "7060000", "nonInterestIncome": "None", "otherNonOperatingIncome": "5902000", "depreciation": "None", "depreciationAndAmortization": "14505000", "incomeBeforeTax": "31892000", "incomeTaxExpense": "12016000", "interestAndDebtExpense": "None", "netIncomeFromContinuingOperations": "19876000", "comprehensiveIncomeNetOfTax": "None", "ebit": "38952000", "ebitda": "53457000", "netIncome": "17745000"}, {"fiscalDateEnding": "2010-01-31", "reportedCurrency": "USD", "grossProfit": "285990000", "totalRevenue": "354049000", "costOfRevenue": "68059000", "costofGoodsAndServicesSold": "68059000", "operatingIncome": "25519000", "sellingGeneralAndAdministrative": "55472000", "researchAndDevelopment": "36447000", "operatingExpenses": "260471000", "investmentIncomeNet": "None", "netInterestIncome": "None", "interestIncome": "None", "interestExpense": "1058000", "nonInterestIncome": "None", "otherNonOperatingIncome": "None", "depreciation": "None", "depreciationAndAmortization": "15287000", "incomeBeforeTax": "34678000", "incomeTaxExpense": "12263000", "interestAndDebtExpense": "None", "netIncomeFromContinuingOperations": "0", "comprehensiveIncomeNetOfTax": "None", "ebit": "54628000", "ebitda": "69915000", "netIncome": "20394000"}, {"fiscalDateEnding": "2009-10-31", "reportedCurrency": "USD", "grossProfit": "264979000", "totalRevenue": "330549000", "costOfRevenue": "65570000", "costofGoodsAndServicesSold": "65570000", "operatingIncome": "30141000", "sellingGeneralAndAdministrative": "49909000", "researchAndDevelopment": "32763000", "operatingExpenses": "234838000", "investmentIncomeNet": "None", "netInterestIncome": "None", "interestIncome": "None", "interestExpense": "292000", "nonInterestIncome": "None", "otherNonOperatingIncome": "-336000", "depreciation": "None", "depreciationAndAmortization": "13601000", "incomeBeforeTax": "37016000", "incomeTaxExpense": "15573000", "interestAndDebtExpense": "None", "netIncomeFromContinuingOperations": "21443000", "comprehensiveIncomeNetOfTax": "None", "ebit": "37308000", "ebitda": "50909000", "netIncome": "20691000"}, {"fiscalDateEnding": "2009-07-31", "reportedCurrency": "USD", "grossProfit": "253565000", "totalRevenue": "316061000", "costOfRevenue": "62496000", "costofGoodsAndServicesSold": "62496000", "operatingIncome": "29489000", "sellingGeneralAndAdministrative": "46759000", "researchAndDevelopment": "31103000", "operatingExpenses": "224076000", "investmentIncomeNet": "None", "netInterestIncome": "None", "interestIncome": "None", "interestExpense": "293000", "nonInterestIncome": "None", "otherNonOperatingIncome": "-1072000", "depreciation": "None", "depreciationAndAmortization": "12144000", "incomeBeforeTax": "35871000", "incomeTaxExpense": "14030000", "interestAndDebtExpense": "None", "netIncomeFromContinuingOperations": "21841000", "comprehensiveIncomeNetOfTax": "None", "ebit": "36164000", "ebitda": "48308000", "netIncome": "21198000"}, {"fiscalDateEnding": "2009-04-30", "reportedCurrency": "USD", "grossProfit": "243124000", "totalRevenue": "304924000", "costOfRevenue": "61800000", "costofGoodsAndServicesSold": "61800000", "operatingIncome": "30123000", "sellingGeneralAndAdministrative": "43150000", "researchAndDevelopment": "31584000", "operatingExpenses": "213001000", "investmentIncomeNet": "None", "netInterestIncome": "None", "interestIncome": "None", "interestExpense": "208000", "nonInterestIncome": "None", "otherNonOperatingIncome": "None", "depreciation": "None", "depreciationAndAmortization": "12145000", "incomeBeforeTax": "34816000", "incomeTaxExpense": "15823000", "interestAndDebtExpense": "None", "netIncomeFromContinuingOperations": "0", "comprehensiveIncomeNetOfTax": "None", "ebit": "35024000", "ebitda": "47169000", "netIncome": "18436000"}, {"fiscalDateEnding": "2009-01-31", "reportedCurrency": "USD", "grossProfit": "230849000", "totalRevenue": "289583000", "costOfRevenue": "58734000", "costofGoodsAndServicesSold": "58734000", "operatingIncome": "16090000", "sellingGeneralAndAdministrative": "40816000", "researchAndDevelopment": "29460000", "operatingExpenses": "214759000", "investmentIncomeNet": "None", "netInterestIncome": "None", "interestIncome": "None", "interestExpense": "5400000", "nonInterestIncome": "None", "otherNonOperatingIncome": "None", "depreciation": "None", "depreciationAndAmortization": "26351000", "incomeBeforeTax": "21739000", "incomeTaxExpense": "7864000", "interestAndDebtExpense": "None", "netIncomeFromContinuingOperations": "0", "comprehensiveIncomeNetOfTax": "None", "ebit": "40509000", "ebitda": "66860000", "netIncome": "13753000"}, {"fiscalDateEnding": "2008-10-31", "reportedCurrency": "USD", "grossProfit": "220139000", "totalRevenue": "276487000", "costOfRevenue": "56348000", "costofGoodsAndServicesSold": "56348000", "operatingIncome": "16133000", "sellingGeneralAndAdministrative": "41284000", "researchAndDevelopment": "26270000", "operatingExpenses": "204006000", "investmentIncomeNet": "None", "netInterestIncome": "None", "interestIncome": "None", "interestExpense": "3800000", "nonInterestIncome": "None", "otherNonOperatingIncome": "None", "depreciation": "None", "depreciationAndAmortization": "22694000", "incomeBeforeTax": "20507000", "incomeTaxExpense": "8824000", "interestAndDebtExpense": "None", "netIncomeFromContinuingOperations": "0", "comprehensiveIncomeNetOfTax": "None", "ebit": "-6561000", "ebitda": "16133000", "netIncome": "10124000"}, {"fiscalDateEnding": "2008-07-31", "reportedCurrency": "USD", "grossProfit": "208986000", "totalRevenue": "263077000", "costOfRevenue": "54091000", "costofGoodsAndServicesSold": "54091000", "operatingIncome": "16098000", "sellingGeneralAndAdministrative": "38081000", "researchAndDevelopment": "24033000", "operatingExpenses": "192888000", "investmentIncomeNet": "None", "netInterestIncome": "None", "interestIncome": "None", "interestExpense": "6700000", "nonInterestIncome": "None", "otherNonOperatingIncome": "None", "depreciation": "None", "depreciationAndAmortization": "37500000", "incomeBeforeTax": "21966000", "incomeTaxExpense": "10558000", "interestAndDebtExpense": "None", "netIncomeFromContinuingOperations": "0", "comprehensiveIncomeNetOfTax": "None", "ebit": "-21402000", "ebitda": "16098000", "netIncome": "9996000"}, {"fiscalDateEnding": "2008-04-30", "reportedCurrency": "USD", "grossProfit": "196324000", "totalRevenue": "247622000", "costOfRevenue": "51298000", "costofGoodsAndServicesSold": "51298000", "operatingIncome": "15421000", "sellingGeneralAndAdministrative": "38432000", "researchAndDevelopment": "19767000", "operatingExpenses": "180903000", "investmentIncomeNet": "None", "netInterestIncome": "None", "interestIncome": "None", "interestExpense": "330000", "nonInterestIncome": "None", "otherNonOperatingIncome": "None", "depreciation": "None", "depreciationAndAmortization": "8158000", "incomeBeforeTax": "21380000", "incomeTaxExpense": "10311000", "interestAndDebtExpense": "None", "netIncomeFromContinuingOperations": "0", "comprehensiveIncomeNetOfTax": "None", "ebit": "21710000", "ebitda": "29868000", "netIncome": "9555000"}, {"fiscalDateEnding": "2008-01-31", "reportedCurrency": "USD", "grossProfit": "170175000", "totalRevenue": "216906000", "costOfRevenue": "46731000", "costofGoodsAndServicesSold": "46731000", "operatingIncome": "10730000", "sellingGeneralAndAdministrative": "35619000", "researchAndDevelopment": "17703000", "operatingExpenses": "159445000", "investmentIncomeNet": "None", "netInterestIncome": "None", "interestIncome": "None", "interestExpense": "2000", "nonInterestIncome": "None", "otherNonOperatingIncome": "None", "depreciation": "None", "depreciationAndAmortization": "19036000", "incomeBeforeTax": "17450000", "incomeTaxExpense": "8296000", "interestAndDebtExpense": "None", "netIncomeFromContinuingOperations": "0", "comprehensiveIncomeNetOfTax": "None", "ebit": "10730000", "ebitda": "29766000", "netIncome": "7379000"}, {"fiscalDateEnding": "2007-10-31", "reportedCurrency": "USD", "grossProfit": "148522000", "totalRevenue": "192803000", "costOfRevenue": "44281000", "costofGoodsAndServicesSold": "44281000", "operatingIncome": "6118000", "sellingGeneralAndAdministrative": "29296000", "researchAndDevelopment": "16892000", "operatingExpenses": "142404000", "investmentIncomeNet": "None", "netInterestIncome": "None", "interestIncome": "None", "interestExpense": "1000", "nonInterestIncome": "None", "otherNonOperatingIncome": "None", "depreciation": "None", "depreciationAndAmortization": "17802000", "incomeBeforeTax": "14231000", "incomeTaxExpense": "6594000", "interestAndDebtExpense": "None", "netIncomeFromContinuingOperations": "0", "comprehensiveIncomeNetOfTax": "None", "ebit": "-11684000", "ebitda": "6118000", "netIncome": "6512000"}, {"fiscalDateEnding": "2007-07-31", "reportedCurrency": "USD", "grossProfit": "135167000", "totalRevenue": "176579000", "costOfRevenue": "41412000", "costofGoodsAndServicesSold": "41412000", "operatingIncome": "3347000", "sellingGeneralAndAdministrative": "26508000", "researchAndDevelopment": "15096000", "operatingExpenses": "131820000", "investmentIncomeNet": "None", "netInterestIncome": "None", "interestIncome": "None", "interestExpense": "2000", "nonInterestIncome": "None", "otherNonOperatingIncome": "None", "depreciation": "None", "depreciationAndAmortization": "15689000", "incomeBeforeTax": "9242000", "incomeTaxExpense": "4653000", "interestAndDebtExpense": "None", "netIncomeFromContinuingOperations": "0", "comprehensiveIncomeNetOfTax": "None", "ebit": "-12342000", "ebitda": "3347000", "netIncome": "3735000"}, {"fiscalDateEnding": "2007-04-30", "reportedCurrency": "USD", "grossProfit": "123245000", "totalRevenue": "162412000", "costOfRevenue": "39167000", "costofGoodsAndServicesSold": "39167000", "operatingIncome": "114000", "sellingGeneralAndAdministrative": "25085000", "researchAndDevelopment": "14121000", "operatingExpenses": "123131000", "investmentIncomeNet": "None", "netInterestIncome": "None", "interestIncome": "None", "interestExpense": "41000", "nonInterestIncome": "None", "otherNonOperatingIncome": "None", "depreciation": "None", "depreciationAndAmortization": "13887000", "incomeBeforeTax": "5290000", "incomeTaxExpense": "3842000", "interestAndDebtExpense": "None", "netIncomeFromContinuingOperations": "0", "comprehensiveIncomeNetOfTax": "None", "ebit": "-13773000", "ebitda": "114000", "netIncome": "730000"}, {"fiscalDateEnding": "2007-01-31", "reportedCurrency": "USD", "grossProfit": "110383000", "totalRevenue": "144222000", "costOfRevenue": "33839000", "costofGoodsAndServicesSold": "33839000", "operatingIncome": "-2076000", "sellingGeneralAndAdministrative": "11725000", "researchAndDevelopment": "13331000", "operatingExpenses": "112459000", "investmentIncomeNet": "None", "netInterestIncome": "None", "interestIncome": "None", "interestExpense": "112000", "nonInterestIncome": "None", "otherNonOperatingIncome": "None", "depreciation": "None", "depreciationAndAmortization": "10513000", "incomeBeforeTax": "3890000", "incomeTaxExpense": "2659000", "interestAndDebtExpense": "None", "netIncomeFromContinuingOperations": "0", "comprehensiveIncomeNetOfTax": "None", "ebit": "-2076000", "ebitda": "8437000", "netIncome": "516000"}, {"fiscalDateEnding": "2006-10-31", "reportedCurrency": "USD", "grossProfit": "98693000", "totalRevenue": "130053000", "costOfRevenue": "31360000", "costofGoodsAndServicesSold": "31360000", "operatingIncome": "-123000", "sellingGeneralAndAdministrative": "20840000", "researchAndDevelopment": "11450000", "operatingExpenses": "98816000", "investmentIncomeNet": "None", "netInterestIncome": "None", "interestIncome": "None", "interestExpense": "19000", "nonInterestIncome": "None", "otherNonOperatingIncome": "None", "depreciation": "None", "depreciationAndAmortization": "9166000", "incomeBeforeTax": "4318000", "incomeTaxExpense": "3418000", "interestAndDebtExpense": "None", "netIncomeFromContinuingOperations": "0", "comprehensiveIncomeNetOfTax": "None", "ebit": "-123000", "ebitda": "9043000", "netIncome": "339000"}, {"fiscalDateEnding": "2006-07-31", "reportedCurrency": "USD", "grossProfit": "89006000", "totalRevenue": "118137000", "costOfRevenue": "29131000", "costofGoodsAndServicesSold": "29131000", "operatingIncome": "-1279000", "sellingGeneralAndAdministrative": "19466000", "researchAndDevelopment": "11008000", "operatingExpenses": "90285000", "investmentIncomeNet": "None", "netInterestIncome": "None", "interestIncome": "None", "interestExpense": "151000", "nonInterestIncome": "None", "otherNonOperatingIncome": "None", "depreciation": "None", "depreciationAndAmortization": "8754000", "incomeBeforeTax": "2028000", "incomeTaxExpense": "1713000", "interestAndDebtExpense": "None", "netIncomeFromContinuingOperations": "0", "comprehensiveIncomeNetOfTax": "None", "ebit": "-1279000", "ebitda": "7475000", "netIncome": "-145000"}, {"fiscalDateEnding": "2006-04-30", "reportedCurrency": "USD", "grossProfit": "80126000", "totalRevenue": "104686000", "costOfRevenue": "24560000", "costofGoodsAndServicesSold": "24560000", "operatingIncome": "-120000", "sellingGeneralAndAdministrative": "19405000", "researchAndDevelopment": "8825000", "operatingExpenses": "80246000", "investmentIncomeNet": "None", "netInterestIncome": "None", "interestIncome": "None", "interestExpense": "11000", "nonInterestIncome": "None", "otherNonOperatingIncome": "None", "depreciation": "None", "depreciationAndAmortization": "7452000", "incomeBeforeTax": "2260000", "incomeTaxExpense": "2005000", "interestAndDebtExpense": "None", "netIncomeFromContinuingOperations": "0", "comprehensiveIncomeNetOfTax": "None", "ebit": "-120000", "ebitda": "7332000", "netIncome": "-229000"}, {"fiscalDateEnding": "2006-01-31", "reportedCurrency": "USD", "grossProfit": "69724000", "totalRevenue": "91064000", "costOfRevenue": "21340000", "costofGoodsAndServicesSold": "21340000", "operatingIncome": "5252000", "sellingGeneralAndAdministrative": "15013000", "researchAndDevelopment": "6956000", "operatingExpenses": "64472000", "investmentIncomeNet": "None", "netInterestIncome": "None", "interestIncome": "None", "interestExpense": "13000", "nonInterestIncome": "None", "otherNonOperatingIncome": "None", "depreciation": "None", "depreciationAndAmortization": "6197000", "incomeBeforeTax": "7554000", "incomeTaxExpense": "1330000", "interestAndDebtExpense": "None", "netIncomeFromContinuingOperations": "0", "comprehensiveIncomeNetOfTax": "None", "ebit": "5252000", "ebitda": "11449000", "netIncome": "5957000"}, {"fiscalDateEnding": "2005-10-31", "reportedCurrency": "USD", "grossProfit": "63089000", "totalRevenue": "82673000", "costOfRevenue": "19584000", "costofGoodsAndServicesSold": "19584000", "operatingIncome": "6387000", "sellingGeneralAndAdministrative": "12195000", "researchAndDevelopment": "6602000", "operatingExpenses": "56702000", "investmentIncomeNet": "None", "netInterestIncome": "None", "interestIncome": "None", "interestExpense": "12000", "nonInterestIncome": "None", "otherNonOperatingIncome": "None", "depreciation": "None", "depreciationAndAmortization": "5119000", "incomeBeforeTax": "8337000", "incomeTaxExpense": "-5101000", "interestAndDebtExpense": "None", "netIncomeFromContinuingOperations": "0", "comprehensiveIncomeNetOfTax": "None", "ebit": "1268000", "ebitda": "6387000", "netIncome": "13097000"}, {"fiscalDateEnding": "2005-07-31", "reportedCurrency": "USD", "grossProfit": "55706000", "totalRevenue": "71943000", "costOfRevenue": "16237000", "costofGoodsAndServicesSold": "16237000", "operatingIncome": "4193000", "sellingGeneralAndAdministrative": "11355000", "researchAndDevelopment": "5470000", "operatingExpenses": "51513000", "investmentIncomeNet": "None", "netInterestIncome": "None", "interestIncome": "None", "interestExpense": "31000", "nonInterestIncome": "None", "otherNonOperatingIncome": "None", "depreciation": "None", "depreciationAndAmortization": "4794000", "incomeBeforeTax": "6552000", "incomeTaxExpense": "1310000", "interestAndDebtExpense": "None", "netIncomeFromContinuingOperations": "0", "comprehensiveIncomeNetOfTax": "None", "ebit": "-601000", "ebitda": "4193000", "netIncome": "5040000"}, {"fiscalDateEnding": "2005-04-30", "reportedCurrency": "USD", "grossProfit": "52212000", "totalRevenue": "64177000", "costOfRevenue": "11965000", "costofGoodsAndServicesSold": "11965000", "operatingIncome": "4270000", "sellingGeneralAndAdministrative": "9423000", "researchAndDevelopment": "4302000", "operatingExpenses": "47942000", "investmentIncomeNet": "None", "netInterestIncome": "None", "interestIncome": "None", "interestExpense": "13000", "nonInterestIncome": "None", "otherNonOperatingIncome": "None", "depreciation": "None", "depreciationAndAmortization": "4523000", "incomeBeforeTax": "5755000", "incomeTaxExpense": "1151000", "interestAndDebtExpense": "None", "netIncomeFromContinuingOperations": "0", "comprehensiveIncomeNetOfTax": "None", "ebit": "-253000", "ebitda": "4270000", "netIncome": "4380000"}, {"fiscalDateEnding": "2005-01-31", "reportedCurrency": "USD", "grossProfit": "44590000", "totalRevenue": "54594000", "costOfRevenue": "10004000", "costofGoodsAndServicesSold": "10004000", "operatingIncome": "3221000", "sellingGeneralAndAdministrative": "15352000", "researchAndDevelopment": "3159000", "operatingExpenses": "41369000", "investmentIncomeNet": "None", "netInterestIncome": "None", "interestIncome": "None", "interestExpense": "18000", "nonInterestIncome": "None", "otherNonOperatingIncome": "None", "depreciation": "None", "depreciationAndAmortization": "4795000", "incomeBeforeTax": "4539000", "incomeTaxExpense": "603000", "interestAndDebtExpense": "None", "netIncomeFromContinuingOperations": "0", "comprehensiveIncomeNetOfTax": "None", "ebit": "3221000", "ebitda": "8016000", "netIncome": "3586000"}]}