{"symbol": "AMP", "annualReports": [{"fiscalDateEnding": "2024-12-31", "reportedCurrency": "USD", "grossProfit": "17264000000", "totalRevenue": "17264000000", "costOfRevenue": "None", "costofGoodsAndServicesSold": "None", "operatingIncome": "4267000000", "sellingGeneralAndAdministrative": "3903000000", "researchAndDevelopment": "None", "operatingExpenses": "12997000000", "investmentIncomeNet": "None", "netInterestIncome": "-329000000", "interestIncome": "662000000", "interestExpense": "329000000", "nonInterestIncome": "None", "otherNonOperatingIncome": "None", "depreciation": "None", "depreciationAndAmortization": "-159000000", "incomeBeforeTax": "4267000000", "incomeTaxExpense": "866000000", "interestAndDebtExpense": "None", "netIncomeFromContinuingOperations": "3401000000", "comprehensiveIncomeNetOfTax": "None", "ebit": "4267000000", "ebitda": "4108000000", "netIncome": "3401000000"}, {"fiscalDateEnding": "2023-12-31", "reportedCurrency": "USD", "grossProfit": "15535000000", "totalRevenue": "15535000000", "costOfRevenue": "6674000000", "costofGoodsAndServicesSold": "6674000000", "operatingIncome": "3234000000", "sellingGeneralAndAdministrative": "3871000000", "researchAndDevelopment": "0.20", "operatingExpenses": "12301000000", "investmentIncomeNet": "None", "netInterestIncome": "-324000000", "interestIncome": "561000000", "interestExpense": "324000000", "nonInterestIncome": "None", "otherNonOperatingIncome": "None", "depreciation": "None", "depreciationAndAmortization": "-154000000", "incomeBeforeTax": "3234000000", "incomeTaxExpense": "678000000", "interestAndDebtExpense": "None", "netIncomeFromContinuingOperations": "2556000000", "comprehensiveIncomeNetOfTax": "None", "ebit": "3234000000", "ebitda": "3080000000", "netIncome": "2556000000"}, {"fiscalDateEnding": "2022-12-31", "reportedCurrency": "USD", "grossProfit": "14258000000", "totalRevenue": "14258000000", "costOfRevenue": "6855000000", "costofGoodsAndServicesSold": "6855000000", "operatingIncome": "3931000000", "sellingGeneralAndAdministrative": "3723000000", "researchAndDevelopment": "0.27", "operatingExpenses": "10327000000", "investmentIncomeNet": "None", "netInterestIncome": "-198000000", "interestIncome": "198000000", "interestExpense": "198000000", "nonInterestIncome": "None", "otherNonOperatingIncome": "None", "depreciation": "None", "depreciationAndAmortization": "-40000000", "incomeBeforeTax": "3931000000", "incomeTaxExpense": "782000000", "interestAndDebtExpense": "None", "netIncomeFromContinuingOperations": "2559000000", "comprehensiveIncomeNetOfTax": "None", "ebit": "3931000000", "ebitda": "3891000000", "netIncome": "3149000000"}, {"fiscalDateEnding": "2021-12-31", "reportedCurrency": "USD", "grossProfit": "13377000000", "totalRevenue": "13377000000", "costOfRevenue": "5532000000", "costofGoodsAndServicesSold": "5532000000", "operatingIncome": "4185000000", "sellingGeneralAndAdministrative": "3435000000", "researchAndDevelopment": "0.25", "operatingExpenses": "9192000000", "investmentIncomeNet": "None", "netInterestIncome": "-191000000", "interestIncome": "191000000", "interestExpense": "191000000", "nonInterestIncome": "None", "otherNonOperatingIncome": "None", "depreciation": "None", "depreciationAndAmortization": "98000000", "incomeBeforeTax": "4185000000", "incomeTaxExpense": "768000000", "interestAndDebtExpense": "None", "netIncomeFromContinuingOperations": "2760000000", "comprehensiveIncomeNetOfTax": "None", "ebit": "4185000000", "ebitda": "4283000000", "netIncome": "3417000000"}, {"fiscalDateEnding": "2020-12-31", "reportedCurrency": "USD", "grossProfit": "11899000000", "totalRevenue": "11899000000", "costOfRevenue": "6067000000", "costofGoodsAndServicesSold": "6067000000", "operatingIncome": "1831000000", "sellingGeneralAndAdministrative": "3120000000", "researchAndDevelopment": "0.15", "operatingExpenses": "10068000000", "investmentIncomeNet": "None", "netInterestIncome": "-221000000", "interestIncome": "162000000", "interestExpense": "162000000", "nonInterestIncome": "None", "otherNonOperatingIncome": "None", "depreciation": "None", "depreciationAndAmortization": "207000000", "incomeBeforeTax": "1831000000", "incomeTaxExpense": "297000000", "interestAndDebtExpense": "None", "netIncomeFromContinuingOperations": "1534000000", "comprehensiveIncomeNetOfTax": "None", "ebit": "1831000000", "ebitda": "2038000000", "netIncome": "1534000000"}, {"fiscalDateEnding": "2019-12-31", "reportedCurrency": "USD", "grossProfit": "12754000000", "totalRevenue": "12754000000", "costOfRevenue": "6456000000", "costofGoodsAndServicesSold": "6456000000", "operatingIncome": "2232000000", "sellingGeneralAndAdministrative": "3287000000", "researchAndDevelopment": "0.17", "operatingExpenses": "10522000000", "investmentIncomeNet": "None", "netInterestIncome": "-350000000", "interestIncome": "214000000", "interestExpense": "214000000", "nonInterestIncome": "None", "otherNonOperatingIncome": "213000000", "depreciation": "None", "depreciationAndAmortization": "183000000", "incomeBeforeTax": "2232000000", "incomeTaxExpense": "339000000", "interestAndDebtExpense": "None", "netIncomeFromContinuingOperations": "1893000000", "comprehensiveIncomeNetOfTax": "None", "ebit": "2232000000", "ebitda": "2415000000", "netIncome": "1893000000"}, {"fiscalDateEnding": "2018-12-31", "reportedCurrency": "USD", "grossProfit": "12835000000", "totalRevenue": "12835000000", "costOfRevenue": "6493000000", "costofGoodsAndServicesSold": "6493000000", "operatingIncome": "2484000000", "sellingGeneralAndAdministrative": "3171000000", "researchAndDevelopment": "None", "operatingExpenses": "10351000000", "investmentIncomeNet": "None", "netInterestIncome": "-334000000", "interestIncome": "245000000", "interestExpense": "245000000", "nonInterestIncome": "None", "otherNonOperatingIncome": "None", "depreciation": "None", "depreciationAndAmortization": "198000000", "incomeBeforeTax": "2484000000", "incomeTaxExpense": "386000000", "interestAndDebtExpense": "None", "netIncomeFromContinuingOperations": "2098000000", "comprehensiveIncomeNetOfTax": "None", "ebit": "2484000000", "ebitda": "2682000000", "netIncome": "2098000000"}, {"fiscalDateEnding": "2017-12-31", "reportedCurrency": "USD", "grossProfit": "12132000000", "totalRevenue": "12132000000", "costOfRevenue": "6191000000", "costofGoodsAndServicesSold": "6191000000", "operatingIncome": "2214000000", "sellingGeneralAndAdministrative": "3158000000", "researchAndDevelopment": "0", "operatingExpenses": "9918000000", "investmentIncomeNet": "None", "netInterestIncome": "-255000000", "interestIncome": "207000000", "interestExpense": "207000000", "nonInterestIncome": "None", "otherNonOperatingIncome": "None", "depreciation": "None", "depreciationAndAmortization": "234000000", "incomeBeforeTax": "2214000000", "incomeTaxExpense": "734000000", "interestAndDebtExpense": "None", "netIncomeFromContinuingOperations": "1481000000", "comprehensiveIncomeNetOfTax": "None", "ebit": "2214000000", "ebitda": "2448000000", "netIncome": "1480000000"}, {"fiscalDateEnding": "2016-12-31", "reportedCurrency": "USD", "grossProfit": "11800000000", "totalRevenue": "11800000000", "costOfRevenue": "6191000000", "costofGoodsAndServicesSold": "6191000000", "operatingIncome": "1591000000", "sellingGeneralAndAdministrative": "3084000000", "researchAndDevelopment": "0", "operatingExpenses": "10209000000", "investmentIncomeNet": "None", "netInterestIncome": "-280000000", "interestIncome": "241000000", "interestExpense": "241000000", "nonInterestIncome": "None", "otherNonOperatingIncome": "None", "depreciation": "None", "depreciationAndAmortization": "248000000", "incomeBeforeTax": "1591000000", "incomeTaxExpense": "278000000", "interestAndDebtExpense": "None", "netIncomeFromContinuingOperations": "1314000000", "comprehensiveIncomeNetOfTax": "None", "ebit": "1591000000", "ebitda": "1839000000", "netIncome": "1313000000"}, {"fiscalDateEnding": "2015-12-31", "reportedCurrency": "USD", "grossProfit": "12170000000", "totalRevenue": "12170000000", "costOfRevenue": "5891000000", "costofGoodsAndServicesSold": "5891000000", "operatingIncome": "2142000000", "sellingGeneralAndAdministrative": "3082000000", "researchAndDevelopment": "0", "operatingExpenses": "10028000000", "investmentIncomeNet": "None", "netInterestIncome": "None", "interestIncome": "387000000", "interestExpense": "387000000", "nonInterestIncome": "None", "otherNonOperatingIncome": "None", "depreciation": "None", "depreciationAndAmortization": "248000000", "incomeBeforeTax": "2142000000", "incomeTaxExpense": "455000000", "interestAndDebtExpense": "None", "netIncomeFromContinuingOperations": "1687000000", "comprehensiveIncomeNetOfTax": "None", "ebit": "2142000000", "ebitda": "2390000000", "netIncome": "1562000000"}, {"fiscalDateEnding": "2014-12-31", "reportedCurrency": "USD", "grossProfit": "12268000000", "totalRevenue": "12268000000", "costOfRevenue": "5585000000", "costofGoodsAndServicesSold": "5585000000", "operatingIncome": "2547000000", "sellingGeneralAndAdministrative": "3095000000", "researchAndDevelopment": "0", "operatingExpenses": "9721000000", "investmentIncomeNet": "None", "netInterestIncome": "None", "interestIncome": "None", "interestExpense": "328000000", "nonInterestIncome": "None", "otherNonOperatingIncome": "None", "depreciation": "None", "depreciationAndAmortization": "254000000", "incomeBeforeTax": "2547000000", "incomeTaxExpense": "545000000", "interestAndDebtExpense": "None", "netIncomeFromContinuingOperations": "2002000000", "comprehensiveIncomeNetOfTax": "None", "ebit": "2547000000", "ebitda": "2801000000", "netIncome": "1619000000"}, {"fiscalDateEnding": "2013-12-31", "reportedCurrency": "USD", "grossProfit": "11199000000", "totalRevenue": "11199000000", "costOfRevenue": "5086000000", "costofGoodsAndServicesSold": "5086000000", "operatingIncome": "1970000000", "sellingGeneralAndAdministrative": "3056000000", "researchAndDevelopment": "0", "operatingExpenses": "9229000000", "investmentIncomeNet": "None", "netInterestIncome": "None", "interestIncome": "None", "interestExpense": "281000000", "nonInterestIncome": "None", "otherNonOperatingIncome": "None", "depreciation": "None", "depreciationAndAmortization": "239000000", "incomeBeforeTax": "1970000000", "incomeTaxExpense": "492000000", "interestAndDebtExpense": "None", "netIncomeFromContinuingOperations": "1478000000", "comprehensiveIncomeNetOfTax": "None", "ebit": "1970000000", "ebitda": "2209000000", "netIncome": "1334000000"}, {"fiscalDateEnding": "2012-12-31", "reportedCurrency": "USD", "grossProfit": "10217000000", "totalRevenue": "10217000000", "costOfRevenue": "4776000000", "costofGoodsAndServicesSold": "4776000000", "operatingIncome": "1238000000", "sellingGeneralAndAdministrative": "2989000000", "researchAndDevelopment": "0", "operatingExpenses": "8979000000", "investmentIncomeNet": "None", "netInterestIncome": "None", "interestIncome": "None", "interestExpense": "276000000", "nonInterestIncome": "None", "otherNonOperatingIncome": "None", "depreciation": "None", "depreciationAndAmortization": "225000000", "incomeBeforeTax": "1238000000", "incomeTaxExpense": "335000000", "interestAndDebtExpense": "None", "netIncomeFromContinuingOperations": "903000000", "comprehensiveIncomeNetOfTax": "None", "ebit": "1238000000", "ebitda": "1463000000", "netIncome": "1029000000"}, {"fiscalDateEnding": "2011-12-31", "reportedCurrency": "USD", "grossProfit": "10192000000", "totalRevenue": "10192000000", "costOfRevenue": "1604000000", "costofGoodsAndServicesSold": "1604000000", "operatingIncome": "1447000000", "sellingGeneralAndAdministrative": "3010000000", "researchAndDevelopment": "0", "operatingExpenses": "8745000000", "investmentIncomeNet": "None", "netInterestIncome": "None", "interestIncome": "None", "interestExpense": "317000000", "nonInterestIncome": "None", "otherNonOperatingIncome": "None", "depreciation": "None", "depreciationAndAmortization": "110000000", "incomeBeforeTax": "1447000000", "incomeTaxExpense": "377000000", "interestAndDebtExpense": "None", "netIncomeFromContinuingOperations": "1030000000", "comprehensiveIncomeNetOfTax": "None", "ebit": "1447000000", "ebitda": "1557000000", "netIncome": "1116000000"}, {"fiscalDateEnding": "2010-12-31", "reportedCurrency": "USD", "grossProfit": "9582000000", "totalRevenue": "9582000000", "costOfRevenue": "1827000000", "costofGoodsAndServicesSold": "1827000000", "operatingIncome": "1634000000", "sellingGeneralAndAdministrative": "2868000000", "researchAndDevelopment": "0", "operatingExpenses": "7948000000", "investmentIncomeNet": "None", "netInterestIncome": "None", "interestIncome": "None", "interestExpense": "360000000", "nonInterestIncome": "None", "otherNonOperatingIncome": "None", "depreciation": "None", "depreciationAndAmortization": "110000000", "incomeBeforeTax": "1634000000", "incomeTaxExpense": "350000000", "interestAndDebtExpense": "None", "netIncomeFromContinuingOperations": "1260000000", "comprehensiveIncomeNetOfTax": "None", "ebit": "1634000000", "ebitda": "1744000000", "netIncome": "1097000000"}, {"fiscalDateEnding": "2009-12-31", "reportedCurrency": "USD", "grossProfit": "7946000000", "totalRevenue": "7946000000", "costOfRevenue": "141000000", "costofGoodsAndServicesSold": "141000000", "operatingIncome": "920000000", "sellingGeneralAndAdministrative": "2514000000", "researchAndDevelopment": "0", "operatingExpenses": "7026000000", "investmentIncomeNet": "None", "netInterestIncome": "None", "interestIncome": "None", "interestExpense": "127000000", "nonInterestIncome": "None", "otherNonOperatingIncome": "None", "depreciation": "None", "depreciationAndAmortization": "120000000", "incomeBeforeTax": "920000000", "incomeTaxExpense": "183000000", "interestAndDebtExpense": "None", "netIncomeFromContinuingOperations": "737000000", "comprehensiveIncomeNetOfTax": "None", "ebit": "920000000", "ebitda": "1040000000", "netIncome": "722000000"}, {"fiscalDateEnding": "2008-12-31", "reportedCurrency": "USD", "grossProfit": "7097000000", "totalRevenue": "7097000000", "costOfRevenue": "-5230000000", "costofGoodsAndServicesSold": "-5230000000", "operatingIncome": "-423000000", "sellingGeneralAndAdministrative": "2436000000", "researchAndDevelopment": "None", "operatingExpenses": "7520000000", "investmentIncomeNet": "None", "netInterestIncome": "None", "interestIncome": "None", "interestExpense": "109000000", "nonInterestIncome": "None", "otherNonOperatingIncome": "None", "depreciation": "None", "depreciationAndAmortization": "267000000", "incomeBeforeTax": "-423000000", "incomeTaxExpense": "-333000000", "interestAndDebtExpense": "None", "netIncomeFromContinuingOperations": "None", "comprehensiveIncomeNetOfTax": "None", "ebit": "-423000000", "ebitda": "-156000000", "netIncome": "-36000000"}, {"fiscalDateEnding": "2007-12-31", "reportedCurrency": "USD", "grossProfit": "8805000000", "totalRevenue": "8805000000", "costOfRevenue": "4987000000", "costofGoodsAndServicesSold": "4987000000", "operatingIncome": "1016000000", "sellingGeneralAndAdministrative": "2558000000", "researchAndDevelopment": "None", "operatingExpenses": "7789000000", "investmentIncomeNet": "None", "netInterestIncome": "None", "interestIncome": "None", "interestExpense": "361000000", "nonInterestIncome": "None", "otherNonOperatingIncome": "None", "depreciation": "None", "depreciationAndAmortization": "176000000", "incomeBeforeTax": "1016000000", "incomeTaxExpense": "202000000", "interestAndDebtExpense": "None", "netIncomeFromContinuingOperations": "None", "comprehensiveIncomeNetOfTax": "None", "ebit": "1016000000", "ebitda": "1192000000", "netIncome": "814000000"}, {"fiscalDateEnding": "2006-12-31", "reportedCurrency": "USD", "grossProfit": "8020000000", "totalRevenue": "8020000000", "costOfRevenue": "467000000", "costofGoodsAndServicesSold": "467000000", "operatingIncome": "797000000", "sellingGeneralAndAdministrative": "3113000000", "researchAndDevelopment": "None", "operatingExpenses": "7223000000", "investmentIncomeNet": "None", "netInterestIncome": "None", "interestIncome": "None", "interestExpense": "116000000", "nonInterestIncome": "None", "otherNonOperatingIncome": "None", "depreciation": "None", "depreciationAndAmortization": "148000000", "incomeBeforeTax": "797000000", "incomeTaxExpense": "166000000", "interestAndDebtExpense": "None", "netIncomeFromContinuingOperations": "None", "comprehensiveIncomeNetOfTax": "None", "ebit": "797000000", "ebitda": "945000000", "netIncome": "631000000"}, {"fiscalDateEnding": "2005-12-31", "reportedCurrency": "USD", "grossProfit": "7396000000", "totalRevenue": "7396000000", "costOfRevenue": "6129000000", "costofGoodsAndServicesSold": "6129000000", "operatingIncome": "745000000", "sellingGeneralAndAdministrative": "2293000000", "researchAndDevelopment": "None", "operatingExpenses": "6651000000", "investmentIncomeNet": "None", "netInterestIncome": "None", "interestIncome": "None", "interestExpense": "73000000", "nonInterestIncome": "None", "otherNonOperatingIncome": "None", "depreciation": "None", "depreciationAndAmortization": "169000000", "incomeBeforeTax": "745000000", "incomeTaxExpense": "187000000", "interestAndDebtExpense": "None", "netIncomeFromContinuingOperations": "None", "comprehensiveIncomeNetOfTax": "None", "ebit": "745000000", "ebitda": "914000000", "netIncome": "574000000"}], "quarterlyReports": [{"fiscalDateEnding": "2024-12-31", "reportedCurrency": "USD", "grossProfit": "4501000000", "totalRevenue": "4501000000", "costOfRevenue": "None", "costofGoodsAndServicesSold": "None", "operatingIncome": "1352000000", "sellingGeneralAndAdministrative": "1011000000", "researchAndDevelopment": "None", "operatingExpenses": "3149000000", "investmentIncomeNet": "None", "netInterestIncome": "-77000000", "interestIncome": "148000000", "interestExpense": "77000000", "nonInterestIncome": "None", "otherNonOperatingIncome": "None", "depreciation": "None", "depreciationAndAmortization": "-34000000", "incomeBeforeTax": "1352000000", "incomeTaxExpense": "281000000", "interestAndDebtExpense": "None", "netIncomeFromContinuingOperations": "1071000000", "comprehensiveIncomeNetOfTax": "None", "ebit": "1352000000", "ebitda": "1318000000", "netIncome": "1071000000"}, {"fiscalDateEnding": "2024-09-30", "reportedCurrency": "USD", "grossProfit": "4397000000", "totalRevenue": "4397000000", "costOfRevenue": "2171000000", "costofGoodsAndServicesSold": "2171000000", "operatingIncome": "645000000", "sellingGeneralAndAdministrative": "975000000", "researchAndDevelopment": "None", "operatingExpenses": "3752000000", "investmentIncomeNet": "None", "netInterestIncome": "-87000000", "interestIncome": "163000000", "interestExpense": "87000000", "nonInterestIncome": "None", "otherNonOperatingIncome": "None", "depreciation": "None", "depreciationAndAmortization": "-36000000", "incomeBeforeTax": "645000000", "incomeTaxExpense": "134000000", "interestAndDebtExpense": "None", "netIncomeFromContinuingOperations": "511000000", "comprehensiveIncomeNetOfTax": "None", "ebit": "645000000", "ebitda": "609000000", "netIncome": "511000000"}, {"fiscalDateEnding": "2024-06-30", "reportedCurrency": "USD", "grossProfit": "4220000000", "totalRevenue": "4220000000", "costOfRevenue": "2057000000", "costofGoodsAndServicesSold": "2057000000", "operatingIncome": "1051000000", "sellingGeneralAndAdministrative": "957000000", "researchAndDevelopment": "None", "operatingExpenses": "3169000000", "investmentIncomeNet": "None", "netInterestIncome": "-83000000", "interestIncome": "172000000", "interestExpense": "83000000", "nonInterestIncome": "None", "otherNonOperatingIncome": "None", "depreciation": "None", "depreciationAndAmortization": "-47000000", "incomeBeforeTax": "1051000000", "incomeTaxExpense": "222000000", "interestAndDebtExpense": "None", "netIncomeFromContinuingOperations": "829000000", "comprehensiveIncomeNetOfTax": "None", "ebit": "1051000000", "ebitda": "1004000000", "netIncome": "829000000"}, {"fiscalDateEnding": "2024-03-31", "reportedCurrency": "USD", "grossProfit": "4146000000", "totalRevenue": "4146000000", "costOfRevenue": "1775000000", "costofGoodsAndServicesSold": "1775000000", "operatingIncome": "1219000000", "sellingGeneralAndAdministrative": "960000000", "researchAndDevelopment": "None", "operatingExpenses": "2927000000", "investmentIncomeNet": "None", "netInterestIncome": "-82000000", "interestIncome": "179000000", "interestExpense": "82000000", "nonInterestIncome": "None", "otherNonOperatingIncome": "None", "depreciation": "None", "depreciationAndAmortization": "-42000000", "incomeBeforeTax": "1219000000", "incomeTaxExpense": "229000000", "interestAndDebtExpense": "None", "netIncomeFromContinuingOperations": "990000000", "comprehensiveIncomeNetOfTax": "None", "ebit": "1219000000", "ebitda": "1177000000", "netIncome": "990000000"}, {"fiscalDateEnding": "2023-12-31", "reportedCurrency": "USD", "grossProfit": "3992000000", "totalRevenue": "3992000000", "costOfRevenue": "2336000000", "costofGoodsAndServicesSold": "2336000000", "operatingIncome": "494000000", "sellingGeneralAndAdministrative": "1017000000", "researchAndDevelopment": "None", "operatingExpenses": "3498000000", "investmentIncomeNet": "None", "netInterestIncome": "-84000000", "interestIncome": "176000000", "interestExpense": "84000000", "nonInterestIncome": "None", "otherNonOperatingIncome": "None", "depreciation": "None", "depreciationAndAmortization": "-40000000", "incomeBeforeTax": "494000000", "incomeTaxExpense": "117000000", "interestAndDebtExpense": "None", "netIncomeFromContinuingOperations": "377000000", "comprehensiveIncomeNetOfTax": "None", "ebit": "494000000", "ebitda": "454000000", "netIncome": "377000000"}, {"fiscalDateEnding": "2023-09-30", "reportedCurrency": "USD", "grossProfit": "3925000000", "totalRevenue": "3925000000", "costOfRevenue": "1790000000", "costofGoodsAndServicesSold": "1790000000", "operatingIncome": "1117000000", "sellingGeneralAndAdministrative": "950000000", "researchAndDevelopment": "None", "operatingExpenses": "2808000000", "investmentIncomeNet": "None", "netInterestIncome": "-84000000", "interestIncome": "151000000", "interestExpense": "84000000", "nonInterestIncome": "None", "otherNonOperatingIncome": "None", "depreciation": "None", "depreciationAndAmortization": "-44000000", "incomeBeforeTax": "1117000000", "incomeTaxExpense": "245000000", "interestAndDebtExpense": "None", "netIncomeFromContinuingOperations": "872000000", "comprehensiveIncomeNetOfTax": "None", "ebit": "1117000000", "ebitda": "1073000000", "netIncome": "872000000"}, {"fiscalDateEnding": "2023-06-30", "reportedCurrency": "USD", "grossProfit": "3876000000", "totalRevenue": "3876000000", "costOfRevenue": "1830000000", "costofGoodsAndServicesSold": "1830000000", "operatingIncome": "1127000000", "sellingGeneralAndAdministrative": "967000000", "researchAndDevelopment": "None", "operatingExpenses": "2749000000", "investmentIncomeNet": "None", "netInterestIncome": "-84000000", "interestIncome": "131000000", "interestExpense": "84000000", "nonInterestIncome": "None", "otherNonOperatingIncome": "None", "depreciation": "None", "depreciationAndAmortization": "-35000000", "incomeBeforeTax": "1127000000", "incomeTaxExpense": "237000000", "interestAndDebtExpense": "None", "netIncomeFromContinuingOperations": "890000000", "comprehensiveIncomeNetOfTax": "None", "ebit": "1127000000", "ebitda": "1092000000", "netIncome": "890000000"}, {"fiscalDateEnding": "2023-03-31", "reportedCurrency": "USD", "grossProfit": "3742000000", "totalRevenue": "3742000000", "costOfRevenue": "1719000000", "costofGoodsAndServicesSold": "1719000000", "operatingIncome": "496000000", "sellingGeneralAndAdministrative": "937000000", "researchAndDevelopment": "None", "operatingExpenses": "3246000000", "investmentIncomeNet": "None", "netInterestIncome": "-72000000", "interestIncome": "561000000", "interestExpense": "72000000", "nonInterestIncome": "None", "otherNonOperatingIncome": "None", "depreciation": "None", "depreciationAndAmortization": "-35000000", "incomeBeforeTax": "496000000", "incomeTaxExpense": "79000000", "interestAndDebtExpense": "None", "netIncomeFromContinuingOperations": "417000000", "comprehensiveIncomeNetOfTax": "None", "ebit": "496000000", "ebitda": "461000000", "netIncome": "417000000"}, {"fiscalDateEnding": "2022-12-31", "reportedCurrency": "USD", "grossProfit": "3617000000", "totalRevenue": "3617000000", "costOfRevenue": "1883000000", "costofGoodsAndServicesSold": "1883000000", "operatingIncome": "619000000", "sellingGeneralAndAdministrative": "957000000", "researchAndDevelopment": "None", "operatingExpenses": "2998000000", "investmentIncomeNet": "None", "netInterestIncome": "-62000000", "interestIncome": "62000000", "interestExpense": "62000000", "nonInterestIncome": "None", "otherNonOperatingIncome": "None", "depreciation": "None", "depreciationAndAmortization": "-29000000", "incomeBeforeTax": "619000000", "incomeTaxExpense": "125000000", "interestAndDebtExpense": "None", "netIncomeFromContinuingOperations": "494000000", "comprehensiveIncomeNetOfTax": "None", "ebit": "619000000", "ebitda": "590000000", "netIncome": "494000000"}, {"fiscalDateEnding": "2022-09-30", "reportedCurrency": "USD", "grossProfit": "3484000000", "totalRevenue": "3484000000", "costOfRevenue": "1758000000", "costofGoodsAndServicesSold": "1758000000", "operatingIncome": "1335000000", "sellingGeneralAndAdministrative": "925000000", "researchAndDevelopment": "None", "operatingExpenses": "2149000000", "investmentIncomeNet": "None", "netInterestIncome": "-52000000", "interestIncome": "52000000", "interestExpense": "52000000", "nonInterestIncome": "None", "otherNonOperatingIncome": "None", "depreciation": "None", "depreciationAndAmortization": "-7000000", "incomeBeforeTax": "1335000000", "incomeTaxExpense": "274000000", "interestAndDebtExpense": "None", "netIncomeFromContinuingOperations": "548000000", "comprehensiveIncomeNetOfTax": "None", "ebit": "1335000000", "ebitda": "1328000000", "netIncome": "1061000000"}, {"fiscalDateEnding": "2022-06-30", "reportedCurrency": "USD", "grossProfit": "3486000000", "totalRevenue": "3486000000", "costOfRevenue": "1579000000", "costofGoodsAndServicesSold": "1579000000", "operatingIncome": "773000000", "sellingGeneralAndAdministrative": "894000000", "researchAndDevelopment": "None", "operatingExpenses": "2713000000", "investmentIncomeNet": "None", "netInterestIncome": "-189000000", "interestIncome": "3000000", "interestExpense": "44000000", "nonInterestIncome": "None", "otherNonOperatingIncome": "None", "depreciation": "None", "depreciationAndAmortization": "8000000", "incomeBeforeTax": "773000000", "incomeTaxExpense": "159000000", "interestAndDebtExpense": "None", "netIncomeFromContinuingOperations": "756000000", "comprehensiveIncomeNetOfTax": "None", "ebit": "773000000", "ebitda": "781000000", "netIncome": "614000000"}, {"fiscalDateEnding": "2022-03-31", "reportedCurrency": "USD", "grossProfit": "3625000000", "totalRevenue": "3625000000", "costOfRevenue": "1634000000", "costofGoodsAndServicesSold": "1634000000", "operatingIncome": "1006000000", "sellingGeneralAndAdministrative": "947000000", "researchAndDevelopment": "None", "operatingExpenses": "2619000000", "investmentIncomeNet": "None", "netInterestIncome": "-181000000", "interestIncome": "2000000", "interestExpense": "40000000", "nonInterestIncome": "None", "otherNonOperatingIncome": "None", "depreciation": "None", "depreciationAndAmortization": "-12000000", "incomeBeforeTax": "1006000000", "incomeTaxExpense": "181000000", "interestAndDebtExpense": "None", "netIncomeFromContinuingOperations": "761000000", "comprehensiveIncomeNetOfTax": "None", "ebit": "1006000000", "ebitda": "994000000", "netIncome": "825000000"}, {"fiscalDateEnding": "2021-12-31", "reportedCurrency": "USD", "grossProfit": "3760000000", "totalRevenue": "3760000000", "costOfRevenue": "1808000000", "costofGoodsAndServicesSold": "1808000000", "operatingIncome": "866000000", "sellingGeneralAndAdministrative": "960000000", "researchAndDevelopment": "None", "operatingExpenses": "2894000000", "investmentIncomeNet": "None", "netInterestIncome": "-42000000", "interestIncome": "2000000", "interestExpense": "42000000", "nonInterestIncome": "None", "otherNonOperatingIncome": "None", "depreciation": "None", "depreciationAndAmortization": "3000000", "incomeBeforeTax": "866000000", "incomeTaxExpense": "165000000", "interestAndDebtExpense": "None", "netIncomeFromContinuingOperations": "701000000", "comprehensiveIncomeNetOfTax": "None", "ebit": "866000000", "ebitda": "869000000", "netIncome": "701000000"}, {"fiscalDateEnding": "2021-09-30", "reportedCurrency": "USD", "grossProfit": "2903000000", "totalRevenue": "2903000000", "costOfRevenue": "491000000", "costofGoodsAndServicesSold": "491000000", "operatingIncome": "1270000000", "sellingGeneralAndAdministrative": "822000000", "researchAndDevelopment": "None", "operatingExpenses": "1633000000", "investmentIncomeNet": "None", "netInterestIncome": "-67000000", "interestIncome": "64000000", "interestExpense": "64000000", "nonInterestIncome": "None", "otherNonOperatingIncome": "None", "depreciation": "None", "depreciationAndAmortization": "-25000000", "incomeBeforeTax": "1270000000", "incomeTaxExpense": "239000000", "interestAndDebtExpense": "None", "netIncomeFromContinuingOperations": "1031000000", "comprehensiveIncomeNetOfTax": "None", "ebit": "1270000000", "ebitda": "1245000000", "netIncome": "1031000000"}, {"fiscalDateEnding": "2021-06-30", "reportedCurrency": "USD", "grossProfit": "3418000000", "totalRevenue": "3418000000", "costOfRevenue": "1693000000", "costofGoodsAndServicesSold": "1693000000", "operatingIncome": "721000000", "sellingGeneralAndAdministrative": "830000000", "researchAndDevelopment": "None", "operatingExpenses": "2697000000", "investmentIncomeNet": "None", "netInterestIncome": "-45000000", "interestIncome": "43000000", "interestExpense": "43000000", "nonInterestIncome": "None", "otherNonOperatingIncome": "None", "depreciation": "None", "depreciationAndAmortization": "60000000", "incomeBeforeTax": "721000000", "incomeTaxExpense": "130000000", "interestAndDebtExpense": "None", "netIncomeFromContinuingOperations": "591000000", "comprehensiveIncomeNetOfTax": "None", "ebit": "721000000", "ebitda": "781000000", "netIncome": "591000000"}, {"fiscalDateEnding": "2021-03-31", "reportedCurrency": "USD", "grossProfit": "3350000000", "totalRevenue": "3350000000", "costOfRevenue": "1833000000", "costofGoodsAndServicesSold": "1833000000", "operatingIncome": "493000000", "sellingGeneralAndAdministrative": "823000000", "researchAndDevelopment": "None", "operatingExpenses": "2857000000", "investmentIncomeNet": "None", "netInterestIncome": "-47000000", "interestIncome": "42000000", "interestExpense": "42000000", "nonInterestIncome": "None", "otherNonOperatingIncome": "None", "depreciation": "None", "depreciationAndAmortization": "60000000", "incomeBeforeTax": "493000000", "incomeTaxExpense": "56000000", "interestAndDebtExpense": "None", "netIncomeFromContinuingOperations": "437000000", "comprehensiveIncomeNetOfTax": "None", "ebit": "493000000", "ebitda": "553000000", "netIncome": "437000000"}, {"fiscalDateEnding": "2020-12-31", "reportedCurrency": "USD", "grossProfit": "3183000000", "totalRevenue": "3183000000", "costOfRevenue": "2006000000", "costofGoodsAndServicesSold": "2006000000", "operatingIncome": "190000000", "sellingGeneralAndAdministrative": "828000000", "researchAndDevelopment": "None", "operatingExpenses": "2993000000", "investmentIncomeNet": "None", "netInterestIncome": "-44000000", "interestIncome": "38000000", "interestExpense": "38000000", "nonInterestIncome": "None", "otherNonOperatingIncome": "None", "depreciation": "None", "depreciationAndAmortization": "57000000", "incomeBeforeTax": "190000000", "incomeTaxExpense": "13000000", "interestAndDebtExpense": "None", "netIncomeFromContinuingOperations": "177000000", "comprehensiveIncomeNetOfTax": "None", "ebit": "190000000", "ebitda": "247000000", "netIncome": "177000000"}, {"fiscalDateEnding": "2020-09-30", "reportedCurrency": "USD", "grossProfit": "3003000000", "totalRevenue": "3003000000", "costOfRevenue": "2217000000", "costofGoodsAndServicesSold": "2217000000", "operatingIncome": "-184000000", "sellingGeneralAndAdministrative": "763000000", "researchAndDevelopment": "None", "operatingExpenses": "3187000000", "investmentIncomeNet": "None", "netInterestIncome": "-47000000", "interestIncome": "37000000", "interestExpense": "37000000", "nonInterestIncome": "None", "otherNonOperatingIncome": "None", "depreciation": "None", "depreciationAndAmortization": "54000000", "incomeBeforeTax": "-184000000", "incomeTaxExpense": "-44000000", "interestAndDebtExpense": "None", "netIncomeFromContinuingOperations": "-140000000", "comprehensiveIncomeNetOfTax": "None", "ebit": "-184000000", "ebitda": "-130000000", "netIncome": "-140000000"}, {"fiscalDateEnding": "2020-06-30", "reportedCurrency": "USD", "grossProfit": "2712000000", "totalRevenue": "2712000000", "costOfRevenue": "2159000000", "costofGoodsAndServicesSold": "2159000000", "operatingIncome": "-526000000", "sellingGeneralAndAdministrative": "776000000", "researchAndDevelopment": "None", "operatingExpenses": "3238000000", "investmentIncomeNet": "None", "netInterestIncome": "-59000000", "interestIncome": "41000000", "interestExpense": "41000000", "nonInterestIncome": "None", "otherNonOperatingIncome": "None", "depreciation": "None", "depreciationAndAmortization": "49000000", "incomeBeforeTax": "-526000000", "incomeTaxExpense": "13000000", "interestAndDebtExpense": "None", "netIncomeFromContinuingOperations": "-539000000", "comprehensiveIncomeNetOfTax": "None", "ebit": "-526000000", "ebitda": "-477000000", "netIncome": "-539000000"}, {"fiscalDateEnding": "2020-03-31", "reportedCurrency": "USD", "grossProfit": "3001000000", "totalRevenue": "3001000000", "costOfRevenue": "240000000", "costofGoodsAndServicesSold": "240000000", "operatingIncome": "2351000000", "sellingGeneralAndAdministrative": "753000000", "researchAndDevelopment": "None", "operatingExpenses": "650000000", "investmentIncomeNet": "None", "netInterestIncome": "-71000000", "interestIncome": "46000000", "interestExpense": "46000000", "nonInterestIncome": "None", "otherNonOperatingIncome": "None", "depreciation": "None", "depreciationAndAmortization": "47000000", "incomeBeforeTax": "2351000000", "incomeTaxExpense": "315000000", "interestAndDebtExpense": "None", "netIncomeFromContinuingOperations": "2036000000", "comprehensiveIncomeNetOfTax": "None", "ebit": "2351000000", "ebitda": "2398000000", "netIncome": "2036000000"}, {"fiscalDateEnding": "2019-12-31", "reportedCurrency": "USD", "grossProfit": "3074000000", "totalRevenue": "3074000000", "costOfRevenue": "1712000000", "costofGoodsAndServicesSold": "1712000000", "operatingIncome": "534000000", "sellingGeneralAndAdministrative": "839000000", "researchAndDevelopment": "None", "operatingExpenses": "2540000000", "investmentIncomeNet": "None", "netInterestIncome": "-80000000", "interestIncome": "50000000", "interestExpense": "50000000", "nonInterestIncome": "None", "otherNonOperatingIncome": "213000000", "depreciation": "None", "depreciationAndAmortization": "51000000", "incomeBeforeTax": "534000000", "incomeTaxExpense": "71000000", "interestAndDebtExpense": "None", "netIncomeFromContinuingOperations": "463000000", "comprehensiveIncomeNetOfTax": "None", "ebit": "534000000", "ebitda": "585000000", "netIncome": "463000000"}, {"fiscalDateEnding": "2019-09-30", "reportedCurrency": "USD", "grossProfit": "3317000000", "totalRevenue": "3317000000", "costOfRevenue": "1677000000", "costofGoodsAndServicesSold": "1677000000", "operatingIncome": "641000000", "sellingGeneralAndAdministrative": "820000000", "researchAndDevelopment": "None", "operatingExpenses": "2676000000", "investmentIncomeNet": "None", "netInterestIncome": "-86000000", "interestIncome": "52000000", "interestExpense": "52000000", "nonInterestIncome": "None", "otherNonOperatingIncome": "None", "depreciation": "None", "depreciationAndAmortization": "41000000", "incomeBeforeTax": "641000000", "incomeTaxExpense": "98000000", "interestAndDebtExpense": "None", "netIncomeFromContinuingOperations": "543000000", "comprehensiveIncomeNetOfTax": "None", "ebit": "641000000", "ebitda": "682000000", "netIncome": "543000000"}, {"fiscalDateEnding": "2019-06-30", "reportedCurrency": "USD", "grossProfit": "3245000000", "totalRevenue": "3245000000", "costOfRevenue": "1590000000", "costofGoodsAndServicesSold": "1590000000", "operatingIncome": "587000000", "sellingGeneralAndAdministrative": "823000000", "researchAndDevelopment": "None", "operatingExpenses": "2658000000", "investmentIncomeNet": "None", "netInterestIncome": "-96000000", "interestIncome": "59000000", "interestExpense": "59000000", "nonInterestIncome": "None", "otherNonOperatingIncome": "None", "depreciation": "None", "depreciationAndAmortization": "45000000", "incomeBeforeTax": "587000000", "incomeTaxExpense": "95000000", "interestAndDebtExpense": "None", "netIncomeFromContinuingOperations": "492000000", "comprehensiveIncomeNetOfTax": "None", "ebit": "587000000", "ebitda": "632000000", "netIncome": "492000000"}, {"fiscalDateEnding": "2019-03-31", "reportedCurrency": "USD", "grossProfit": "3118000000", "totalRevenue": "3118000000", "costOfRevenue": "1586000000", "costofGoodsAndServicesSold": "1586000000", "operatingIncome": "470000000", "sellingGeneralAndAdministrative": "805000000", "researchAndDevelopment": "None", "operatingExpenses": "2648000000", "investmentIncomeNet": "None", "netInterestIncome": "-88000000", "interestIncome": "None", "interestExpense": "53000000", "nonInterestIncome": "None", "otherNonOperatingIncome": "None", "depreciation": "None", "depreciationAndAmortization": "46000000", "incomeBeforeTax": "470000000", "incomeTaxExpense": "75000000", "interestAndDebtExpense": "None", "netIncomeFromContinuingOperations": "395000000", "comprehensiveIncomeNetOfTax": "None", "ebit": "470000000", "ebitda": "516000000", "netIncome": "395000000"}, {"fiscalDateEnding": "2018-12-31", "reportedCurrency": "USD", "grossProfit": "3179000000", "totalRevenue": "3179000000", "costOfRevenue": "1496000000", "costofGoodsAndServicesSold": "1496000000", "operatingIncome": "652000000", "sellingGeneralAndAdministrative": "792000000", "researchAndDevelopment": "0", "operatingExpenses": "2527000000", "investmentIncomeNet": "None", "netInterestIncome": "None", "interestIncome": "None", "interestExpense": "64000000", "nonInterestIncome": "None", "otherNonOperatingIncome": "None", "depreciation": "None", "depreciationAndAmortization": "46000000", "incomeBeforeTax": "652000000", "incomeTaxExpense": "113000000", "interestAndDebtExpense": "None", "netIncomeFromContinuingOperations": "539000000", "comprehensiveIncomeNetOfTax": "None", "ebit": "652000000", "ebitda": "698000000", "netIncome": "539000000"}, {"fiscalDateEnding": "2018-09-30", "reportedCurrency": "USD", "grossProfit": "3292000000", "totalRevenue": "3292000000", "costOfRevenue": "1674000000", "costofGoodsAndServicesSold": "1674000000", "operatingIncome": "588000000", "sellingGeneralAndAdministrative": "802000000", "researchAndDevelopment": "0", "operatingExpenses": "2704000000", "investmentIncomeNet": "None", "netInterestIncome": "None", "interestIncome": "None", "interestExpense": "50000000", "nonInterestIncome": "None", "otherNonOperatingIncome": "None", "depreciation": "None", "depreciationAndAmortization": "45000000", "incomeBeforeTax": "588000000", "incomeTaxExpense": "85000000", "interestAndDebtExpense": "None", "netIncomeFromContinuingOperations": "503000000", "comprehensiveIncomeNetOfTax": "None", "ebit": "588000000", "ebitda": "633000000", "netIncome": "503000000"}, {"fiscalDateEnding": "2018-06-30", "reportedCurrency": "USD", "grossProfit": "3196000000", "totalRevenue": "3196000000", "costOfRevenue": "1600000000", "costofGoodsAndServicesSold": "1600000000", "operatingIncome": "548000000", "sellingGeneralAndAdministrative": "788000000", "researchAndDevelopment": "0", "operatingExpenses": "2648000000", "investmentIncomeNet": "None", "netInterestIncome": "None", "interestIncome": "None", "interestExpense": "80000000", "nonInterestIncome": "None", "otherNonOperatingIncome": "None", "depreciation": "None", "depreciationAndAmortization": "51000000", "incomeBeforeTax": "548000000", "incomeTaxExpense": "86000000", "interestAndDebtExpense": "None", "netIncomeFromContinuingOperations": "462000000", "comprehensiveIncomeNetOfTax": "None", "ebit": "548000000", "ebitda": "599000000", "netIncome": "462000000"}, {"fiscalDateEnding": "2018-03-31", "reportedCurrency": "USD", "grossProfit": "3168000000", "totalRevenue": "3168000000", "costOfRevenue": "1491000000", "costofGoodsAndServicesSold": "1491000000", "operatingIncome": "696000000", "sellingGeneralAndAdministrative": "789000000", "researchAndDevelopment": "0", "operatingExpenses": "2472000000", "investmentIncomeNet": "None", "netInterestIncome": "None", "interestIncome": "None", "interestExpense": "51000000", "nonInterestIncome": "None", "otherNonOperatingIncome": "None", "depreciation": "None", "depreciationAndAmortization": "56000000", "incomeBeforeTax": "696000000", "incomeTaxExpense": "102000000", "interestAndDebtExpense": "None", "netIncomeFromContinuingOperations": "594000000", "comprehensiveIncomeNetOfTax": "None", "ebit": "696000000", "ebitda": "752000000", "netIncome": "594000000"}, {"fiscalDateEnding": "2017-12-31", "reportedCurrency": "USD", "grossProfit": "3160000000", "totalRevenue": "3160000000", "costOfRevenue": "1552000000", "costofGoodsAndServicesSold": "1552000000", "operatingIncome": "600000000", "sellingGeneralAndAdministrative": "807000000", "researchAndDevelopment": "0", "operatingExpenses": "2560000000", "investmentIncomeNet": "None", "netInterestIncome": "None", "interestIncome": "None", "interestExpense": "53000000", "nonInterestIncome": "None", "otherNonOperatingIncome": "None", "depreciation": "None", "depreciationAndAmortization": "58000000", "incomeBeforeTax": "600000000", "incomeTaxExpense": "419000000", "interestAndDebtExpense": "None", "netIncomeFromContinuingOperations": "181000000", "comprehensiveIncomeNetOfTax": "None", "ebit": "600000000", "ebitda": "658000000", "netIncome": "181000000"}, {"fiscalDateEnding": "2017-09-30", "reportedCurrency": "USD", "grossProfit": "3014000000", "totalRevenue": "3014000000", "costOfRevenue": "1372000000", "costofGoodsAndServicesSold": "1372000000", "operatingIncome": "633000000", "sellingGeneralAndAdministrative": "781000000", "researchAndDevelopment": "0", "operatingExpenses": "2381000000", "investmentIncomeNet": "None", "netInterestIncome": "None", "interestIncome": "None", "interestExpense": "52000000", "nonInterestIncome": "None", "otherNonOperatingIncome": "None", "depreciation": "None", "depreciationAndAmortization": "55000000", "incomeBeforeTax": "633000000", "incomeTaxExpense": "126000000", "interestAndDebtExpense": "None", "netIncomeFromContinuingOperations": "503000000", "comprehensiveIncomeNetOfTax": "None", "ebit": "633000000", "ebitda": "688000000", "netIncome": "507000000"}, {"fiscalDateEnding": "2017-06-30", "reportedCurrency": "USD", "grossProfit": "3012000000", "totalRevenue": "3012000000", "costOfRevenue": "1511000000", "costofGoodsAndServicesSold": "1511000000", "operatingIncome": "511000000", "sellingGeneralAndAdministrative": "767000000", "researchAndDevelopment": "0", "operatingExpenses": "2501000000", "investmentIncomeNet": "None", "netInterestIncome": "None", "interestIncome": "None", "interestExpense": "52000000", "nonInterestIncome": "None", "otherNonOperatingIncome": "None", "depreciation": "None", "depreciationAndAmortization": "58000000", "incomeBeforeTax": "511000000", "incomeTaxExpense": "118000000", "interestAndDebtExpense": "None", "netIncomeFromContinuingOperations": "393000000", "comprehensiveIncomeNetOfTax": "None", "ebit": "511000000", "ebitda": "569000000", "netIncome": "393000000"}, {"fiscalDateEnding": "2017-03-31", "reportedCurrency": "USD", "grossProfit": "2926000000", "totalRevenue": "2926000000", "costOfRevenue": "1462000000", "costofGoodsAndServicesSold": "1462000000", "operatingIncome": "475000000", "sellingGeneralAndAdministrative": "777000000", "researchAndDevelopment": "0", "operatingExpenses": "2451000000", "investmentIncomeNet": "None", "netInterestIncome": "None", "interestIncome": "None", "interestExpense": "50000000", "nonInterestIncome": "None", "otherNonOperatingIncome": "None", "depreciation": "None", "depreciationAndAmortization": "63000000", "incomeBeforeTax": "475000000", "incomeTaxExpense": "72000000", "interestAndDebtExpense": "None", "netIncomeFromContinuingOperations": "404000000", "comprehensiveIncomeNetOfTax": "None", "ebit": "475000000", "ebitda": "538000000", "netIncome": "403000000"}, {"fiscalDateEnding": "2016-12-31", "reportedCurrency": "USD", "grossProfit": "3062000000", "totalRevenue": "3062000000", "costOfRevenue": "1598000000", "costofGoodsAndServicesSold": "1598000000", "operatingIncome": "469000000", "sellingGeneralAndAdministrative": "756000000", "researchAndDevelopment": "0", "operatingExpenses": "2593000000", "investmentIncomeNet": "None", "netInterestIncome": "None", "interestIncome": "None", "interestExpense": "81000000", "nonInterestIncome": "None", "otherNonOperatingIncome": "None", "depreciation": "None", "depreciationAndAmortization": "61000000", "incomeBeforeTax": "469000000", "incomeTaxExpense": "69000000", "interestAndDebtExpense": "None", "netIncomeFromContinuingOperations": "398000000", "comprehensiveIncomeNetOfTax": "None", "ebit": "469000000", "ebitda": "530000000", "netIncome": "400000000"}, {"fiscalDateEnding": "2016-09-30", "reportedCurrency": "USD", "grossProfit": "2998000000", "totalRevenue": "2998000000", "costOfRevenue": "1816000000", "costofGoodsAndServicesSold": "1816000000", "operatingIncome": "238000000", "sellingGeneralAndAdministrative": "731000000", "researchAndDevelopment": "0", "operatingExpenses": "2760000000", "investmentIncomeNet": "None", "netInterestIncome": "None", "interestIncome": "None", "interestExpense": "52000000", "nonInterestIncome": "None", "otherNonOperatingIncome": "None", "depreciation": "None", "depreciationAndAmortization": "60000000", "incomeBeforeTax": "238000000", "incomeTaxExpense": "23000000", "interestAndDebtExpense": "None", "netIncomeFromContinuingOperations": "215000000", "comprehensiveIncomeNetOfTax": "None", "ebit": "238000000", "ebitda": "298000000", "netIncome": "215000000"}, {"fiscalDateEnding": "2016-06-30", "reportedCurrency": "USD", "grossProfit": "2871000000", "totalRevenue": "2871000000", "costOfRevenue": "1487000000", "costofGoodsAndServicesSold": "1487000000", "operatingIncome": "410000000", "sellingGeneralAndAdministrative": "763000000", "researchAndDevelopment": "0", "operatingExpenses": "2461000000", "investmentIncomeNet": "None", "netInterestIncome": "None", "interestIncome": "None", "interestExpense": "53000000", "nonInterestIncome": "None", "otherNonOperatingIncome": "None", "depreciation": "None", "depreciationAndAmortization": "62000000", "incomeBeforeTax": "410000000", "incomeTaxExpense": "75000000", "interestAndDebtExpense": "None", "netIncomeFromContinuingOperations": "335000000", "comprehensiveIncomeNetOfTax": "None", "ebit": "410000000", "ebitda": "472000000", "netIncome": "335000000"}, {"fiscalDateEnding": "2016-03-31", "reportedCurrency": "USD", "grossProfit": "2765000000", "totalRevenue": "2765000000", "costOfRevenue": "1362000000", "costofGoodsAndServicesSold": "1362000000", "operatingIncome": "475000000", "sellingGeneralAndAdministrative": "727000000", "researchAndDevelopment": "0", "operatingExpenses": "2290000000", "investmentIncomeNet": "None", "netInterestIncome": "None", "interestIncome": "None", "interestExpense": "55000000", "nonInterestIncome": "None", "otherNonOperatingIncome": "None", "depreciation": "None", "depreciationAndAmortization": "65000000", "incomeBeforeTax": "475000000", "incomeTaxExpense": "111000000", "interestAndDebtExpense": "None", "netIncomeFromContinuingOperations": "366000000", "comprehensiveIncomeNetOfTax": "None", "ebit": "475000000", "ebitda": "540000000", "netIncome": "364000000"}, {"fiscalDateEnding": "2015-12-31", "reportedCurrency": "USD", "grossProfit": "3103000000", "totalRevenue": "3103000000", "costOfRevenue": "1582000000", "costofGoodsAndServicesSold": "1582000000", "operatingIncome": "446000000", "sellingGeneralAndAdministrative": "794000000", "researchAndDevelopment": "0", "operatingExpenses": "2657000000", "investmentIncomeNet": "None", "netInterestIncome": "None", "interestIncome": "None", "interestExpense": "116000000", "nonInterestIncome": "None", "otherNonOperatingIncome": "None", "depreciation": "None", "depreciationAndAmortization": "63000000", "incomeBeforeTax": "446000000", "incomeTaxExpense": "66000000", "interestAndDebtExpense": "None", "netIncomeFromContinuingOperations": "380000000", "comprehensiveIncomeNetOfTax": "None", "ebit": "446000000", "ebitda": "509000000", "netIncome": "357000000"}, {"fiscalDateEnding": "2015-09-30", "reportedCurrency": "USD", "grossProfit": "2886000000", "totalRevenue": "2886000000", "costOfRevenue": "1410000000", "costofGoodsAndServicesSold": "1410000000", "operatingIncome": "463000000", "sellingGeneralAndAdministrative": "744000000", "researchAndDevelopment": "0", "operatingExpenses": "2423000000", "investmentIncomeNet": "None", "netInterestIncome": "None", "interestIncome": "None", "interestExpense": "98000000", "nonInterestIncome": "None", "otherNonOperatingIncome": "None", "depreciation": "None", "depreciationAndAmortization": "62000000", "incomeBeforeTax": "463000000", "incomeTaxExpense": "111000000", "interestAndDebtExpense": "None", "netIncomeFromContinuingOperations": "352000000", "comprehensiveIncomeNetOfTax": "None", "ebit": "463000000", "ebitda": "525000000", "netIncome": "397000000"}, {"fiscalDateEnding": "2015-06-30", "reportedCurrency": "USD", "grossProfit": "3128000000", "totalRevenue": "3128000000", "costOfRevenue": "1472000000", "costofGoodsAndServicesSold": "1472000000", "operatingIncome": "615000000", "sellingGeneralAndAdministrative": "792000000", "researchAndDevelopment": "0", "operatingExpenses": "2513000000", "investmentIncomeNet": "None", "netInterestIncome": "None", "interestIncome": "None", "interestExpense": "89000000", "nonInterestIncome": "None", "otherNonOperatingIncome": "None", "depreciation": "None", "depreciationAndAmortization": "57000000", "incomeBeforeTax": "615000000", "incomeTaxExpense": "139000000", "interestAndDebtExpense": "None", "netIncomeFromContinuingOperations": "476000000", "comprehensiveIncomeNetOfTax": "None", "ebit": "615000000", "ebitda": "672000000", "netIncome": "415000000"}, {"fiscalDateEnding": "2015-03-31", "reportedCurrency": "USD", "grossProfit": "3053000000", "totalRevenue": "3053000000", "costOfRevenue": "1427000000", "costofGoodsAndServicesSold": "1427000000", "operatingIncome": "618000000", "sellingGeneralAndAdministrative": "752000000", "researchAndDevelopment": "0", "operatingExpenses": "2435000000", "investmentIncomeNet": "None", "netInterestIncome": "None", "interestIncome": "None", "interestExpense": "84000000", "nonInterestIncome": "None", "otherNonOperatingIncome": "None", "depreciation": "None", "depreciationAndAmortization": "66000000", "incomeBeforeTax": "618000000", "incomeTaxExpense": "139000000", "interestAndDebtExpense": "None", "netIncomeFromContinuingOperations": "479000000", "comprehensiveIncomeNetOfTax": "None", "ebit": "618000000", "ebitda": "684000000", "netIncome": "393000000"}, {"fiscalDateEnding": "2014-12-31", "reportedCurrency": "USD", "grossProfit": "3089000000", "totalRevenue": "3089000000", "costOfRevenue": "1481000000", "costofGoodsAndServicesSold": "1481000000", "operatingIncome": "558000000", "sellingGeneralAndAdministrative": "775000000", "researchAndDevelopment": "0", "operatingExpenses": "2531000000", "investmentIncomeNet": "None", "netInterestIncome": "None", "interestIncome": "None", "interestExpense": "91000000", "nonInterestIncome": "None", "otherNonOperatingIncome": "None", "depreciation": "None", "depreciationAndAmortization": "61000000", "incomeBeforeTax": "558000000", "incomeTaxExpense": "104000000", "interestAndDebtExpense": "None", "netIncomeFromContinuingOperations": "454000000", "comprehensiveIncomeNetOfTax": "None", "ebit": "558000000", "ebitda": "619000000", "netIncome": "425000000"}, {"fiscalDateEnding": "2014-09-30", "reportedCurrency": "USD", "grossProfit": "3111000000", "totalRevenue": "3111000000", "costOfRevenue": "1387000000", "costofGoodsAndServicesSold": "1387000000", "operatingIncome": "720000000", "sellingGeneralAndAdministrative": "757000000", "researchAndDevelopment": "0", "operatingExpenses": "2391000000", "investmentIncomeNet": "None", "netInterestIncome": "None", "interestIncome": "None", "interestExpense": "79000000", "nonInterestIncome": "None", "otherNonOperatingIncome": "None", "depreciation": "None", "depreciationAndAmortization": "64000000", "incomeBeforeTax": "720000000", "incomeTaxExpense": "155000000", "interestAndDebtExpense": "None", "netIncomeFromContinuingOperations": "565000000", "comprehensiveIncomeNetOfTax": "None", "ebit": "720000000", "ebitda": "784000000", "netIncome": "420000000"}, {"fiscalDateEnding": "2014-06-30", "reportedCurrency": "USD", "grossProfit": "3072000000", "totalRevenue": "3072000000", "costOfRevenue": "1394000000", "costofGoodsAndServicesSold": "1394000000", "operatingIncome": "619000000", "sellingGeneralAndAdministrative": "805000000", "researchAndDevelopment": "0", "operatingExpenses": "2453000000", "investmentIncomeNet": "None", "netInterestIncome": "None", "interestIncome": "None", "interestExpense": "79000000", "nonInterestIncome": "None", "otherNonOperatingIncome": "None", "depreciation": "None", "depreciationAndAmortization": "66000000", "incomeBeforeTax": "619000000", "incomeTaxExpense": "152000000", "interestAndDebtExpense": "None", "netIncomeFromContinuingOperations": "467000000", "comprehensiveIncomeNetOfTax": "None", "ebit": "619000000", "ebitda": "685000000", "netIncome": "374000000"}, {"fiscalDateEnding": "2014-03-31", "reportedCurrency": "USD", "grossProfit": "2996000000", "totalRevenue": "2996000000", "costOfRevenue": "1323000000", "costofGoodsAndServicesSold": "1323000000", "operatingIncome": "650000000", "sellingGeneralAndAdministrative": "758000000", "researchAndDevelopment": "0", "operatingExpenses": "2346000000", "investmentIncomeNet": "None", "netInterestIncome": "None", "interestIncome": "None", "interestExpense": "79000000", "nonInterestIncome": "None", "otherNonOperatingIncome": "None", "depreciation": "None", "depreciationAndAmortization": "63000000", "incomeBeforeTax": "650000000", "incomeTaxExpense": "134000000", "interestAndDebtExpense": "None", "netIncomeFromContinuingOperations": "516000000", "comprehensiveIncomeNetOfTax": "None", "ebit": "650000000", "ebitda": "713000000", "netIncome": "400000000"}, {"fiscalDateEnding": "2013-12-31", "reportedCurrency": "USD", "grossProfit": "2946000000", "totalRevenue": "2946000000", "costOfRevenue": "1381000000", "costofGoodsAndServicesSold": "1381000000", "operatingIncome": "479000000", "sellingGeneralAndAdministrative": "764000000", "researchAndDevelopment": "0", "operatingExpenses": "2467000000", "investmentIncomeNet": "None", "netInterestIncome": "None", "interestIncome": "None", "interestExpense": "87000000", "nonInterestIncome": "None", "otherNonOperatingIncome": "None", "depreciation": "None", "depreciationAndAmortization": "64000000", "incomeBeforeTax": "479000000", "incomeTaxExpense": "97000000", "interestAndDebtExpense": "None", "netIncomeFromContinuingOperations": "382000000", "comprehensiveIncomeNetOfTax": "None", "ebit": "479000000", "ebitda": "543000000", "netIncome": "296000000"}, {"fiscalDateEnding": "2013-09-30", "reportedCurrency": "USD", "grossProfit": "2813000000", "totalRevenue": "2813000000", "costOfRevenue": "1209000000", "costofGoodsAndServicesSold": "1209000000", "operatingIncome": "602000000", "sellingGeneralAndAdministrative": "730000000", "researchAndDevelopment": "0", "operatingExpenses": "2211000000", "investmentIncomeNet": "None", "netInterestIncome": "None", "interestIncome": "None", "interestExpense": "68000000", "nonInterestIncome": "None", "otherNonOperatingIncome": "None", "depreciation": "None", "depreciationAndAmortization": "59000000", "incomeBeforeTax": "602000000", "incomeTaxExpense": "154000000", "interestAndDebtExpense": "None", "netIncomeFromContinuingOperations": "448000000", "comprehensiveIncomeNetOfTax": "None", "ebit": "602000000", "ebitda": "661000000", "netIncome": "382000000"}, {"fiscalDateEnding": "2013-06-30", "reportedCurrency": "USD", "grossProfit": "2749000000", "totalRevenue": "2749000000", "costOfRevenue": "1314000000", "costofGoodsAndServicesSold": "1314000000", "operatingIncome": "402000000", "sellingGeneralAndAdministrative": "775000000", "researchAndDevelopment": "0", "operatingExpenses": "2347000000", "investmentIncomeNet": "None", "netInterestIncome": "None", "interestIncome": "None", "interestExpense": "60000000", "nonInterestIncome": "None", "otherNonOperatingIncome": "None", "depreciation": "None", "depreciationAndAmortization": "58000000", "incomeBeforeTax": "402000000", "incomeTaxExpense": "120000000", "interestAndDebtExpense": "None", "netIncomeFromContinuingOperations": "282000000", "comprehensiveIncomeNetOfTax": "None", "ebit": "402000000", "ebitda": "460000000", "netIncome": "321000000"}, {"fiscalDateEnding": "2013-03-31", "reportedCurrency": "USD", "grossProfit": "2691000000", "totalRevenue": "2691000000", "costOfRevenue": "1182000000", "costofGoodsAndServicesSold": "1182000000", "operatingIncome": "487000000", "sellingGeneralAndAdministrative": "758000000", "researchAndDevelopment": "0", "operatingExpenses": "2204000000", "investmentIncomeNet": "None", "netInterestIncome": "None", "interestIncome": "None", "interestExpense": "66000000", "nonInterestIncome": "None", "otherNonOperatingIncome": "None", "depreciation": "None", "depreciationAndAmortization": "58000000", "incomeBeforeTax": "487000000", "incomeTaxExpense": "121000000", "interestAndDebtExpense": "None", "netIncomeFromContinuingOperations": "366000000", "comprehensiveIncomeNetOfTax": "None", "ebit": "487000000", "ebitda": "545000000", "netIncome": "335000000"}, {"fiscalDateEnding": "2012-12-31", "reportedCurrency": "USD", "grossProfit": "2642000000", "totalRevenue": "2642000000", "costOfRevenue": "1234000000", "costofGoodsAndServicesSold": "1234000000", "operatingIncome": "418000000", "sellingGeneralAndAdministrative": "760000000", "researchAndDevelopment": "0", "operatingExpenses": "2224000000", "investmentIncomeNet": "None", "netInterestIncome": "None", "interestIncome": "None", "interestExpense": "35000000", "nonInterestIncome": "None", "otherNonOperatingIncome": "None", "depreciation": "None", "depreciationAndAmortization": "57000000", "incomeBeforeTax": "418000000", "incomeTaxExpense": "87000000", "interestAndDebtExpense": "None", "netIncomeFromContinuingOperations": "331000000", "comprehensiveIncomeNetOfTax": "None", "ebit": "418000000", "ebitda": "475000000", "netIncome": "389000000"}, {"fiscalDateEnding": "2012-09-30", "reportedCurrency": "USD", "grossProfit": "2468000000", "totalRevenue": "2468000000", "costOfRevenue": "1276000000", "costofGoodsAndServicesSold": "1276000000", "operatingIncome": "199000000", "sellingGeneralAndAdministrative": "718000000", "researchAndDevelopment": "0", "operatingExpenses": "2269000000", "investmentIncomeNet": "None", "netInterestIncome": "None", "interestIncome": "None", "interestExpense": "68000000", "nonInterestIncome": "None", "otherNonOperatingIncome": "None", "depreciation": "None", "depreciationAndAmortization": "58000000", "incomeBeforeTax": "199000000", "incomeTaxExpense": "47000000", "interestAndDebtExpense": "None", "netIncomeFromContinuingOperations": "152000000", "comprehensiveIncomeNetOfTax": "None", "ebit": "199000000", "ebitda": "257000000", "netIncome": "173000000"}, {"fiscalDateEnding": "2012-06-30", "reportedCurrency": "USD", "grossProfit": "2514000000", "totalRevenue": "2514000000", "costOfRevenue": "406000000", "costofGoodsAndServicesSold": "406000000", "operatingIncome": "299000000", "sellingGeneralAndAdministrative": "763000000", "researchAndDevelopment": "0", "operatingExpenses": "2215000000", "investmentIncomeNet": "None", "netInterestIncome": "None", "interestIncome": "None", "interestExpense": "72000000", "nonInterestIncome": "None", "otherNonOperatingIncome": "None", "depreciation": "None", "depreciationAndAmortization": "54000000", "incomeBeforeTax": "299000000", "incomeTaxExpense": "128000000", "interestAndDebtExpense": "None", "netIncomeFromContinuingOperations": "171000000", "comprehensiveIncomeNetOfTax": "None", "ebit": "299000000", "ebitda": "353000000", "netIncome": "223000000"}, {"fiscalDateEnding": "2012-03-31", "reportedCurrency": "USD", "grossProfit": "2561000000", "totalRevenue": "2561000000", "costOfRevenue": "-11000000", "costofGoodsAndServicesSold": "-11000000", "operatingIncome": "322000000", "sellingGeneralAndAdministrative": "762000000", "researchAndDevelopment": "0", "operatingExpenses": "2239000000", "investmentIncomeNet": "None", "netInterestIncome": "None", "interestIncome": "None", "interestExpense": "69000000", "nonInterestIncome": "None", "otherNonOperatingIncome": "None", "depreciation": "None", "depreciationAndAmortization": "56000000", "incomeBeforeTax": "322000000", "incomeTaxExpense": "73000000", "interestAndDebtExpense": "None", "netIncomeFromContinuingOperations": "249000000", "comprehensiveIncomeNetOfTax": "None", "ebit": "322000000", "ebitda": "378000000", "netIncome": "244000000"}, {"fiscalDateEnding": "2011-12-31", "reportedCurrency": "USD", "grossProfit": "2629000000", "totalRevenue": "2629000000", "costOfRevenue": "521000000", "costofGoodsAndServicesSold": "521000000", "operatingIncome": "352000000", "sellingGeneralAndAdministrative": "2965000000", "researchAndDevelopment": "0", "operatingExpenses": "2277000000", "investmentIncomeNet": "None", "netInterestIncome": "None", "interestIncome": "None", "interestExpense": "143000000", "nonInterestIncome": "None", "otherNonOperatingIncome": "None", "depreciation": "None", "depreciationAndAmortization": "49000000", "incomeBeforeTax": "352000000", "incomeTaxExpense": "67000000", "interestAndDebtExpense": "None", "netIncomeFromContinuingOperations": "356000000", "comprehensiveIncomeNetOfTax": "None", "ebit": "352000000", "ebitda": "401000000", "netIncome": "253000000"}, {"fiscalDateEnding": "2011-09-30", "reportedCurrency": "USD", "grossProfit": "2467000000", "totalRevenue": "2467000000", "costOfRevenue": "12000000", "costofGoodsAndServicesSold": "12000000", "operatingIncome": "326000000", "sellingGeneralAndAdministrative": "725000000", "researchAndDevelopment": "0", "operatingExpenses": "2141000000", "investmentIncomeNet": "None", "netInterestIncome": "None", "interestIncome": "None", "interestExpense": "83000000", "nonInterestIncome": "None", "otherNonOperatingIncome": "None", "depreciation": "None", "depreciationAndAmortization": "-6000000", "incomeBeforeTax": "326000000", "incomeTaxExpense": "109000000", "interestAndDebtExpense": "None", "netIncomeFromContinuingOperations": "166000000", "comprehensiveIncomeNetOfTax": "None", "ebit": "326000000", "ebitda": "320000000", "netIncome": "324000000"}, {"fiscalDateEnding": "2011-06-30", "reportedCurrency": "USD", "grossProfit": "2634000000", "totalRevenue": "2634000000", "costOfRevenue": "11000000", "costofGoodsAndServicesSold": "11000000", "operatingIncome": "409000000", "sellingGeneralAndAdministrative": "750000000", "researchAndDevelopment": "0", "operatingExpenses": "2225000000", "investmentIncomeNet": "None", "netInterestIncome": "None", "interestIncome": "None", "interestExpense": "86000000", "nonInterestIncome": "None", "otherNonOperatingIncome": "None", "depreciation": "None", "depreciationAndAmortization": "37000000", "incomeBeforeTax": "409000000", "incomeTaxExpense": "118000000", "interestAndDebtExpense": "None", "netIncomeFromContinuingOperations": "285000000", "comprehensiveIncomeNetOfTax": "None", "ebit": "409000000", "ebitda": "446000000", "netIncome": "315000000"}, {"fiscalDateEnding": "2011-03-31", "reportedCurrency": "USD", "grossProfit": "2545000000", "totalRevenue": "2545000000", "costOfRevenue": "397000000", "costofGoodsAndServicesSold": "397000000", "operatingIncome": "386000000", "sellingGeneralAndAdministrative": "885000000", "researchAndDevelopment": "0", "operatingExpenses": "2159000000", "investmentIncomeNet": "None", "netInterestIncome": "None", "interestIncome": "None", "interestExpense": "88000000", "nonInterestIncome": "None", "otherNonOperatingIncome": "None", "depreciation": "None", "depreciationAndAmortization": "30000000", "incomeBeforeTax": "386000000", "incomeTaxExpense": "92000000", "interestAndDebtExpense": "None", "netIncomeFromContinuingOperations": "223000000", "comprehensiveIncomeNetOfTax": "None", "ebit": "386000000", "ebitda": "416000000", "netIncome": "241000000"}, {"fiscalDateEnding": "2010-12-31", "reportedCurrency": "USD", "grossProfit": "2692000000", "totalRevenue": "2692000000", "costOfRevenue": "479000000", "costofGoodsAndServicesSold": "479000000", "operatingIncome": "325000000", "sellingGeneralAndAdministrative": "2868000000", "researchAndDevelopment": "0", "operatingExpenses": "2367000000", "investmentIncomeNet": "None", "netInterestIncome": "None", "interestIncome": "None", "interestExpense": "664000000", "nonInterestIncome": "None", "otherNonOperatingIncome": "None", "depreciation": "None", "depreciationAndAmortization": "31000000", "incomeBeforeTax": "325000000", "incomeTaxExpense": "71000000", "interestAndDebtExpense": "None", "netIncomeFromContinuingOperations": "254000000", "comprehensiveIncomeNetOfTax": "None", "ebit": "325000000", "ebitda": "356000000", "netIncome": "280000000"}, {"fiscalDateEnding": "2010-09-30", "reportedCurrency": "USD", "grossProfit": "2334000000", "totalRevenue": "2334000000", "costOfRevenue": "655000000", "costofGoodsAndServicesSold": "655000000", "operatingIncome": "446000000", "sellingGeneralAndAdministrative": "702000000", "researchAndDevelopment": "0", "operatingExpenses": "1888000000", "investmentIncomeNet": "None", "netInterestIncome": "None", "interestIncome": "None", "interestExpense": "74000000", "nonInterestIncome": "None", "otherNonOperatingIncome": "None", "depreciation": "None", "depreciationAndAmortization": "31000000", "incomeBeforeTax": "446000000", "incomeTaxExpense": "132000000", "interestAndDebtExpense": "None", "netIncomeFromContinuingOperations": "312000000", "comprehensiveIncomeNetOfTax": "None", "ebit": "446000000", "ebitda": "477000000", "netIncome": "344000000"}, {"fiscalDateEnding": "2010-06-30", "reportedCurrency": "USD", "grossProfit": "2462000000", "totalRevenue": "2462000000", "costOfRevenue": "-191000000", "costofGoodsAndServicesSold": "-191000000", "operatingIncome": "462000000", "sellingGeneralAndAdministrative": "716000000", "researchAndDevelopment": "0", "operatingExpenses": "2000000000", "investmentIncomeNet": "None", "netInterestIncome": "None", "interestIncome": "None", "interestExpense": "74000000", "nonInterestIncome": "None", "otherNonOperatingIncome": "None", "depreciation": "None", "depreciationAndAmortization": "26000000", "incomeBeforeTax": "462000000", "incomeTaxExpense": "66000000", "interestAndDebtExpense": "None", "netIncomeFromContinuingOperations": "398000000", "comprehensiveIncomeNetOfTax": "None", "ebit": "462000000", "ebitda": "488000000", "netIncome": "259000000"}, {"fiscalDateEnding": "2010-03-31", "reportedCurrency": "USD", "grossProfit": "2271000000", "totalRevenue": "2271000000", "costOfRevenue": "375000000", "costofGoodsAndServicesSold": "375000000", "operatingIncome": "361000000", "sellingGeneralAndAdministrative": "621000000", "researchAndDevelopment": "0", "operatingExpenses": "1910000000", "investmentIncomeNet": "None", "netInterestIncome": "None", "interestIncome": "None", "interestExpense": "64000000", "nonInterestIncome": "None", "otherNonOperatingIncome": "None", "depreciation": "None", "depreciationAndAmortization": "22000000", "incomeBeforeTax": "361000000", "incomeTaxExpense": "65000000", "interestAndDebtExpense": "None", "netIncomeFromContinuingOperations": "296000000", "comprehensiveIncomeNetOfTax": "None", "ebit": "361000000", "ebitda": "383000000", "netIncome": "214000000"}, {"fiscalDateEnding": "2009-12-31", "reportedCurrency": "USD", "grossProfit": "2259000000", "totalRevenue": "2259000000", "costOfRevenue": "1230000000", "costofGoodsAndServicesSold": "1230000000", "operatingIncome": "331000000", "sellingGeneralAndAdministrative": "2514000000", "researchAndDevelopment": "0", "operatingExpenses": "1928000000", "investmentIncomeNet": "None", "netInterestIncome": "None", "interestIncome": "None", "interestExpense": "257000000", "nonInterestIncome": "None", "otherNonOperatingIncome": "None", "depreciation": "None", "depreciationAndAmortization": "19000000", "incomeBeforeTax": "331000000", "incomeTaxExpense": "57000000", "interestAndDebtExpense": "None", "netIncomeFromContinuingOperations": "0", "comprehensiveIncomeNetOfTax": "None", "ebit": "331000000", "ebitda": "350000000", "netIncome": "237000000"}, {"fiscalDateEnding": "2009-09-30", "reportedCurrency": "USD", "grossProfit": "1979000000", "totalRevenue": "1979000000", "costOfRevenue": "339000000", "costofGoodsAndServicesSold": "339000000", "operatingIncome": "340000000", "sellingGeneralAndAdministrative": "625000000", "researchAndDevelopment": "0", "operatingExpenses": "1639000000", "investmentIncomeNet": "None", "netInterestIncome": "None", "interestIncome": "None", "interestExpense": "310000000", "nonInterestIncome": "None", "otherNonOperatingIncome": "None", "depreciation": "None", "depreciationAndAmortization": "20000000", "incomeBeforeTax": "340000000", "incomeTaxExpense": "80000000", "interestAndDebtExpense": "None", "netIncomeFromContinuingOperations": "260000000", "comprehensiveIncomeNetOfTax": "None", "ebit": "340000000", "ebitda": "360000000", "netIncome": "260000000"}, {"fiscalDateEnding": "2009-06-30", "reportedCurrency": "USD", "grossProfit": "1912000000", "totalRevenue": "1912000000", "costOfRevenue": "625000000", "costofGoodsAndServicesSold": "625000000", "operatingIncome": "115000000", "sellingGeneralAndAdministrative": "610000000", "researchAndDevelopment": "0", "operatingExpenses": "1797000000", "investmentIncomeNet": "None", "netInterestIncome": "None", "interestIncome": "None", "interestExpense": "303000000", "nonInterestIncome": "None", "otherNonOperatingIncome": "None", "depreciation": "None", "depreciationAndAmortization": "25000000", "incomeBeforeTax": "115000000", "incomeTaxExpense": "28000000", "interestAndDebtExpense": "None", "netIncomeFromContinuingOperations": "87000000", "comprehensiveIncomeNetOfTax": "None", "ebit": "115000000", "ebitda": "140000000", "netIncome": "95000000"}, {"fiscalDateEnding": "2009-03-31", "reportedCurrency": "USD", "grossProfit": "1758000000", "totalRevenue": "1758000000", "costOfRevenue": "1017000000", "costofGoodsAndServicesSold": "1017000000", "operatingIncome": "134000000", "sellingGeneralAndAdministrative": "585000000", "researchAndDevelopment": "0", "operatingExpenses": "1624000000", "investmentIncomeNet": "None", "netInterestIncome": "None", "interestIncome": "None", "interestExpense": "273000000", "nonInterestIncome": "None", "otherNonOperatingIncome": "None", "depreciation": "None", "depreciationAndAmortization": "56000000", "incomeBeforeTax": "134000000", "incomeTaxExpense": "18000000", "interestAndDebtExpense": "None", "netIncomeFromContinuingOperations": "0", "comprehensiveIncomeNetOfTax": "None", "ebit": "134000000", "ebitda": "190000000", "netIncome": "130000000"}, {"fiscalDateEnding": "2008-12-31", "reportedCurrency": "USD", "grossProfit": "1610000000", "totalRevenue": "1610000000", "costOfRevenue": "1303000000", "costofGoodsAndServicesSold": "1303000000", "operatingIncome": "-641000000", "sellingGeneralAndAdministrative": "1284000000", "researchAndDevelopment": "0", "operatingExpenses": "2251000000", "investmentIncomeNet": "None", "netInterestIncome": "None", "interestIncome": "None", "interestExpense": "75000000", "nonInterestIncome": "None", "otherNonOperatingIncome": "None", "depreciation": "None", "depreciationAndAmortization": "-539000000", "incomeBeforeTax": "-641000000", "incomeTaxExpense": "-272000000", "interestAndDebtExpense": "None", "netIncomeFromContinuingOperations": "0", "comprehensiveIncomeNetOfTax": "None", "ebit": "-641000000", "ebitda": "-1180000000", "netIncome": "-369000000"}, {"fiscalDateEnding": "2008-09-30", "reportedCurrency": "USD", "grossProfit": "1629000000", "totalRevenue": "1629000000", "costOfRevenue": "1140000000", "costofGoodsAndServicesSold": "1140000000", "operatingIncome": "-176000000", "sellingGeneralAndAdministrative": "667000000", "researchAndDevelopment": "0", "operatingExpenses": "1805000000", "investmentIncomeNet": "None", "netInterestIncome": "None", "interestIncome": "None", "interestExpense": "227000000", "nonInterestIncome": "None", "otherNonOperatingIncome": "None", "depreciation": "None", "depreciationAndAmortization": "72000000", "incomeBeforeTax": "-176000000", "incomeTaxExpense": "-92000000", "interestAndDebtExpense": "None", "netIncomeFromContinuingOperations": "0", "comprehensiveIncomeNetOfTax": "None", "ebit": "-176000000", "ebitda": "-104000000", "netIncome": "-70000000"}, {"fiscalDateEnding": "2008-06-30", "reportedCurrency": "USD", "grossProfit": "1968000000", "totalRevenue": "1968000000", "costOfRevenue": "1178000000", "costofGoodsAndServicesSold": "1178000000", "operatingIncome": "232000000", "sellingGeneralAndAdministrative": "567000000", "researchAndDevelopment": "0", "operatingExpenses": "1736000000", "investmentIncomeNet": "None", "netInterestIncome": "None", "interestIncome": "None", "interestExpense": "220000000", "nonInterestIncome": "None", "otherNonOperatingIncome": "None", "depreciation": "None", "depreciationAndAmortization": "97000000", "incomeBeforeTax": "232000000", "incomeTaxExpense": "27000000", "interestAndDebtExpense": "None", "netIncomeFromContinuingOperations": "0", "comprehensiveIncomeNetOfTax": "None", "ebit": "232000000", "ebitda": "329000000", "netIncome": "210000000"}, {"fiscalDateEnding": "2008-03-31", "reportedCurrency": "USD", "grossProfit": "1991000000", "totalRevenue": "1991000000", "costOfRevenue": "1232000000", "costofGoodsAndServicesSold": "1232000000", "operatingIncome": "190000000", "sellingGeneralAndAdministrative": "585000000", "researchAndDevelopment": "0", "operatingExpenses": "1801000000", "investmentIncomeNet": "None", "netInterestIncome": "None", "interestIncome": "None", "interestExpense": "221000000", "nonInterestIncome": "None", "otherNonOperatingIncome": "None", "depreciation": "None", "depreciationAndAmortization": "45000000", "incomeBeforeTax": "190000000", "incomeTaxExpense": "4000000", "interestAndDebtExpense": "None", "netIncomeFromContinuingOperations": "0", "comprehensiveIncomeNetOfTax": "None", "ebit": "190000000", "ebitda": "235000000", "netIncome": "191000000"}, {"fiscalDateEnding": "2007-12-31", "reportedCurrency": "USD", "grossProfit": "2207000000", "totalRevenue": "2207000000", "costOfRevenue": "1228000000", "costofGoodsAndServicesSold": "1228000000", "operatingIncome": "338000000", "sellingGeneralAndAdministrative": "44000000", "researchAndDevelopment": "0", "operatingExpenses": "1869000000", "investmentIncomeNet": "None", "netInterestIncome": "None", "interestIncome": "None", "interestExpense": "19000000", "nonInterestIncome": "None", "otherNonOperatingIncome": "None", "depreciation": "None", "depreciationAndAmortization": "231000000", "incomeBeforeTax": "338000000", "incomeTaxExpense": "83000000", "interestAndDebtExpense": "None", "netIncomeFromContinuingOperations": "0", "comprehensiveIncomeNetOfTax": "None", "ebit": "338000000", "ebitda": "569000000", "netIncome": "255000000"}, {"fiscalDateEnding": "2007-09-30", "reportedCurrency": "USD", "grossProfit": "2084000000", "totalRevenue": "2084000000", "costOfRevenue": "855000000", "costofGoodsAndServicesSold": "855000000", "operatingIncome": "217000000", "sellingGeneralAndAdministrative": "855000000", "researchAndDevelopment": "0", "operatingExpenses": "1867000000", "investmentIncomeNet": "None", "netInterestIncome": "None", "interestIncome": "None", "interestExpense": "84000000", "nonInterestIncome": "None", "otherNonOperatingIncome": "None", "depreciation": "None", "depreciationAndAmortization": "174000000", "incomeBeforeTax": "217000000", "incomeTaxExpense": "19000000", "interestAndDebtExpense": "None", "netIncomeFromContinuingOperations": "0", "comprehensiveIncomeNetOfTax": "None", "ebit": "217000000", "ebitda": "391000000", "netIncome": "198000000"}, {"fiscalDateEnding": "2007-06-30", "reportedCurrency": "USD", "grossProfit": "3636000000", "totalRevenue": "3636000000", "costOfRevenue": "905000000", "costofGoodsAndServicesSold": "905000000", "operatingIncome": "245000000", "sellingGeneralAndAdministrative": "905000000", "researchAndDevelopment": "0", "operatingExpenses": "3391000000", "investmentIncomeNet": "None", "netInterestIncome": "None", "interestIncome": "None", "interestExpense": "29000000", "nonInterestIncome": "None", "otherNonOperatingIncome": "None", "depreciation": "None", "depreciationAndAmortization": "333000000", "incomeBeforeTax": "245000000", "incomeTaxExpense": "49000000", "interestAndDebtExpense": "None", "netIncomeFromContinuingOperations": "0", "comprehensiveIncomeNetOfTax": "None", "ebit": "245000000", "ebitda": "578000000", "netIncome": "196000000"}, {"fiscalDateEnding": "2007-03-31", "reportedCurrency": "USD", "grossProfit": "2027000000", "totalRevenue": "2027000000", "costOfRevenue": "842000000", "costofGoodsAndServicesSold": "842000000", "operatingIncome": "216000000", "sellingGeneralAndAdministrative": "842000000", "researchAndDevelopment": "0", "operatingExpenses": "1811000000", "investmentIncomeNet": "None", "netInterestIncome": "None", "interestIncome": "None", "interestExpense": "32000000", "nonInterestIncome": "None", "otherNonOperatingIncome": "None", "depreciation": "None", "depreciationAndAmortization": "41000000", "incomeBeforeTax": "216000000", "incomeTaxExpense": "51000000", "interestAndDebtExpense": "None", "netIncomeFromContinuingOperations": "0", "comprehensiveIncomeNetOfTax": "None", "ebit": "216000000", "ebitda": "257000000", "netIncome": "165000000"}, {"fiscalDateEnding": "2006-12-31", "reportedCurrency": "USD", "grossProfit": "2161000000", "totalRevenue": "2161000000", "costOfRevenue": "467000000", "costofGoodsAndServicesSold": "467000000", "operatingIncome": "203000000", "sellingGeneralAndAdministrative": "852000000", "researchAndDevelopment": "0", "operatingExpenses": "1958000000", "investmentIncomeNet": "None", "netInterestIncome": "None", "interestIncome": "None", "interestExpense": "33000000", "nonInterestIncome": "None", "otherNonOperatingIncome": "None", "depreciation": "None", "depreciationAndAmortization": "146000000", "incomeBeforeTax": "203000000", "incomeTaxExpense": "32000000", "interestAndDebtExpense": "None", "netIncomeFromContinuingOperations": "0", "comprehensiveIncomeNetOfTax": "None", "ebit": "203000000", "ebitda": "349000000", "netIncome": "171000000"}, {"fiscalDateEnding": "2006-09-30", "reportedCurrency": "USD", "grossProfit": "1977000000", "totalRevenue": "1977000000", "costOfRevenue": "756000000", "costofGoodsAndServicesSold": "756000000", "operatingIncome": "217000000", "sellingGeneralAndAdministrative": "756000000", "researchAndDevelopment": "0", "operatingExpenses": "1760000000", "investmentIncomeNet": "None", "netInterestIncome": "None", "interestIncome": "None", "interestExpense": "32000000", "nonInterestIncome": "None", "otherNonOperatingIncome": "None", "depreciation": "None", "depreciationAndAmortization": "443000000", "incomeBeforeTax": "217000000", "incomeTaxExpense": "43000000", "interestAndDebtExpense": "None", "netIncomeFromContinuingOperations": "0", "comprehensiveIncomeNetOfTax": "None", "ebit": "217000000", "ebitda": "660000000", "netIncome": "174000000"}, {"fiscalDateEnding": "2006-06-30", "reportedCurrency": "USD", "grossProfit": "2053000000", "totalRevenue": "2053000000", "costOfRevenue": "766000000", "costofGoodsAndServicesSold": "766000000", "operatingIncome": "186000000", "sellingGeneralAndAdministrative": "766000000", "researchAndDevelopment": "0", "operatingExpenses": "1867000000", "investmentIncomeNet": "None", "netInterestIncome": "None", "interestIncome": "None", "interestExpense": "28000000", "nonInterestIncome": "None", "otherNonOperatingIncome": "None", "depreciation": "None", "depreciationAndAmortization": "57000000", "incomeBeforeTax": "186000000", "incomeTaxExpense": "45000000", "interestAndDebtExpense": "None", "netIncomeFromContinuingOperations": "0", "comprehensiveIncomeNetOfTax": "None", "ebit": "186000000", "ebitda": "243000000", "netIncome": "141000000"}, {"fiscalDateEnding": "2006-03-31", "reportedCurrency": "USD", "grossProfit": "1949000000", "totalRevenue": "1949000000", "costOfRevenue": "739000000", "costofGoodsAndServicesSold": "739000000", "operatingIncome": "191000000", "sellingGeneralAndAdministrative": "739000000", "researchAndDevelopment": "0", "operatingExpenses": "1758000000", "investmentIncomeNet": "None", "netInterestIncome": "None", "interestIncome": "None", "interestExpense": "23000000", "nonInterestIncome": "None", "otherNonOperatingIncome": "None", "depreciation": "None", "depreciationAndAmortization": "40000000", "incomeBeforeTax": "191000000", "incomeTaxExpense": "46000000", "interestAndDebtExpense": "None", "netIncomeFromContinuingOperations": "0", "comprehensiveIncomeNetOfTax": "None", "ebit": "191000000", "ebitda": "231000000", "netIncome": "145000000"}, {"fiscalDateEnding": "2005-12-31", "reportedCurrency": "USD", "grossProfit": "1869000000", "totalRevenue": "1869000000", "costOfRevenue": "1551000000", "costofGoodsAndServicesSold": "1551000000", "operatingIncome": "127000000", "sellingGeneralAndAdministrative": "655000000", "researchAndDevelopment": "0", "operatingExpenses": "1742000000", "investmentIncomeNet": "None", "netInterestIncome": "None", "interestIncome": "None", "interestExpense": "21000000", "nonInterestIncome": "None", "otherNonOperatingIncome": "None", "depreciation": "None", "depreciationAndAmortization": "66000000", "incomeBeforeTax": "127000000", "incomeTaxExpense": "16000000", "interestAndDebtExpense": "None", "netIncomeFromContinuingOperations": "0", "comprehensiveIncomeNetOfTax": "None", "ebit": "127000000", "ebitda": "193000000", "netIncome": "111000000"}, {"fiscalDateEnding": "2005-09-30", "reportedCurrency": "USD", "grossProfit": "1873000000", "totalRevenue": "1873000000", "costOfRevenue": "703000000", "costofGoodsAndServicesSold": "703000000", "operatingIncome": "181000000", "sellingGeneralAndAdministrative": "703000000", "researchAndDevelopment": "0", "operatingExpenses": "1692000000", "investmentIncomeNet": "None", "netInterestIncome": "None", "interestIncome": "None", "interestExpense": "16000000", "nonInterestIncome": "None", "otherNonOperatingIncome": "None", "depreciation": "None", "depreciationAndAmortization": "48000000", "incomeBeforeTax": "181000000", "incomeTaxExpense": "58000000", "interestAndDebtExpense": "None", "netIncomeFromContinuingOperations": "0", "comprehensiveIncomeNetOfTax": "None", "ebit": "181000000", "ebitda": "229000000", "netIncome": "125000000"}, {"fiscalDateEnding": "2005-06-30", "reportedCurrency": "USD", "grossProfit": "1895000000", "totalRevenue": "1895000000", "costOfRevenue": "1301000000", "costofGoodsAndServicesSold": "1301000000", "operatingIncome": "191000000", "sellingGeneralAndAdministrative": "651000000", "researchAndDevelopment": "0", "operatingExpenses": "1704000000", "investmentIncomeNet": "None", "netInterestIncome": "None", "interestIncome": "None", "interestExpense": "19000000", "nonInterestIncome": "None", "otherNonOperatingIncome": "None", "depreciation": "None", "depreciationAndAmortization": "None", "incomeBeforeTax": "191000000", "incomeTaxExpense": "42000000", "interestAndDebtExpense": "None", "netIncomeFromContinuingOperations": "0", "comprehensiveIncomeNetOfTax": "None", "ebit": "0", "ebitda": "191000000", "netIncome": "155000000"}, {"fiscalDateEnding": "2005-03-31", "reportedCurrency": "USD", "grossProfit": "1847000000", "totalRevenue": "1847000000", "costOfRevenue": "1253000000", "costofGoodsAndServicesSold": "1253000000", "operatingIncome": "246000000", "sellingGeneralAndAdministrative": "641000000", "researchAndDevelopment": "0", "operatingExpenses": "1601000000", "investmentIncomeNet": "None", "netInterestIncome": "None", "interestIncome": "None", "interestExpense": "17000000", "nonInterestIncome": "None", "otherNonOperatingIncome": "None", "depreciation": "None", "depreciationAndAmortization": "None", "incomeBeforeTax": "246000000", "incomeTaxExpense": "71000000", "interestAndDebtExpense": "None", "netIncomeFromContinuingOperations": "0", "comprehensiveIncomeNetOfTax": "None", "ebit": "0", "ebitda": "246000000", "netIncome": "183000000"}, {"fiscalDateEnding": "2004-12-31", "reportedCurrency": "USD", "grossProfit": "2061000000", "totalRevenue": "2061000000", "costOfRevenue": "1101000000", "costofGoodsAndServicesSold": "1101000000", "operatingIncome": "321000000", "sellingGeneralAndAdministrative": "598000000", "researchAndDevelopment": "0", "operatingExpenses": "1740000000", "investmentIncomeNet": "None", "netInterestIncome": "None", "interestIncome": "None", "interestExpense": "482000000", "nonInterestIncome": "None", "otherNonOperatingIncome": "None", "depreciation": "None", "depreciationAndAmortization": "None", "incomeBeforeTax": "321000000", "incomeTaxExpense": "55000000", "interestAndDebtExpense": "None", "netIncomeFromContinuingOperations": "0", "comprehensiveIncomeNetOfTax": "None", "ebit": "0", "ebitda": "321000000", "netIncome": "235000000"}]}