{"symbol": "FDX", "annualReports": [{"fiscalDateEnding": "2024-05-31", "reportedCurrency": "USD", "grossProfit": "18952000000", "totalRevenue": "87693000000", "costOfRevenue": "68741000000", "costofGoodsAndServicesSold": "68741000000", "operatingIncome": "5559000000", "sellingGeneralAndAdministrative": "722000000", "researchAndDevelopment": "None", "operatingExpenses": "12597000000", "investmentIncomeNet": "None", "netInterestIncome": "-375000000", "interestIncome": "370000000", "interestExpense": "745000000", "nonInterestIncome": "None", "otherNonOperatingIncome": "None", "depreciation": "None", "depreciationAndAmortization": "4287000000", "incomeBeforeTax": "5836000000", "incomeTaxExpense": "1505000000", "interestAndDebtExpense": "None", "netIncomeFromContinuingOperations": "4331000000", "comprehensiveIncomeNetOfTax": "None", "ebit": "6581000000", "ebitda": "10868000000", "netIncome": "4331000000"}, {"fiscalDateEnding": "2023-05-31", "reportedCurrency": "USD", "grossProfit": "19166000000", "totalRevenue": "90155000000", "costOfRevenue": "70989000000", "costofGoodsAndServicesSold": "70989000000", "operatingIncome": "4912000000", "sellingGeneralAndAdministrative": "13393000000", "researchAndDevelopment": "None", "operatingExpenses": "13828000000", "investmentIncomeNet": "None", "netInterestIncome": "-496000000", "interestIncome": "496000000", "interestExpense": "401000000", "nonInterestIncome": "None", "otherNonOperatingIncome": "1145000000", "depreciation": "None", "depreciationAndAmortization": "4176000000", "incomeBeforeTax": "5363000000", "incomeTaxExpense": "1391000000", "interestAndDebtExpense": "None", "netIncomeFromContinuingOperations": "3972000000", "comprehensiveIncomeNetOfTax": "None", "ebit": "6427000000", "ebitda": "10603000000", "netIncome": "3972000000"}, {"fiscalDateEnding": "2022-05-31", "reportedCurrency": "USD", "grossProfit": "20167000000", "totalRevenue": "93512000000", "costOfRevenue": "73345000000", "costofGoodsAndServicesSold": "73345000000", "operatingIncome": "6245000000", "sellingGeneralAndAdministrative": "13174000000", "researchAndDevelopment": "None", "operatingExpenses": "13644000000", "investmentIncomeNet": "None", "netInterestIncome": "-636000000", "interestIncome": "53000000", "interestExpense": "689000000", "nonInterestIncome": "None", "otherNonOperatingIncome": "-660000000", "depreciation": "None", "depreciationAndAmortization": "3970000000", "incomeBeforeTax": "4896000000", "incomeTaxExpense": "1070000000", "interestAndDebtExpense": "None", "netIncomeFromContinuingOperations": "3826000000", "comprehensiveIncomeNetOfTax": "None", "ebit": "5797000000", "ebitda": "9767000000", "netIncome": "3826000000"}, {"fiscalDateEnding": "2021-05-31", "reportedCurrency": "USD", "grossProfit": "17954000000", "totalRevenue": "83959000000", "costOfRevenue": "66005000000", "costofGoodsAndServicesSold": "66005000000", "operatingIncome": "5857000000", "sellingGeneralAndAdministrative": "11343000000", "researchAndDevelopment": "None", "operatingExpenses": "11981000000", "investmentIncomeNet": "None", "netInterestIncome": "-741000000", "interestIncome": "741000000", "interestExpense": "793000000", "nonInterestIncome": "None", "otherNonOperatingIncome": "1610000000", "depreciation": "None", "depreciationAndAmortization": "3793000000", "incomeBeforeTax": "6674000000", "incomeTaxExpense": "1443000000", "interestAndDebtExpense": "None", "netIncomeFromContinuingOperations": "5231000000", "comprehensiveIncomeNetOfTax": "None", "ebit": "7956000000", "ebitda": "11749000000", "netIncome": "5231000000"}, {"fiscalDateEnding": "2020-05-31", "reportedCurrency": "USD", "grossProfit": "13344000000", "totalRevenue": "69217000000", "costOfRevenue": "55873000000", "costofGoodsAndServicesSold": "55873000000", "operatingIncome": "3287000000", "sellingGeneralAndAdministrative": "10065000000", "researchAndDevelopment": "None", "operatingExpenses": "10492000000", "investmentIncomeNet": "None", "netInterestIncome": "-617000000", "interestIncome": "55000000", "interestExpense": "672000000", "nonInterestIncome": "None", "otherNonOperatingIncome": "-76000000", "depreciation": "None", "depreciationAndAmortization": "3615000000", "incomeBeforeTax": "1669000000", "incomeTaxExpense": "383000000", "interestAndDebtExpense": "None", "netIncomeFromContinuingOperations": "1286000000", "comprehensiveIncomeNetOfTax": "None", "ebit": "2730000000", "ebitda": "6345000000", "netIncome": "1286000000"}, {"fiscalDateEnding": "2019-05-31", "reportedCurrency": "USD", "grossProfit": "14827000000", "totalRevenue": "69693000000", "costOfRevenue": "54866000000", "costofGoodsAndServicesSold": "54866000000", "operatingIncome": "4466000000", "sellingGeneralAndAdministrative": "9573000000", "researchAndDevelopment": "None", "operatingExpenses": "10041000000", "investmentIncomeNet": "None", "netInterestIncome": "-529000000", "interestIncome": "59000000", "interestExpense": "588000000", "nonInterestIncome": "None", "otherNonOperatingIncome": "-3223000000", "depreciation": "None", "depreciationAndAmortization": "3353000000", "incomeBeforeTax": "655000000", "incomeTaxExpense": "115000000", "interestAndDebtExpense": "None", "netIncomeFromContinuingOperations": "540000000", "comprehensiveIncomeNetOfTax": "None", "ebit": "1581000000", "ebitda": "4934000000", "netIncome": "540000000"}, {"fiscalDateEnding": "2018-05-31", "reportedCurrency": "USD", "grossProfit": "14700000000", "totalRevenue": "65450000000", "costOfRevenue": "50750000000", "costofGoodsAndServicesSold": "50750000000", "operatingIncome": "4740000000", "sellingGeneralAndAdministrative": "8531000000", "researchAndDevelopment": "0", "operatingExpenses": "9450000000", "investmentIncomeNet": "None", "netInterestIncome": "-510000000", "interestIncome": "48000000", "interestExpense": "558000000", "nonInterestIncome": "None", "otherNonOperatingIncome": "41000000", "depreciation": "None", "depreciationAndAmortization": "3095000000", "incomeBeforeTax": "4353000000", "incomeTaxExpense": "-219000000", "interestAndDebtExpense": "None", "netIncomeFromContinuingOperations": "4572000000", "comprehensiveIncomeNetOfTax": "None", "ebit": "5460000000", "ebitda": "8555000000", "netIncome": "4572000000"}, {"fiscalDateEnding": "2017-12-31", "reportedCurrency": "USD", "grossProfit": "6003000000", "totalRevenue": "7447000000", "costOfRevenue": "1444000000", "costofGoodsAndServicesSold": "1444000000", "operatingIncome": "3068000000", "sellingGeneralAndAdministrative": "1927000000", "researchAndDevelopment": "None", "operatingExpenses": "0", "investmentIncomeNet": "None", "netInterestIncome": "None", "interestIncome": "None", "interestExpense": "0", "nonInterestIncome": "None", "otherNonOperatingIncome": "None", "depreciation": "None", "depreciationAndAmortization": "None", "incomeBeforeTax": "1912000000", "incomeTaxExpense": "784000000", "interestAndDebtExpense": "None", "netIncomeFromContinuingOperations": "1128000000", "comprehensiveIncomeNetOfTax": "None", "ebit": "2813000000", "ebitda": "None", "netIncome": "1128000000"}, {"fiscalDateEnding": "2017-05-31", "reportedCurrency": "USD", "grossProfit": "13808000000", "totalRevenue": "60319000000", "costOfRevenue": "46511000000", "costofGoodsAndServicesSold": "46511000000", "operatingIncome": "5037000000", "sellingGeneralAndAdministrative": "7882000000", "researchAndDevelopment": "0", "operatingExpenses": "8771000000", "investmentIncomeNet": "None", "netInterestIncome": "-479000000", "interestIncome": "33000000", "interestExpense": "512000000", "nonInterestIncome": "None", "otherNonOperatingIncome": "54000000", "depreciation": "None", "depreciationAndAmortization": "2995000000", "incomeBeforeTax": "4579000000", "incomeTaxExpense": "1582000000", "interestAndDebtExpense": "None", "netIncomeFromContinuingOperations": "2997000000", "comprehensiveIncomeNetOfTax": "None", "ebit": "5098000000", "ebitda": "8093000000", "netIncome": "2997000000"}, {"fiscalDateEnding": "2016-12-31", "reportedCurrency": "USD", "grossProfit": "6020000000", "totalRevenue": "7517000000", "costOfRevenue": "1497000000", "costofGoodsAndServicesSold": "1497000000", "operatingIncome": "3048000000", "sellingGeneralAndAdministrative": "2046000000", "researchAndDevelopment": "None", "operatingExpenses": "0", "investmentIncomeNet": "None", "netInterestIncome": "None", "interestIncome": "None", "interestExpense": "0", "nonInterestIncome": "None", "otherNonOperatingIncome": "None", "depreciation": "None", "depreciationAndAmortization": "None", "incomeBeforeTax": "2550000000", "incomeTaxExpense": "648000000", "interestAndDebtExpense": "None", "netIncomeFromContinuingOperations": "1902000000", "comprehensiveIncomeNetOfTax": "None", "ebit": "3438000000", "ebitda": "None", "netIncome": "1902000000"}, {"fiscalDateEnding": "2016-05-31", "reportedCurrency": "USD", "grossProfit": "10328000000", "totalRevenue": "50365000000", "costOfRevenue": "40037000000", "costofGoodsAndServicesSold": "40037000000", "operatingIncome": "3077000000", "sellingGeneralAndAdministrative": "7894000000", "researchAndDevelopment": "0", "operatingExpenses": "7251000000", "investmentIncomeNet": "None", "netInterestIncome": "-315000000", "interestIncome": "315000000", "interestExpense": "336000000", "nonInterestIncome": "None", "otherNonOperatingIncome": "-1000000", "depreciation": "None", "depreciationAndAmortization": "2631000000", "incomeBeforeTax": "2740000000", "incomeTaxExpense": "920000000", "interestAndDebtExpense": "None", "netIncomeFromContinuingOperations": "1820000000", "comprehensiveIncomeNetOfTax": "None", "ebit": "4900000000", "ebitda": "7531000000", "netIncome": "1820000000"}, {"fiscalDateEnding": "2015-12-31", "reportedCurrency": "USD", "grossProfit": "5951000000", "totalRevenue": "7669000000", "costOfRevenue": "1718000000", "costofGoodsAndServicesSold": "1718000000", "operatingIncome": "2831000000", "sellingGeneralAndAdministrative": "2237000000", "researchAndDevelopment": "None", "operatingExpenses": "0", "investmentIncomeNet": "None", "netInterestIncome": "None", "interestIncome": "None", "interestExpense": "0", "nonInterestIncome": "None", "otherNonOperatingIncome": "None", "depreciation": "None", "depreciationAndAmortization": "None", "incomeBeforeTax": "2068000000", "incomeTaxExpense": "465000000", "interestAndDebtExpense": "None", "netIncomeFromContinuingOperations": "1603000000", "comprehensiveIncomeNetOfTax": "None", "ebit": "2939000000", "ebitda": "None", "netIncome": "682000000"}, {"fiscalDateEnding": "2015-05-31", "reportedCurrency": "USD", "grossProfit": "8558000000", "totalRevenue": "47453000000", "costOfRevenue": "38895000000", "costofGoodsAndServicesSold": "38895000000", "operatingIncome": "1867000000", "sellingGeneralAndAdministrative": "25624000000", "researchAndDevelopment": "0", "operatingExpenses": "6415000000", "investmentIncomeNet": "None", "netInterestIncome": "None", "interestIncome": "None", "interestExpense": "235000000", "nonInterestIncome": "None", "otherNonOperatingIncome": "-5000000", "depreciation": "None", "depreciationAndAmortization": "2611000000", "incomeBeforeTax": "1627000000", "incomeTaxExpense": "577000000", "interestAndDebtExpense": "None", "netIncomeFromContinuingOperations": "1050000000", "comprehensiveIncomeNetOfTax": "None", "ebit": "4530000000", "ebitda": "7141000000", "netIncome": "1050000000"}, {"fiscalDateEnding": "2014-05-31", "reportedCurrency": "USD", "grossProfit": "9373000000", "totalRevenue": "45567000000", "costOfRevenue": "36194000000", "costofGoodsAndServicesSold": "36194000000", "operatingIncome": "3446000000", "sellingGeneralAndAdministrative": "24344000000", "researchAndDevelopment": "0", "operatingExpenses": "5927000000", "investmentIncomeNet": "None", "netInterestIncome": "None", "interestIncome": "None", "interestExpense": "160000000", "nonInterestIncome": "None", "otherNonOperatingIncome": "3000000", "depreciation": "None", "depreciationAndAmortization": "2587000000", "incomeBeforeTax": "3289000000", "incomeTaxExpense": "1192000000", "interestAndDebtExpense": "None", "netIncomeFromContinuingOperations": "2097000000", "comprehensiveIncomeNetOfTax": "None", "ebit": "3449000000", "ebitda": "6036000000", "netIncome": "2097000000"}, {"fiscalDateEnding": "2013-05-31", "reportedCurrency": "USD", "grossProfit": "8883000000", "totalRevenue": "44287000000", "costOfRevenue": "35404000000", "costofGoodsAndServicesSold": "35404000000", "operatingIncome": "2551000000", "sellingGeneralAndAdministrative": "24151000000", "researchAndDevelopment": "0", "operatingExpenses": "5672000000", "investmentIncomeNet": "None", "netInterestIncome": "None", "interestIncome": "None", "interestExpense": "82000000", "nonInterestIncome": "None", "otherNonOperatingIncome": "-14000000", "depreciation": "None", "depreciationAndAmortization": "2386000000", "incomeBeforeTax": "2455000000", "incomeTaxExpense": "894000000", "interestAndDebtExpense": "None", "netIncomeFromContinuingOperations": "1561000000", "comprehensiveIncomeNetOfTax": "None", "ebit": "2537000000", "ebitda": "4923000000", "netIncome": "1561000000"}, {"fiscalDateEnding": "2012-05-31", "reportedCurrency": "USD", "grossProfit": "26922000000", "totalRevenue": "42680000000", "costOfRevenue": "15758000000", "costofGoodsAndServicesSold": "15758000000", "operatingIncome": "3186000000", "sellingGeneralAndAdministrative": "16099000000", "researchAndDevelopment": "0", "operatingExpenses": "23602000000", "investmentIncomeNet": "None", "netInterestIncome": "None", "interestIncome": "None", "interestExpense": "39000000", "nonInterestIncome": "None", "otherNonOperatingIncome": "7000000", "depreciation": "None", "depreciationAndAmortization": "2113000000", "incomeBeforeTax": "3141000000", "incomeTaxExpense": "1109000000", "interestAndDebtExpense": "None", "netIncomeFromContinuingOperations": "2032000000", "comprehensiveIncomeNetOfTax": "None", "ebit": "3193000000", "ebitda": "5306000000", "netIncome": "2032000000"}, {"fiscalDateEnding": "2011-05-31", "reportedCurrency": "USD", "grossProfit": "25038000000", "totalRevenue": "39304000000", "costOfRevenue": "14266000000", "costofGoodsAndServicesSold": "14266000000", "operatingIncome": "2378000000", "sellingGeneralAndAdministrative": "15276000000", "researchAndDevelopment": "0", "operatingExpenses": "22571000000", "investmentIncomeNet": "None", "netInterestIncome": "None", "interestIncome": "None", "interestExpense": "77000000", "nonInterestIncome": "None", "otherNonOperatingIncome": "-27000000", "depreciation": "None", "depreciationAndAmortization": "1973000000", "incomeBeforeTax": "2265000000", "incomeTaxExpense": "813000000", "interestAndDebtExpense": "None", "netIncomeFromContinuingOperations": "1452000000", "comprehensiveIncomeNetOfTax": "None", "ebit": "2351000000", "ebitda": "4324000000", "netIncome": "1452000000"}, {"fiscalDateEnding": "2010-05-31", "reportedCurrency": "USD", "grossProfit": "27544000000", "totalRevenue": "34734000000", "costOfRevenue": "7190000000", "costofGoodsAndServicesSold": "7190000000", "operatingIncome": "1998000000", "sellingGeneralAndAdministrative": "14027000000", "researchAndDevelopment": "0", "operatingExpenses": "20810000000", "investmentIncomeNet": "None", "netInterestIncome": "None", "interestIncome": "None", "interestExpense": "71000000", "nonInterestIncome": "None", "otherNonOperatingIncome": "-25000000", "depreciation": "None", "depreciationAndAmortization": "1958000000", "incomeBeforeTax": "1894000000", "incomeTaxExpense": "710000000", "interestAndDebtExpense": "None", "netIncomeFromContinuingOperations": "1184000000", "comprehensiveIncomeNetOfTax": "None", "ebit": "1973000000", "ebitda": "3931000000", "netIncome": "1184000000"}, {"fiscalDateEnding": "2009-05-31", "reportedCurrency": "USD", "grossProfit": "29788000000", "totalRevenue": "35497000000", "costOfRevenue": "5709000000", "costofGoodsAndServicesSold": "5709000000", "operatingIncome": "747000000", "sellingGeneralAndAdministrative": "20730000000", "researchAndDevelopment": "None", "operatingExpenses": "22705000000", "investmentIncomeNet": "None", "netInterestIncome": "None", "interestIncome": "None", "interestExpense": "85000000", "nonInterestIncome": "None", "otherNonOperatingIncome": "None", "depreciation": "None", "depreciationAndAmortization": "1975000000", "incomeBeforeTax": "677000000", "incomeTaxExpense": "579000000", "interestAndDebtExpense": "None", "netIncomeFromContinuingOperations": "None", "comprehensiveIncomeNetOfTax": "None", "ebit": "762000000", "ebitda": "2737000000", "netIncome": "98000000"}, {"fiscalDateEnding": "2008-05-31", "reportedCurrency": "USD", "grossProfit": "29283000000", "totalRevenue": "37953000000", "costOfRevenue": "8670000000", "costofGoodsAndServicesSold": "8670000000", "operatingIncome": "2075000000", "sellingGeneralAndAdministrative": "14202000000", "researchAndDevelopment": "None", "operatingExpenses": "21444000000", "investmentIncomeNet": "None", "netInterestIncome": "None", "interestIncome": "None", "interestExpense": "98000000", "nonInterestIncome": "None", "otherNonOperatingIncome": "None", "depreciation": "None", "depreciationAndAmortization": "1946000000", "incomeBeforeTax": "2016000000", "incomeTaxExpense": "891000000", "interestAndDebtExpense": "None", "netIncomeFromContinuingOperations": "None", "comprehensiveIncomeNetOfTax": "None", "ebit": "2114000000", "ebitda": "4060000000", "netIncome": "1125000000"}], "quarterlyReports": [{"fiscalDateEnding": "2025-02-28", "reportedCurrency": "USD", "grossProfit": "5797000000", "totalRevenue": "22160000000", "costOfRevenue": "16363000000", "costofGoodsAndServicesSold": "16363000000", "operatingIncome": "1292000000", "sellingGeneralAndAdministrative": "None", "researchAndDevelopment": "None", "operatingExpenses": "4505000000", "investmentIncomeNet": "None", "netInterestIncome": "-116000000", "interestIncome": "None", "interestExpense": "None", "nonInterestIncome": "None", "otherNonOperatingIncome": "None", "depreciation": "None", "depreciationAndAmortization": "1066000000", "incomeBeforeTax": "1181000000", "incomeTaxExpense": "272000000", "interestAndDebtExpense": "None", "netIncomeFromContinuingOperations": "909000000", "comprehensiveIncomeNetOfTax": "None", "ebit": "1471000000", "ebitda": "2537000000", "netIncome": "909000000"}, {"fiscalDateEnding": "2024-11-30", "reportedCurrency": "USD", "grossProfit": "5642000000", "totalRevenue": "21967000000", "costOfRevenue": "16325000000", "costofGoodsAndServicesSold": "16325000000", "operatingIncome": "1052000000", "sellingGeneralAndAdministrative": "None", "researchAndDevelopment": "None", "operatingExpenses": "4590000000", "investmentIncomeNet": "None", "netInterestIncome": "-102000000", "interestIncome": "None", "interestExpense": "None", "nonInterestIncome": "None", "otherNonOperatingIncome": "None", "depreciation": "None", "depreciationAndAmortization": "1063000000", "incomeBeforeTax": "981000000", "incomeTaxExpense": "240000000", "interestAndDebtExpense": "None", "netIncomeFromContinuingOperations": "741000000", "comprehensiveIncomeNetOfTax": "None", "ebit": "1378000000", "ebitda": "2441000000", "netIncome": "741000000"}, {"fiscalDateEnding": "2024-08-31", "reportedCurrency": "USD", "grossProfit": "4376000000", "totalRevenue": "21579000000", "costOfRevenue": "17203000000", "costofGoodsAndServicesSold": "17203000000", "operatingIncome": "1080000000", "sellingGeneralAndAdministrative": "None", "researchAndDevelopment": "None", "operatingExpenses": "3168000000", "investmentIncomeNet": "None", "netInterestIncome": "-84000000", "interestIncome": "None", "interestExpense": "None", "nonInterestIncome": "None", "otherNonOperatingIncome": "None", "depreciation": "None", "depreciationAndAmortization": "1078000000", "incomeBeforeTax": "1056000000", "incomeTaxExpense": "262000000", "interestAndDebtExpense": "None", "netIncomeFromContinuingOperations": "794000000", "comprehensiveIncomeNetOfTax": "None", "ebit": "1208000000", "ebitda": "2286000000", "netIncome": "794000000"}, {"fiscalDateEnding": "2024-05-31", "reportedCurrency": "USD", "grossProfit": "5123000000", "totalRevenue": "22109000000", "costOfRevenue": "16986000000", "costofGoodsAndServicesSold": "16986000000", "operatingIncome": "1987000000", "sellingGeneralAndAdministrative": "602000000", "researchAndDevelopment": "None", "operatingExpenses": "3136000000", "investmentIncomeNet": "None", "netInterestIncome": "-96000000", "interestIncome": "None", "interestExpense": "96000000", "nonInterestIncome": "None", "otherNonOperatingIncome": "None", "depreciation": "None", "depreciationAndAmortization": "1104000000", "incomeBeforeTax": "2028000000", "incomeTaxExpense": "554000000", "interestAndDebtExpense": "None", "netIncomeFromContinuingOperations": "1474000000", "comprehensiveIncomeNetOfTax": "None", "ebit": "2475000000", "ebitda": "3579000000", "netIncome": "1474000000"}, {"fiscalDateEnding": "2024-02-29", "reportedCurrency": "USD", "grossProfit": "4539000000", "totalRevenue": "21738000000", "costOfRevenue": "17199000000", "costofGoodsAndServicesSold": "17199000000", "operatingIncome": "1243000000", "sellingGeneralAndAdministrative": "40000000", "researchAndDevelopment": "None", "operatingExpenses": "3182000000", "investmentIncomeNet": "None", "netInterestIncome": "-91000000", "interestIncome": "None", "interestExpense": "91000000", "nonInterestIncome": "None", "otherNonOperatingIncome": "None", "depreciation": "None", "depreciationAndAmortization": "1072000000", "incomeBeforeTax": "1183000000", "incomeTaxExpense": "304000000", "interestAndDebtExpense": "None", "netIncomeFromContinuingOperations": "879000000", "comprehensiveIncomeNetOfTax": "None", "ebit": "1397000000", "ebitda": "2469000000", "netIncome": "879000000"}, {"fiscalDateEnding": "2023-11-30", "reportedCurrency": "USD", "grossProfit": "5617000000", "totalRevenue": "22165000000", "costOfRevenue": "16548000000", "costofGoodsAndServicesSold": "16548000000", "operatingIncome": "1276000000", "sellingGeneralAndAdministrative": "41000000", "researchAndDevelopment": "None", "operatingExpenses": "4341000000", "investmentIncomeNet": "None", "netInterestIncome": "-97000000", "interestIncome": "None", "interestExpense": "97000000", "nonInterestIncome": "None", "otherNonOperatingIncome": "None", "depreciation": "None", "depreciationAndAmortization": "1040000000", "incomeBeforeTax": "1202000000", "incomeTaxExpense": "302000000", "interestAndDebtExpense": "None", "netIncomeFromContinuingOperations": "900000000", "comprehensiveIncomeNetOfTax": "None", "ebit": "1462000000", "ebitda": "2502000000", "netIncome": "900000000"}, {"fiscalDateEnding": "2023-08-31", "reportedCurrency": "USD", "grossProfit": "4713000000", "totalRevenue": "21681000000", "costOfRevenue": "16968000000", "costofGoodsAndServicesSold": "16968000000", "operatingIncome": "1485000000", "sellingGeneralAndAdministrative": "39000000", "researchAndDevelopment": "None", "operatingExpenses": "3123000000", "investmentIncomeNet": "None", "netInterestIncome": "-91000000", "interestIncome": "91000000", "interestExpense": "91000000", "nonInterestIncome": "None", "otherNonOperatingIncome": "None", "depreciation": "None", "depreciationAndAmortization": "1071000000", "incomeBeforeTax": "1423000000", "incomeTaxExpense": "345000000", "interestAndDebtExpense": "None", "netIncomeFromContinuingOperations": "1078000000", "comprehensiveIncomeNetOfTax": "None", "ebit": "1629000000", "ebitda": "2700000000", "netIncome": "1078000000"}, {"fiscalDateEnding": "2023-05-31", "reportedCurrency": "USD", "grossProfit": "5243000000", "totalRevenue": "21930000000", "costOfRevenue": "16687000000", "costofGoodsAndServicesSold": "16687000000", "operatingIncome": "1503000000", "sellingGeneralAndAdministrative": "3041000000", "researchAndDevelopment": "None", "operatingExpenses": "3511000000", "investmentIncomeNet": "None", "netInterestIncome": "-105000000", "interestIncome": "105000000", "interestExpense": "105000000", "nonInterestIncome": "None", "otherNonOperatingIncome": "928000000", "depreciation": "None", "depreciationAndAmortization": "1075000000", "incomeBeforeTax": "2128000000", "incomeTaxExpense": "590000000", "interestAndDebtExpense": "None", "netIncomeFromContinuingOperations": "1538000000", "comprehensiveIncomeNetOfTax": "None", "ebit": "2517000000", "ebitda": "3592000000", "netIncome": "1538000000"}, {"fiscalDateEnding": "2023-02-28", "reportedCurrency": "USD", "grossProfit": "4575000000", "totalRevenue": "22169000000", "costOfRevenue": "17594000000", "costofGoodsAndServicesSold": "17594000000", "operatingIncome": "257000000", "sellingGeneralAndAdministrative": "102000000", "researchAndDevelopment": "None", "operatingExpenses": "3410000000", "investmentIncomeNet": "None", "netInterestIncome": "-122000000", "interestIncome": "122000000", "interestExpense": "765000000", "nonInterestIncome": "None", "otherNonOperatingIncome": "102000000", "depreciation": "None", "depreciationAndAmortization": "1031000000", "incomeBeforeTax": "1022000000", "incomeTaxExpense": "251000000", "interestAndDebtExpense": "None", "netIncomeFromContinuingOperations": "771000000", "comprehensiveIncomeNetOfTax": "None", "ebit": "1267000000", "ebitda": "2298000000", "netIncome": "771000000"}, {"fiscalDateEnding": "2022-11-30", "reportedCurrency": "USD", "grossProfit": "4641000000", "totalRevenue": "22814000000", "costOfRevenue": "18173000000", "costofGoodsAndServicesSold": "18173000000", "operatingIncome": "1176000000", "sellingGeneralAndAdministrative": "11221000000", "researchAndDevelopment": "None", "operatingExpenses": "3429000000", "investmentIncomeNet": "None", "netInterestIncome": "-127000000", "interestIncome": "127000000", "interestExpense": "189000000", "nonInterestIncome": "None", "otherNonOperatingIncome": "10000000", "depreciation": "None", "depreciationAndAmortization": "1046000000", "incomeBeforeTax": "1059000000", "incomeTaxExpense": "271000000", "interestAndDebtExpense": "None", "netIncomeFromContinuingOperations": "788000000", "comprehensiveIncomeNetOfTax": "None", "ebit": "1313000000", "ebitda": "2359000000", "netIncome": "788000000"}, {"fiscalDateEnding": "2022-08-31", "reportedCurrency": "USD", "grossProfit": "4707000000", "totalRevenue": "23242000000", "costOfRevenue": "18535000000", "costofGoodsAndServicesSold": "18535000000", "operatingIncome": "1191000000", "sellingGeneralAndAdministrative": "11337000000", "researchAndDevelopment": "None", "operatingExpenses": "3478000000", "investmentIncomeNet": "None", "netInterestIncome": "-142000000", "interestIncome": "142000000", "interestExpense": "113000000", "nonInterestIncome": "None", "otherNonOperatingIncome": "105000000", "depreciation": "None", "depreciationAndAmortization": "1024000000", "incomeBeforeTax": "1154000000", "incomeTaxExpense": "279000000", "interestAndDebtExpense": "None", "netIncomeFromContinuingOperations": "875000000", "comprehensiveIncomeNetOfTax": "None", "ebit": "1330000000", "ebitda": "2354000000", "netIncome": "875000000"}, {"fiscalDateEnding": "2022-05-31", "reportedCurrency": "USD", "grossProfit": "5748000000", "totalRevenue": "24394000000", "costOfRevenue": "18646000000", "costofGoodsAndServicesSold": "18646000000", "operatingIncome": "1026000000", "sellingGeneralAndAdministrative": "3386000000", "researchAndDevelopment": "None", "operatingExpenses": "3764000000", "investmentIncomeNet": "None", "netInterestIncome": "-158000000", "interestIncome": "158000000", "interestExpense": "342000000", "nonInterestIncome": "None", "otherNonOperatingIncome": "None", "depreciation": "None", "depreciationAndAmortization": "1018000000", "incomeBeforeTax": "684000000", "incomeTaxExpense": "126000000", "interestAndDebtExpense": "None", "netIncomeFromContinuingOperations": "558000000", "comprehensiveIncomeNetOfTax": "None", "ebit": "1088000000", "ebitda": "2106000000", "netIncome": "558000000"}, {"fiscalDateEnding": "2022-02-28", "reportedCurrency": "USD", "grossProfit": "4891000000", "totalRevenue": "23641000000", "costOfRevenue": "18750000000", "costofGoodsAndServicesSold": "18750000000", "operatingIncome": "1540000000", "sellingGeneralAndAdministrative": "11702000000", "researchAndDevelopment": "None", "operatingExpenses": "3458000000", "investmentIncomeNet": "None", "netInterestIncome": "-163000000", "interestIncome": "163000000", "interestExpense": "165000000", "nonInterestIncome": "None", "otherNonOperatingIncome": "212000000", "depreciation": "None", "depreciationAndAmortization": "986000000", "incomeBeforeTax": "1375000000", "incomeTaxExpense": "263000000", "interestAndDebtExpense": "None", "netIncomeFromContinuingOperations": "1112000000", "comprehensiveIncomeNetOfTax": "None", "ebit": "1644000000", "ebitda": "2630000000", "netIncome": "1112000000"}, {"fiscalDateEnding": "2021-11-30", "reportedCurrency": "USD", "grossProfit": "4942000000", "totalRevenue": "23474000000", "costOfRevenue": "18532000000", "costofGoodsAndServicesSold": "18532000000", "operatingIncome": "1597000000", "sellingGeneralAndAdministrative": "11436000000", "researchAndDevelopment": "None", "operatingExpenses": "3301000000", "investmentIncomeNet": "None", "netInterestIncome": "-155000000", "interestIncome": "155000000", "interestExpense": "155000000", "nonInterestIncome": "None", "otherNonOperatingIncome": "-62000000", "depreciation": "None", "depreciationAndAmortization": "995000000", "incomeBeforeTax": "1380000000", "incomeTaxExpense": "336000000", "interestAndDebtExpense": "None", "netIncomeFromContinuingOperations": "1044000000", "comprehensiveIncomeNetOfTax": "None", "ebit": "1594000000", "ebitda": "2589000000", "netIncome": "1044000000"}, {"fiscalDateEnding": "2021-08-31", "reportedCurrency": "USD", "grossProfit": "4586000000", "totalRevenue": "22003000000", "costOfRevenue": "17417000000", "costofGoodsAndServicesSold": "17417000000", "operatingIncome": "1398000000", "sellingGeneralAndAdministrative": "9778000000", "researchAndDevelopment": "None", "operatingExpenses": "3121000000", "investmentIncomeNet": "None", "netInterestIncome": "-160000000", "interestIncome": "160000000", "interestExpense": "160000000", "nonInterestIncome": "None", "otherNonOperatingIncome": "None", "depreciation": "None", "depreciationAndAmortization": "971000000", "incomeBeforeTax": "1457000000", "incomeTaxExpense": "345000000", "interestAndDebtExpense": "None", "netIncomeFromContinuingOperations": "1112000000", "comprehensiveIncomeNetOfTax": "None", "ebit": "1681000000", "ebitda": "2652000000", "netIncome": "1112000000"}, {"fiscalDateEnding": "2021-05-31", "reportedCurrency": "USD", "grossProfit": "5189000000", "totalRevenue": "22565000000", "costOfRevenue": "17376000000", "costofGoodsAndServicesSold": "17376000000", "operatingIncome": "1797000000", "sellingGeneralAndAdministrative": "2794000000", "researchAndDevelopment": "None", "operatingExpenses": "3286000000", "investmentIncomeNet": "None", "netInterestIncome": "-186000000", "interestIncome": "186000000", "interestExpense": "186000000", "nonInterestIncome": "None", "otherNonOperatingIncome": "1054000000", "depreciation": "None", "depreciationAndAmortization": "975000000", "incomeBeforeTax": "2613000000", "incomeTaxExpense": "745000000", "interestAndDebtExpense": "None", "netIncomeFromContinuingOperations": "1868000000", "comprehensiveIncomeNetOfTax": "None", "ebit": "3333000000", "ebitda": "4308000000", "netIncome": "1868000000"}, {"fiscalDateEnding": "2021-02-28", "reportedCurrency": "USD", "grossProfit": "4175000000", "totalRevenue": "21510000000", "costOfRevenue": "17335000000", "costofGoodsAndServicesSold": "17335000000", "operatingIncome": "1005000000", "sellingGeneralAndAdministrative": "9963000000", "researchAndDevelopment": "None", "operatingExpenses": "3160000000", "investmentIncomeNet": "None", "netInterestIncome": "-187000000", "interestIncome": "187000000", "interestExpense": "187000000", "nonInterestIncome": "None", "otherNonOperatingIncome": "231000000", "depreciation": "None", "depreciationAndAmortization": "956000000", "incomeBeforeTax": "1049000000", "incomeTaxExpense": "157000000", "interestAndDebtExpense": "None", "netIncomeFromContinuingOperations": "892000000", "comprehensiveIncomeNetOfTax": "None", "ebit": "1217000000", "ebitda": "2173000000", "netIncome": "892000000"}, {"fiscalDateEnding": "2020-11-30", "reportedCurrency": "USD", "grossProfit": "4331000000", "totalRevenue": "20563000000", "costOfRevenue": "16232000000", "costofGoodsAndServicesSold": "16232000000", "operatingIncome": "1465000000", "sellingGeneralAndAdministrative": "10309000000", "researchAndDevelopment": "None", "operatingExpenses": "2866000000", "investmentIncomeNet": "None", "netInterestIncome": "-184000000", "interestIncome": "184000000", "interestExpense": "184000000", "nonInterestIncome": "None", "otherNonOperatingIncome": "125000000", "depreciation": "None", "depreciationAndAmortization": "936000000", "incomeBeforeTax": "1406000000", "incomeTaxExpense": "180000000", "interestAndDebtExpense": "None", "netIncomeFromContinuingOperations": "1226000000", "comprehensiveIncomeNetOfTax": "None", "ebit": "1465000000", "ebitda": "2401000000", "netIncome": "1226000000"}, {"fiscalDateEnding": "2020-08-31", "reportedCurrency": "USD", "grossProfit": "4259000000", "totalRevenue": "19321000000", "costOfRevenue": "15062000000", "costofGoodsAndServicesSold": "15062000000", "operatingIncome": "1590000000", "sellingGeneralAndAdministrative": "8594000000", "researchAndDevelopment": "None", "operatingExpenses": "2669000000", "investmentIncomeNet": "None", "netInterestIncome": "-184000000", "interestIncome": "184000000", "interestExpense": "184000000", "nonInterestIncome": "None", "otherNonOperatingIncome": "200000000", "depreciation": "None", "depreciationAndAmortization": "926000000", "incomeBeforeTax": "1606000000", "incomeTaxExpense": "361000000", "interestAndDebtExpense": "None", "netIncomeFromContinuingOperations": "1245000000", "comprehensiveIncomeNetOfTax": "None", "ebit": "1791000000", "ebitda": "2717000000", "netIncome": "1245000000"}, {"fiscalDateEnding": "2020-05-31", "reportedCurrency": "USD", "grossProfit": "3464000000", "totalRevenue": "17358000000", "costOfRevenue": "13894000000", "costofGoodsAndServicesSold": "13894000000", "operatingIncome": "475000000", "sellingGeneralAndAdministrative": "8947000000", "researchAndDevelopment": "None", "operatingExpenses": "2620000000", "investmentIncomeNet": "None", "netInterestIncome": "-174000000", "interestIncome": "174000000", "interestExpense": "174000000", "nonInterestIncome": "None", "otherNonOperatingIncome": "-565000000", "depreciation": "None", "depreciationAndAmortization": "927000000", "incomeBeforeTax": "-319000000", "incomeTaxExpense": "15000000", "interestAndDebtExpense": "None", "netIncomeFromContinuingOperations": "-334000000", "comprehensiveIncomeNetOfTax": "None", "ebit": "218000000", "ebitda": "1145000000", "netIncome": "-334000000"}, {"fiscalDateEnding": "2020-02-29", "reportedCurrency": "USD", "grossProfit": "3112000000", "totalRevenue": "17487000000", "costOfRevenue": "14375000000", "costofGoodsAndServicesSold": "14375000000", "operatingIncome": "411000000", "sellingGeneralAndAdministrative": "9083000000", "researchAndDevelopment": "None", "operatingExpenses": "2701000000", "investmentIncomeNet": "None", "netInterestIncome": "-155000000", "interestIncome": "155000000", "interestExpense": "155000000", "nonInterestIncome": "None", "otherNonOperatingIncome": "164000000", "depreciation": "None", "depreciationAndAmortization": "908000000", "incomeBeforeTax": "420000000", "incomeTaxExpense": "105000000", "interestAndDebtExpense": "None", "netIncomeFromContinuingOperations": "315000000", "comprehensiveIncomeNetOfTax": "None", "ebit": "411000000", "ebitda": "1319000000", "netIncome": "315000000"}, {"fiscalDateEnding": "2019-11-30", "reportedCurrency": "USD", "grossProfit": "3272000000", "totalRevenue": "17324000000", "costOfRevenue": "14052000000", "costofGoodsAndServicesSold": "14052000000", "operatingIncome": "554000000", "sellingGeneralAndAdministrative": "8887000000", "researchAndDevelopment": "None", "operatingExpenses": "2652000000", "investmentIncomeNet": "None", "netInterestIncome": "-151000000", "interestIncome": "151000000", "interestExpense": "151000000", "nonInterestIncome": "None", "otherNonOperatingIncome": "169000000", "depreciation": "None", "depreciationAndAmortization": "901000000", "incomeBeforeTax": "572000000", "incomeTaxExpense": "12000000", "interestAndDebtExpense": "None", "netIncomeFromContinuingOperations": "560000000", "comprehensiveIncomeNetOfTax": "None", "ebit": "788000000", "ebitda": "1689000000", "netIncome": "560000000"}, {"fiscalDateEnding": "2019-08-31", "reportedCurrency": "USD", "grossProfit": "3496000000", "totalRevenue": "17048000000", "costOfRevenue": "13552000000", "costofGoodsAndServicesSold": "13552000000", "operatingIncome": "977000000", "sellingGeneralAndAdministrative": "8606000000", "researchAndDevelopment": "None", "operatingExpenses": "2519000000", "investmentIncomeNet": "None", "netInterestIncome": "-137000000", "interestIncome": "137000000", "interestExpense": "137000000", "nonInterestIncome": "None", "otherNonOperatingIncome": "156000000", "depreciation": "None", "depreciationAndAmortization": "879000000", "incomeBeforeTax": "996000000", "incomeTaxExpense": "251000000", "interestAndDebtExpense": "None", "netIncomeFromContinuingOperations": "745000000", "comprehensiveIncomeNetOfTax": "None", "ebit": "977000000", "ebitda": "1856000000", "netIncome": "745000000"}, {"fiscalDateEnding": "2019-05-31", "reportedCurrency": "USD", "grossProfit": "4205000000", "totalRevenue": "17807000000", "costOfRevenue": "13602000000", "costofGoodsAndServicesSold": "13602000000", "operatingIncome": "1316000000", "sellingGeneralAndAdministrative": "8760000000", "researchAndDevelopment": "None", "operatingExpenses": "2573000000", "investmentIncomeNet": "None", "netInterestIncome": "-136000000", "interestIncome": "136000000", "interestExpense": "136000000", "nonInterestIncome": "None", "otherNonOperatingIncome": "-3658000000", "depreciation": "None", "depreciationAndAmortization": "866000000", "incomeBeforeTax": "-2554000000", "incomeTaxExpense": "-585000000", "interestAndDebtExpense": "None", "netIncomeFromContinuingOperations": "-1969000000", "comprehensiveIncomeNetOfTax": "None", "ebit": "-2047000000", "ebitda": "-1181000000", "netIncome": "-1969000000"}, {"fiscalDateEnding": "2019-02-28", "reportedCurrency": "USD", "grossProfit": "3398000000", "totalRevenue": "17010000000", "costOfRevenue": "13612000000", "costofGoodsAndServicesSold": "13612000000", "operatingIncome": "911000000", "sellingGeneralAndAdministrative": "8552000000", "researchAndDevelopment": "0", "operatingExpenses": "2483000000", "investmentIncomeNet": "None", "netInterestIncome": "-135000000", "interestIncome": "None", "interestExpense": "135000000", "nonInterestIncome": "None", "otherNonOperatingIncome": "155000000", "depreciation": "None", "depreciationAndAmortization": "851000000", "incomeBeforeTax": "931000000", "incomeTaxExpense": "192000000", "interestAndDebtExpense": "None", "netIncomeFromContinuingOperations": "739000000", "comprehensiveIncomeNetOfTax": "None", "ebit": "1073000000", "ebitda": "1924000000", "netIncome": "739000000"}, {"fiscalDateEnding": "2018-11-30", "reportedCurrency": "USD", "grossProfit": "3751000000", "totalRevenue": "17824000000", "costOfRevenue": "14073000000", "costofGoodsAndServicesSold": "14073000000", "operatingIncome": "1168000000", "sellingGeneralAndAdministrative": "8843000000", "researchAndDevelopment": "0", "operatingExpenses": "2583000000", "investmentIncomeNet": "None", "netInterestIncome": "None", "interestIncome": "None", "interestExpense": "129000000", "nonInterestIncome": "None", "otherNonOperatingIncome": "138000000", "depreciation": "None", "depreciationAndAmortization": "828000000", "incomeBeforeTax": "1177000000", "incomeTaxExpense": "242000000", "interestAndDebtExpense": "None", "netIncomeFromContinuingOperations": "935000000", "comprehensiveIncomeNetOfTax": "None", "ebit": "1168000000", "ebitda": "1996000000", "netIncome": "935000000"}, {"fiscalDateEnding": "2018-08-31", "reportedCurrency": "USD", "grossProfit": "3473000000", "totalRevenue": "17052000000", "costOfRevenue": "13579000000", "costofGoodsAndServicesSold": "13579000000", "operatingIncome": "1071000000", "sellingGeneralAndAdministrative": "8662000000", "researchAndDevelopment": "0", "operatingExpenses": "2402000000", "investmentIncomeNet": "None", "netInterestIncome": "None", "interestIncome": "None", "interestExpense": "112000000", "nonInterestIncome": "None", "otherNonOperatingIncome": "142000000", "depreciation": "None", "depreciationAndAmortization": "808000000", "incomeBeforeTax": "1101000000", "incomeTaxExpense": "266000000", "interestAndDebtExpense": "None", "netIncomeFromContinuingOperations": "835000000", "comprehensiveIncomeNetOfTax": "None", "ebit": "1071000000", "ebitda": "1879000000", "netIncome": "835000000"}, {"fiscalDateEnding": "2018-05-31", "reportedCurrency": "USD", "grossProfit": "4247000000", "totalRevenue": "17314000000", "costOfRevenue": "13067000000", "costofGoodsAndServicesSold": "13067000000", "operatingIncome": "1490000000", "sellingGeneralAndAdministrative": "8343000000", "researchAndDevelopment": "0", "operatingExpenses": "2377000000", "investmentIncomeNet": "None", "netInterestIncome": "None", "interestIncome": "None", "interestExpense": "147000000", "nonInterestIncome": "None", "otherNonOperatingIncome": "63000000", "depreciation": "None", "depreciationAndAmortization": "802000000", "incomeBeforeTax": "1358000000", "incomeTaxExpense": "231000000", "interestAndDebtExpense": "None", "netIncomeFromContinuingOperations": "1127000000", "comprehensiveIncomeNetOfTax": "None", "ebit": "2088000000", "ebitda": "2890000000", "netIncome": "1127000000"}, {"fiscalDateEnding": "2018-02-28", "reportedCurrency": "USD", "grossProfit": "3409000000", "totalRevenue": "16526000000", "costOfRevenue": "13117000000", "costofGoodsAndServicesSold": "13117000000", "operatingIncome": "1001000000", "sellingGeneralAndAdministrative": "8389000000", "researchAndDevelopment": "0", "operatingExpenses": "2408000000", "investmentIncomeNet": "None", "netInterestIncome": "None", "interestIncome": "None", "interestExpense": "125000000", "nonInterestIncome": "None", "otherNonOperatingIncome": "-2000000", "depreciation": "None", "depreciationAndAmortization": "786000000", "incomeBeforeTax": "874000000", "incomeTaxExpense": "-1200000000", "interestAndDebtExpense": "None", "netIncomeFromContinuingOperations": "2074000000", "comprehensiveIncomeNetOfTax": "None", "ebit": "1001000000", "ebitda": "1787000000", "netIncome": "2074000000"}, {"fiscalDateEnding": "2017-11-30", "reportedCurrency": "USD", "grossProfit": "3657000000", "totalRevenue": "16313000000", "costOfRevenue": "12656000000", "costofGoodsAndServicesSold": "12656000000", "operatingIncome": "1262000000", "sellingGeneralAndAdministrative": "8137000000", "researchAndDevelopment": "0", "operatingExpenses": "2395000000", "investmentIncomeNet": "None", "netInterestIncome": "None", "interestIncome": "None", "interestExpense": "124000000", "nonInterestIncome": "None", "otherNonOperatingIncome": "1000000", "depreciation": "None", "depreciationAndAmortization": "756000000", "incomeBeforeTax": "1139000000", "incomeTaxExpense": "364000000", "interestAndDebtExpense": "None", "netIncomeFromContinuingOperations": "775000000", "comprehensiveIncomeNetOfTax": "None", "ebit": "1262000000", "ebitda": "2018000000", "netIncome": "775000000"}, {"fiscalDateEnding": "2017-08-31", "reportedCurrency": "USD", "grossProfit": "3387000000", "totalRevenue": "15297000000", "costOfRevenue": "11910000000", "costofGoodsAndServicesSold": "11910000000", "operatingIncome": "1117000000", "sellingGeneralAndAdministrative": "7788000000", "researchAndDevelopment": "0", "operatingExpenses": "2270000000", "investmentIncomeNet": "None", "netInterestIncome": "None", "interestIncome": "None", "interestExpense": "114000000", "nonInterestIncome": "None", "otherNonOperatingIncome": "-21000000", "depreciation": "None", "depreciationAndAmortization": "751000000", "incomeBeforeTax": "982000000", "incomeTaxExpense": "386000000", "interestAndDebtExpense": "None", "netIncomeFromContinuingOperations": "596000000", "comprehensiveIncomeNetOfTax": "None", "ebit": "1117000000", "ebitda": "1868000000", "netIncome": "596000000"}, {"fiscalDateEnding": "2017-05-31", "reportedCurrency": "USD", "grossProfit": "3920000000", "totalRevenue": "15728000000", "costOfRevenue": "11808000000", "costofGoodsAndServicesSold": "11808000000", "operatingIncome": "1581000000", "sellingGeneralAndAdministrative": "45000000", "researchAndDevelopment": "0", "operatingExpenses": "2339000000", "investmentIncomeNet": "None", "netInterestIncome": "None", "interestIncome": "None", "interestExpense": "142000000", "nonInterestIncome": "None", "otherNonOperatingIncome": "37000000", "depreciation": "None", "depreciationAndAmortization": "754000000", "incomeBeforeTax": "1460000000", "incomeTaxExpense": "440000000", "interestAndDebtExpense": "None", "netIncomeFromContinuingOperations": "1020000000", "comprehensiveIncomeNetOfTax": "None", "ebit": "1618000000", "ebitda": "2372000000", "netIncome": "1020000000"}, {"fiscalDateEnding": "2017-02-28", "reportedCurrency": "USD", "grossProfit": "3185000000", "totalRevenue": "14997000000", "costOfRevenue": "11812000000", "costofGoodsAndServicesSold": "11812000000", "operatingIncome": "1025000000", "sellingGeneralAndAdministrative": "7555000000", "researchAndDevelopment": "0", "operatingExpenses": "2160000000", "investmentIncomeNet": "None", "netInterestIncome": "None", "interestIncome": "None", "interestExpense": "122000000", "nonInterestIncome": "None", "otherNonOperatingIncome": "-4000000", "depreciation": "None", "depreciationAndAmortization": "762000000", "incomeBeforeTax": "899000000", "incomeTaxExpense": "337000000", "interestAndDebtExpense": "None", "netIncomeFromContinuingOperations": "562000000", "comprehensiveIncomeNetOfTax": "None", "ebit": "1025000000", "ebitda": "1787000000", "netIncome": "562000000"}, {"fiscalDateEnding": "2016-11-30", "reportedCurrency": "USD", "grossProfit": "3368000000", "totalRevenue": "14931000000", "costOfRevenue": "11563000000", "costofGoodsAndServicesSold": "11563000000", "operatingIncome": "1167000000", "sellingGeneralAndAdministrative": "11564000000", "researchAndDevelopment": "0", "operatingExpenses": "2201000000", "investmentIncomeNet": "None", "netInterestIncome": "None", "interestIncome": "None", "interestExpense": "119000000", "nonInterestIncome": "None", "otherNonOperatingIncome": "30000000", "depreciation": "None", "depreciationAndAmortization": "740000000", "incomeBeforeTax": "1078000000", "incomeTaxExpense": "378000000", "interestAndDebtExpense": "None", "netIncomeFromContinuingOperations": "700000000", "comprehensiveIncomeNetOfTax": "None", "ebit": "1167000000", "ebitda": "1907000000", "netIncome": "700000000"}, {"fiscalDateEnding": "2016-08-31", "reportedCurrency": "USD", "grossProfit": "3335000000", "totalRevenue": "14663000000", "costOfRevenue": "11328000000", "costofGoodsAndServicesSold": "11328000000", "operatingIncome": "1264000000", "sellingGeneralAndAdministrative": "11220000000", "researchAndDevelopment": "0", "operatingExpenses": "2071000000", "investmentIncomeNet": "None", "netInterestIncome": "None", "interestIncome": "None", "interestExpense": "113000000", "nonInterestIncome": "None", "otherNonOperatingIncome": "-9000000", "depreciation": "None", "depreciationAndAmortization": "739000000", "incomeBeforeTax": "1142000000", "incomeTaxExpense": "427000000", "interestAndDebtExpense": "None", "netIncomeFromContinuingOperations": "715000000", "comprehensiveIncomeNetOfTax": "None", "ebit": "1264000000", "ebitda": "2003000000", "netIncome": "715000000"}, {"fiscalDateEnding": "2016-05-31", "reportedCurrency": "USD", "grossProfit": "1784000000", "totalRevenue": "12979000000", "costOfRevenue": "11195000000", "costofGoodsAndServicesSold": "11195000000", "operatingIncome": "-68000000", "sellingGeneralAndAdministrative": "14496000000", "researchAndDevelopment": "0", "operatingExpenses": "1852000000", "investmentIncomeNet": "None", "netInterestIncome": "None", "interestIncome": "None", "interestExpense": "336000000", "nonInterestIncome": "None", "otherNonOperatingIncome": "5000000", "depreciation": "None", "depreciationAndAmortization": "667000000", "incomeBeforeTax": "-181000000", "incomeTaxExpense": "-111000000", "interestAndDebtExpense": "None", "netIncomeFromContinuingOperations": "-70000000", "comprehensiveIncomeNetOfTax": "None", "ebit": "-517000000", "ebitda": "150000000", "netIncome": "-70000000"}, {"fiscalDateEnding": "2016-02-29", "reportedCurrency": "USD", "grossProfit": "2871000000", "totalRevenue": "12654000000", "costOfRevenue": "9783000000", "costofGoodsAndServicesSold": "9783000000", "operatingIncome": "864000000", "sellingGeneralAndAdministrative": "9846000000", "researchAndDevelopment": "0", "operatingExpenses": "2007000000", "investmentIncomeNet": "None", "netInterestIncome": "None", "interestIncome": "None", "interestExpense": "81000000", "nonInterestIncome": "None", "otherNonOperatingIncome": "-1000000", "depreciation": "None", "depreciationAndAmortization": "663000000", "incomeBeforeTax": "782000000", "incomeTaxExpense": "275000000", "interestAndDebtExpense": "None", "netIncomeFromContinuingOperations": "507000000", "comprehensiveIncomeNetOfTax": "None", "ebit": "864000000", "ebitda": "1527000000", "netIncome": "507000000"}, {"fiscalDateEnding": "2015-11-30", "reportedCurrency": "USD", "grossProfit": "2866000000", "totalRevenue": "12453000000", "costOfRevenue": "9587000000", "costofGoodsAndServicesSold": "9587000000", "operatingIncome": "1137000000", "sellingGeneralAndAdministrative": "6828000000", "researchAndDevelopment": "0", "operatingExpenses": "1729000000", "investmentIncomeNet": "None", "netInterestIncome": "None", "interestIncome": "None", "interestExpense": "74000000", "nonInterestIncome": "None", "otherNonOperatingIncome": "-8000000", "depreciation": "None", "depreciationAndAmortization": "653000000", "incomeBeforeTax": "1055000000", "incomeTaxExpense": "364000000", "interestAndDebtExpense": "None", "netIncomeFromContinuingOperations": "691000000", "comprehensiveIncomeNetOfTax": "None", "ebit": "1137000000", "ebitda": "1790000000", "netIncome": "691000000"}, {"fiscalDateEnding": "2015-08-31", "reportedCurrency": "USD", "grossProfit": "2807000000", "totalRevenue": "12279000000", "costOfRevenue": "9472000000", "costofGoodsAndServicesSold": "9472000000", "operatingIncome": "1144000000", "sellingGeneralAndAdministrative": "6736000000", "researchAndDevelopment": "0", "operatingExpenses": "1663000000", "investmentIncomeNet": "None", "netInterestIncome": "None", "interestIncome": "None", "interestExpense": "63000000", "nonInterestIncome": "None", "otherNonOperatingIncome": "3000000", "depreciation": "None", "depreciationAndAmortization": "648000000", "incomeBeforeTax": "1084000000", "incomeTaxExpense": "392000000", "interestAndDebtExpense": "None", "netIncomeFromContinuingOperations": "692000000", "comprehensiveIncomeNetOfTax": "None", "ebit": "1144000000", "ebitda": "1792000000", "netIncome": "692000000"}, {"fiscalDateEnding": "2015-05-31", "reportedCurrency": "USD", "grossProfit": "850000000", "totalRevenue": "12114000000", "costOfRevenue": "11264000000", "costofGoodsAndServicesSold": "11264000000", "operatingIncome": "-1321000000", "sellingGeneralAndAdministrative": "6596000000", "researchAndDevelopment": "0", "operatingExpenses": "1895000000", "investmentIncomeNet": "None", "netInterestIncome": "None", "interestIncome": "None", "interestExpense": "235000000", "nonInterestIncome": "None", "otherNonOperatingIncome": "-13000000", "depreciation": "None", "depreciationAndAmortization": "657000000", "incomeBeforeTax": "-1190000000", "incomeTaxExpense": "-438000000", "interestAndDebtExpense": "None", "netIncomeFromContinuingOperations": "-752000000", "comprehensiveIncomeNetOfTax": "None", "ebit": "-1425000000", "ebitda": "-768000000", "netIncome": "-752000000"}, {"fiscalDateEnding": "2015-02-28", "reportedCurrency": "USD", "grossProfit": "2487000000", "totalRevenue": "11716000000", "costOfRevenue": "9229000000", "costofGoodsAndServicesSold": "9229000000", "operatingIncome": "962000000", "sellingGeneralAndAdministrative": "6441000000", "researchAndDevelopment": "0", "operatingExpenses": "1525000000", "investmentIncomeNet": "None", "netInterestIncome": "None", "interestIncome": "None", "interestExpense": "58000000", "nonInterestIncome": "None", "otherNonOperatingIncome": "5000000", "depreciation": "None", "depreciationAndAmortization": "652000000", "incomeBeforeTax": "909000000", "incomeTaxExpense": "329000000", "interestAndDebtExpense": "None", "netIncomeFromContinuingOperations": "580000000", "comprehensiveIncomeNetOfTax": "None", "ebit": "962000000", "ebitda": "1614000000", "netIncome": "580000000"}, {"fiscalDateEnding": "2014-11-30", "reportedCurrency": "USD", "grossProfit": "2541000000", "totalRevenue": "11939000000", "costOfRevenue": "9398000000", "costofGoodsAndServicesSold": "9398000000", "operatingIncome": "1013000000", "sellingGeneralAndAdministrative": "6375000000", "researchAndDevelopment": "0", "operatingExpenses": "1528000000", "investmentIncomeNet": "None", "netInterestIncome": "None", "interestIncome": "None", "interestExpense": "47000000", "nonInterestIncome": "None", "otherNonOperatingIncome": "5000000", "depreciation": "None", "depreciationAndAmortization": "651000000", "incomeBeforeTax": "971000000", "incomeTaxExpense": "355000000", "interestAndDebtExpense": "None", "netIncomeFromContinuingOperations": "616000000", "comprehensiveIncomeNetOfTax": "None", "ebit": "1013000000", "ebitda": "1664000000", "netIncome": "616000000"}, {"fiscalDateEnding": "2014-08-31", "reportedCurrency": "USD", "grossProfit": "2454000000", "totalRevenue": "11684000000", "costOfRevenue": "9230000000", "costofGoodsAndServicesSold": "9230000000", "operatingIncome": "987000000", "sellingGeneralAndAdministrative": "6212000000", "researchAndDevelopment": "0", "operatingExpenses": "1467000000", "investmentIncomeNet": "None", "netInterestIncome": "None", "interestIncome": "None", "interestExpense": "48000000", "nonInterestIncome": "None", "otherNonOperatingIncome": "-2000000", "depreciation": "None", "depreciationAndAmortization": "651000000", "incomeBeforeTax": "937000000", "incomeTaxExpense": "331000000", "interestAndDebtExpense": "None", "netIncomeFromContinuingOperations": "606000000", "comprehensiveIncomeNetOfTax": "None", "ebit": "987000000", "ebitda": "1638000000", "netIncome": "606000000"}, {"fiscalDateEnding": "2014-05-31", "reportedCurrency": "USD", "grossProfit": "2707000000", "totalRevenue": "11839000000", "costOfRevenue": "9132000000", "costofGoodsAndServicesSold": "9132000000", "operatingIncome": "1183000000", "sellingGeneralAndAdministrative": "6152000000", "researchAndDevelopment": "0", "operatingExpenses": "1524000000", "investmentIncomeNet": "None", "netInterestIncome": "None", "interestIncome": "None", "interestExpense": "160000000", "nonInterestIncome": "None", "otherNonOperatingIncome": "19000000", "depreciation": "None", "depreciationAndAmortization": "649000000", "incomeBeforeTax": "1137000000", "incomeTaxExpense": "407000000", "interestAndDebtExpense": "None", "netIncomeFromContinuingOperations": "730000000", "comprehensiveIncomeNetOfTax": "None", "ebit": "1186000000", "ebitda": "1835000000", "netIncome": "730000000"}, {"fiscalDateEnding": "2014-02-28", "reportedCurrency": "USD", "grossProfit": "2156000000", "totalRevenue": "11301000000", "costOfRevenue": "9145000000", "costofGoodsAndServicesSold": "9145000000", "operatingIncome": "641000000", "sellingGeneralAndAdministrative": "6120000000", "researchAndDevelopment": "0", "operatingExpenses": "1515000000", "investmentIncomeNet": "None", "netInterestIncome": "None", "interestIncome": "None", "interestExpense": "38000000", "nonInterestIncome": "None", "otherNonOperatingIncome": "-9000000", "depreciation": "None", "depreciationAndAmortization": "652000000", "incomeBeforeTax": "594000000", "incomeTaxExpense": "216000000", "interestAndDebtExpense": "None", "netIncomeFromContinuingOperations": "378000000", "comprehensiveIncomeNetOfTax": "None", "ebit": "641000000", "ebitda": "1293000000", "netIncome": "378000000"}, {"fiscalDateEnding": "2013-11-30", "reportedCurrency": "USD", "grossProfit": "2305000000", "totalRevenue": "11403000000", "costOfRevenue": "9098000000", "costofGoodsAndServicesSold": "9098000000", "operatingIncome": "827000000", "sellingGeneralAndAdministrative": "6105000000", "researchAndDevelopment": "0", "operatingExpenses": "1478000000", "investmentIncomeNet": "None", "netInterestIncome": "None", "interestIncome": "None", "interestExpense": "30000000", "nonInterestIncome": "None", "otherNonOperatingIncome": "-5000000", "depreciation": "None", "depreciationAndAmortization": "647000000", "incomeBeforeTax": "792000000", "incomeTaxExpense": "292000000", "interestAndDebtExpense": "None", "netIncomeFromContinuingOperations": "500000000", "comprehensiveIncomeNetOfTax": "None", "ebit": "827000000", "ebitda": "1474000000", "netIncome": "500000000"}, {"fiscalDateEnding": "2013-08-31", "reportedCurrency": "USD", "grossProfit": "2205000000", "totalRevenue": "11024000000", "costOfRevenue": "8819000000", "costofGoodsAndServicesSold": "8819000000", "operatingIncome": "795000000", "sellingGeneralAndAdministrative": "5967000000", "researchAndDevelopment": "0", "operatingExpenses": "1410000000", "investmentIncomeNet": "None", "netInterestIncome": "None", "interestIncome": "None", "interestExpense": "27000000", "nonInterestIncome": "None", "otherNonOperatingIncome": "-2000000", "depreciation": "None", "depreciationAndAmortization": "639000000", "incomeBeforeTax": "766000000", "incomeTaxExpense": "277000000", "interestAndDebtExpense": "None", "netIncomeFromContinuingOperations": "489000000", "comprehensiveIncomeNetOfTax": "None", "ebit": "795000000", "ebitda": "1434000000", "netIncome": "489000000"}, {"fiscalDateEnding": "2013-05-31", "reportedCurrency": "USD", "grossProfit": "2537000000", "totalRevenue": "11435000000", "costOfRevenue": "8898000000", "costofGoodsAndServicesSold": "8898000000", "operatingIncome": "502000000", "sellingGeneralAndAdministrative": "4103000000", "researchAndDevelopment": "0", "operatingExpenses": "1439000000", "investmentIncomeNet": "None", "netInterestIncome": "None", "interestIncome": "None", "interestExpense": "82000000", "nonInterestIncome": "None", "otherNonOperatingIncome": "15000000", "depreciation": "None", "depreciationAndAmortization": "622000000", "incomeBeforeTax": "472000000", "incomeTaxExpense": "169000000", "interestAndDebtExpense": "None", "netIncomeFromContinuingOperations": "303000000", "comprehensiveIncomeNetOfTax": "None", "ebit": "424000000", "ebitda": "1046000000", "netIncome": "303000000"}, {"fiscalDateEnding": "2013-02-28", "reportedCurrency": "USD", "grossProfit": "2054000000", "totalRevenue": "10953000000", "costOfRevenue": "8899000000", "costofGoodsAndServicesSold": "8899000000", "operatingIncome": "589000000", "sellingGeneralAndAdministrative": "5992000000", "researchAndDevelopment": "0", "operatingExpenses": "1418000000", "investmentIncomeNet": "None", "netInterestIncome": "None", "interestIncome": "None", "interestExpense": "9000000", "nonInterestIncome": "None", "otherNonOperatingIncome": "-16000000", "depreciation": "None", "depreciationAndAmortization": "599000000", "incomeBeforeTax": "564000000", "incomeTaxExpense": "203000000", "interestAndDebtExpense": "None", "netIncomeFromContinuingOperations": "361000000", "comprehensiveIncomeNetOfTax": "None", "ebit": "636000000", "ebitda": "1235000000", "netIncome": "361000000"}, {"fiscalDateEnding": "2012-11-30", "reportedCurrency": "USD", "grossProfit": "2146000000", "totalRevenue": "11107000000", "costOfRevenue": "8961000000", "costofGoodsAndServicesSold": "8961000000", "operatingIncome": "718000000", "sellingGeneralAndAdministrative": "6072000000", "researchAndDevelopment": "0", "operatingExpenses": "1428000000", "investmentIncomeNet": "None", "netInterestIncome": "None", "interestIncome": "None", "interestExpense": "18000000", "nonInterestIncome": "None", "otherNonOperatingIncome": "-8000000", "depreciation": "None", "depreciationAndAmortization": "592000000", "incomeBeforeTax": "692000000", "incomeTaxExpense": "254000000", "interestAndDebtExpense": "None", "netIncomeFromContinuingOperations": "438000000", "comprehensiveIncomeNetOfTax": "None", "ebit": "718000000", "ebitda": "1310000000", "netIncome": "438000000"}, {"fiscalDateEnding": "2012-08-31", "reportedCurrency": "USD", "grossProfit": "2138000000", "totalRevenue": "10792000000", "costOfRevenue": "8654000000", "costofGoodsAndServicesSold": "8654000000", "operatingIncome": "742000000", "sellingGeneralAndAdministrative": "4103000000", "researchAndDevelopment": "0", "operatingExpenses": "1396000000", "investmentIncomeNet": "None", "netInterestIncome": "None", "interestIncome": "None", "interestExpense": "10000000", "nonInterestIncome": "None", "otherNonOperatingIncome": "-5000000", "depreciation": "None", "depreciationAndAmortization": "573000000", "incomeBeforeTax": "727000000", "incomeTaxExpense": "268000000", "interestAndDebtExpense": "None", "netIncomeFromContinuingOperations": "459000000", "comprehensiveIncomeNetOfTax": "None", "ebit": "742000000", "ebitda": "1315000000", "netIncome": "459000000"}, {"fiscalDateEnding": "2012-05-31", "reportedCurrency": "USD", "grossProfit": "5158000000", "totalRevenue": "11008000000", "costOfRevenue": "5850000000", "costofGoodsAndServicesSold": "5850000000", "operatingIncome": "856000000", "sellingGeneralAndAdministrative": "2221000000", "researchAndDevelopment": "0", "operatingExpenses": "2764000000", "investmentIncomeNet": "None", "netInterestIncome": "None", "interestIncome": "None", "interestExpense": "82000000", "nonInterestIncome": "None", "otherNonOperatingIncome": "44000000", "depreciation": "None", "depreciationAndAmortization": "543000000", "incomeBeforeTax": "848000000", "incomeTaxExpense": "298000000", "interestAndDebtExpense": "None", "netIncomeFromContinuingOperations": "550000000", "comprehensiveIncomeNetOfTax": "None", "ebit": "766000000", "ebitda": "1309000000", "netIncome": "550000000"}, {"fiscalDateEnding": "2012-02-29", "reportedCurrency": "USD", "grossProfit": "6628000000", "totalRevenue": "10564000000", "costOfRevenue": "3936000000", "costofGoodsAndServicesSold": "3936000000", "operatingIncome": "813000000", "sellingGeneralAndAdministrative": "4021000000", "researchAndDevelopment": "0", "operatingExpenses": "5815000000", "investmentIncomeNet": "None", "netInterestIncome": "None", "interestIncome": "None", "interestExpense": "12000000", "nonInterestIncome": "None", "otherNonOperatingIncome": "-21000000", "depreciation": "None", "depreciationAndAmortization": "543000000", "incomeBeforeTax": "792000000", "incomeTaxExpense": "271000000", "interestAndDebtExpense": "None", "netIncomeFromContinuingOperations": "521000000", "comprehensiveIncomeNetOfTax": "None", "ebit": "813000000", "ebitda": "1356000000", "netIncome": "521000000"}, {"fiscalDateEnding": "2011-11-30", "reportedCurrency": "USD", "grossProfit": "6677000000", "totalRevenue": "10587000000", "costOfRevenue": "3910000000", "costofGoodsAndServicesSold": "3910000000", "operatingIncome": "780000000", "sellingGeneralAndAdministrative": "3982000000", "researchAndDevelopment": "0", "operatingExpenses": "5897000000", "investmentIncomeNet": "None", "netInterestIncome": "None", "interestIncome": "None", "interestExpense": "7000000", "nonInterestIncome": "None", "otherNonOperatingIncome": "-3000000", "depreciation": "None", "depreciationAndAmortization": "518000000", "incomeBeforeTax": "777000000", "incomeTaxExpense": "280000000", "interestAndDebtExpense": "None", "netIncomeFromContinuingOperations": "497000000", "comprehensiveIncomeNetOfTax": "None", "ebit": "780000000", "ebitda": "1298000000", "netIncome": "497000000"}, {"fiscalDateEnding": "2011-08-31", "reportedCurrency": "USD", "grossProfit": "6588000000", "totalRevenue": "10521000000", "costOfRevenue": "3933000000", "costofGoodsAndServicesSold": "3933000000", "operatingIncome": "737000000", "sellingGeneralAndAdministrative": "4004000000", "researchAndDevelopment": "0", "operatingExpenses": "5851000000", "investmentIncomeNet": "None", "netInterestIncome": "None", "interestIncome": "None", "interestExpense": "11000000", "nonInterestIncome": "None", "otherNonOperatingIncome": "-13000000", "depreciation": "None", "depreciationAndAmortization": "509000000", "incomeBeforeTax": "724000000", "incomeTaxExpense": "260000000", "interestAndDebtExpense": "None", "netIncomeFromContinuingOperations": "464000000", "comprehensiveIncomeNetOfTax": "None", "ebit": "2075000000", "ebitda": "2584000000", "netIncome": "464000000"}, {"fiscalDateEnding": "2011-05-31", "reportedCurrency": "USD", "grossProfit": "6643000000", "totalRevenue": "10552000000", "costOfRevenue": "3909000000", "costofGoodsAndServicesSold": "3909000000", "operatingIncome": "888000000", "sellingGeneralAndAdministrative": "3866000000", "researchAndDevelopment": "0", "operatingExpenses": "5754000000", "investmentIncomeNet": "None", "netInterestIncome": "None", "interestIncome": "None", "interestExpense": "12000000", "nonInterestIncome": "None", "otherNonOperatingIncome": "63000000", "depreciation": "None", "depreciationAndAmortization": "499000000", "incomeBeforeTax": "865000000", "incomeTaxExpense": "307000000", "interestAndDebtExpense": "None", "netIncomeFromContinuingOperations": "558000000", "comprehensiveIncomeNetOfTax": "None", "ebit": "889000000", "ebitda": "1388000000", "netIncome": "558000000"}, {"fiscalDateEnding": "2011-02-28", "reportedCurrency": "USD", "grossProfit": "8134000000", "totalRevenue": "9663000000", "costOfRevenue": "1529000000", "costofGoodsAndServicesSold": "1529000000", "operatingIncome": "393000000", "sellingGeneralAndAdministrative": "5895000000", "researchAndDevelopment": "0", "operatingExpenses": "6388000000", "investmentIncomeNet": "None", "netInterestIncome": "None", "interestIncome": "None", "interestExpense": "24000000", "nonInterestIncome": "None", "otherNonOperatingIncome": "-33000000", "depreciation": "None", "depreciationAndAmortization": "493000000", "incomeBeforeTax": "360000000", "incomeTaxExpense": "129000000", "interestAndDebtExpense": "None", "netIncomeFromContinuingOperations": "231000000", "comprehensiveIncomeNetOfTax": "None", "ebit": "1746000000", "ebitda": "2239000000", "netIncome": "231000000"}, {"fiscalDateEnding": "2010-11-30", "reportedCurrency": "USD", "grossProfit": "7459000000", "totalRevenue": "9632000000", "costOfRevenue": "2173000000", "costofGoodsAndServicesSold": "2173000000", "operatingIncome": "469000000", "sellingGeneralAndAdministrative": "3779000000", "researchAndDevelopment": "0", "operatingExpenses": "5667000000", "investmentIncomeNet": "None", "netInterestIncome": "None", "interestIncome": "None", "interestExpense": "23000000", "nonInterestIncome": "None", "otherNonOperatingIncome": "-32000000", "depreciation": "None", "depreciationAndAmortization": "502000000", "incomeBeforeTax": "437000000", "incomeTaxExpense": "154000000", "interestAndDebtExpense": "None", "netIncomeFromContinuingOperations": "283000000", "comprehensiveIncomeNetOfTax": "None", "ebit": "460000000", "ebitda": "962000000", "netIncome": "283000000"}, {"fiscalDateEnding": "2010-08-31", "reportedCurrency": "USD", "grossProfit": "7327000000", "totalRevenue": "9457000000", "costOfRevenue": "2130000000", "costofGoodsAndServicesSold": "2130000000", "operatingIncome": "628000000", "sellingGeneralAndAdministrative": "3803000000", "researchAndDevelopment": "0", "operatingExpenses": "5497000000", "investmentIncomeNet": "None", "netInterestIncome": "None", "interestIncome": "None", "interestExpense": "18000000", "nonInterestIncome": "None", "otherNonOperatingIncome": "-25000000", "depreciation": "None", "depreciationAndAmortization": "479000000", "incomeBeforeTax": "603000000", "incomeTaxExpense": "223000000", "interestAndDebtExpense": "None", "netIncomeFromContinuingOperations": "380000000", "comprehensiveIncomeNetOfTax": "None", "ebit": "621000000", "ebitda": "1100000000", "netIncome": "380000000"}, {"fiscalDateEnding": "2010-05-31", "reportedCurrency": "USD", "grossProfit": "8042000000", "totalRevenue": "9428000000", "costOfRevenue": "1386000000", "costofGoodsAndServicesSold": "1386000000", "operatingIncome": "696000000", "sellingGeneralAndAdministrative": "5571000000", "researchAndDevelopment": "0", "operatingExpenses": "6059000000", "investmentIncomeNet": "None", "netInterestIncome": "None", "interestIncome": "None", "interestExpense": "98000000", "nonInterestIncome": "None", "otherNonOperatingIncome": "None", "depreciation": "None", "depreciationAndAmortization": "488000000", "incomeBeforeTax": "672000000", "incomeTaxExpense": "253000000", "interestAndDebtExpense": "None", "netIncomeFromContinuingOperations": "0", "comprehensiveIncomeNetOfTax": "None", "ebit": "574000000", "ebitda": "1062000000", "netIncome": "419000000"}, {"fiscalDateEnding": "2010-02-28", "reportedCurrency": "USD", "grossProfit": "6860000000", "totalRevenue": "8701000000", "costOfRevenue": "1841000000", "costofGoodsAndServicesSold": "1841000000", "operatingIncome": "416000000", "sellingGeneralAndAdministrative": "3549000000", "researchAndDevelopment": "0", "operatingExpenses": "5258000000", "investmentIncomeNet": "None", "netInterestIncome": "None", "interestIncome": "None", "interestExpense": "19000000", "nonInterestIncome": "None", "otherNonOperatingIncome": "-35000000", "depreciation": "None", "depreciationAndAmortization": "488000000", "incomeBeforeTax": "381000000", "incomeTaxExpense": "142000000", "interestAndDebtExpense": "None", "netIncomeFromContinuingOperations": "239000000", "comprehensiveIncomeNetOfTax": "None", "ebit": "400000000", "ebitda": "888000000", "netIncome": "239000000"}, {"fiscalDateEnding": "2009-11-30", "reportedCurrency": "USD", "grossProfit": "6880000000", "totalRevenue": "8596000000", "costOfRevenue": "1716000000", "costofGoodsAndServicesSold": "1716000000", "operatingIncome": "571000000", "sellingGeneralAndAdministrative": "3424000000", "researchAndDevelopment": "0", "operatingExpenses": "5123000000", "investmentIncomeNet": "None", "netInterestIncome": "None", "interestIncome": "None", "interestExpense": "15000000", "nonInterestIncome": "None", "otherNonOperatingIncome": "-24000000", "depreciation": "None", "depreciationAndAmortization": "487000000", "incomeBeforeTax": "547000000", "incomeTaxExpense": "202000000", "interestAndDebtExpense": "None", "netIncomeFromContinuingOperations": "345000000", "comprehensiveIncomeNetOfTax": "None", "ebit": "562000000", "ebitda": "1049000000", "netIncome": "345000000"}, {"fiscalDateEnding": "2009-08-31", "reportedCurrency": "USD", "grossProfit": "6942000000", "totalRevenue": "8009000000", "costOfRevenue": "1067000000", "costofGoodsAndServicesSold": "1067000000", "operatingIncome": "315000000", "sellingGeneralAndAdministrative": "5009000000", "researchAndDevelopment": "0", "operatingExpenses": "5504000000", "investmentIncomeNet": "None", "netInterestIncome": "None", "interestIncome": "None", "interestExpense": "18000000", "nonInterestIncome": "None", "otherNonOperatingIncome": "None", "depreciation": "None", "depreciationAndAmortization": "495000000", "incomeBeforeTax": "294000000", "incomeTaxExpense": "113000000", "interestAndDebtExpense": "None", "netIncomeFromContinuingOperations": "0", "comprehensiveIncomeNetOfTax": "None", "ebit": "312000000", "ebitda": "807000000", "netIncome": "181000000"}, {"fiscalDateEnding": "2009-05-31", "reportedCurrency": "USD", "grossProfit": "6920000000", "totalRevenue": "7852000000", "costOfRevenue": "932000000", "costofGoodsAndServicesSold": "932000000", "operatingIncome": "-849000000", "sellingGeneralAndAdministrative": "4871000000", "researchAndDevelopment": "0", "operatingExpenses": "5367000000", "investmentIncomeNet": "None", "netInterestIncome": "None", "interestIncome": "None", "interestExpense": "85000000", "nonInterestIncome": "None", "otherNonOperatingIncome": "None", "depreciation": "None", "depreciationAndAmortization": "496000000", "incomeBeforeTax": "-874000000", "incomeTaxExpense": "2000000", "interestAndDebtExpense": "None", "netIncomeFromContinuingOperations": "0", "comprehensiveIncomeNetOfTax": "None", "ebit": "-959000000", "ebitda": "-463000000", "netIncome": "-876000000"}, {"fiscalDateEnding": "2009-02-28", "reportedCurrency": "USD", "grossProfit": "6601000000", "totalRevenue": "8137000000", "costOfRevenue": "1536000000", "costofGoodsAndServicesSold": "1536000000", "operatingIncome": "182000000", "sellingGeneralAndAdministrative": "3414000000", "researchAndDevelopment": "0", "operatingExpenses": "5201000000", "investmentIncomeNet": "None", "netInterestIncome": "None", "interestIncome": "None", "interestExpense": "42000000", "nonInterestIncome": "None", "otherNonOperatingIncome": "None", "depreciation": "None", "depreciationAndAmortization": "496000000", "incomeBeforeTax": "159000000", "incomeTaxExpense": "62000000", "interestAndDebtExpense": "None", "netIncomeFromContinuingOperations": "0", "comprehensiveIncomeNetOfTax": "None", "ebit": "1473000000", "ebitda": "1969000000", "netIncome": "97000000"}, {"fiscalDateEnding": "2008-11-30", "reportedCurrency": "USD", "grossProfit": "7911000000", "totalRevenue": "9538000000", "costOfRevenue": "1627000000", "costofGoodsAndServicesSold": "1627000000", "operatingIncome": "784000000", "sellingGeneralAndAdministrative": "5296000000", "researchAndDevelopment": "0", "operatingExpenses": "5787000000", "investmentIncomeNet": "None", "netInterestIncome": "None", "interestIncome": "None", "interestExpense": "34000000", "nonInterestIncome": "None", "otherNonOperatingIncome": "None", "depreciation": "None", "depreciationAndAmortization": "491000000", "incomeBeforeTax": "774000000", "incomeTaxExpense": "281000000", "interestAndDebtExpense": "None", "netIncomeFromContinuingOperations": "0", "comprehensiveIncomeNetOfTax": "None", "ebit": "2124000000", "ebitda": "2615000000", "netIncome": "493000000"}, {"fiscalDateEnding": "2008-08-31", "reportedCurrency": "USD", "grossProfit": "7244000000", "totalRevenue": "9970000000", "costOfRevenue": "2726000000", "costofGoodsAndServicesSold": "2726000000", "operatingIncome": "630000000", "sellingGeneralAndAdministrative": "4202000000", "researchAndDevelopment": "0", "operatingExpenses": "8723000000", "investmentIncomeNet": "None", "netInterestIncome": "None", "interestIncome": "None", "interestExpense": "34000000", "nonInterestIncome": "None", "otherNonOperatingIncome": "None", "depreciation": "None", "depreciationAndAmortization": "492000000", "incomeBeforeTax": "618000000", "incomeTaxExpense": "234000000", "interestAndDebtExpense": "None", "netIncomeFromContinuingOperations": "0", "comprehensiveIncomeNetOfTax": "None", "ebit": "1933000000", "ebitda": "2425000000", "netIncome": "384000000"}, {"fiscalDateEnding": "2008-05-31", "reportedCurrency": "USD", "grossProfit": "4834000000", "totalRevenue": "9866000000", "costOfRevenue": "5032000000", "costofGoodsAndServicesSold": "5032000000", "operatingIncome": "-163000000", "sellingGeneralAndAdministrative": "1797000000", "researchAndDevelopment": "0", "operatingExpenses": "-4405000000", "investmentIncomeNet": "None", "netInterestIncome": "None", "interestIncome": "None", "interestExpense": "98000000", "nonInterestIncome": "None", "otherNonOperatingIncome": "None", "depreciation": "None", "depreciationAndAmortization": "499000000", "incomeBeforeTax": "-167000000", "incomeTaxExpense": "74000000", "interestAndDebtExpense": "None", "netIncomeFromContinuingOperations": "0", "comprehensiveIncomeNetOfTax": "None", "ebit": "3514000000", "ebitda": "4013000000", "netIncome": "-241000000"}, {"fiscalDateEnding": "2008-02-29", "reportedCurrency": "USD", "grossProfit": "8207000000", "totalRevenue": "9437000000", "costOfRevenue": "1230000000", "costofGoodsAndServicesSold": "1230000000", "operatingIncome": "641000000", "sellingGeneralAndAdministrative": "4208000000", "researchAndDevelopment": "0", "operatingExpenses": "8796000000", "investmentIncomeNet": "None", "netInterestIncome": "None", "interestIncome": "None", "interestExpense": "33000000", "nonInterestIncome": "None", "otherNonOperatingIncome": "None", "depreciation": "None", "depreciationAndAmortization": "492000000", "incomeBeforeTax": "628000000", "incomeTaxExpense": "235000000", "interestAndDebtExpense": "None", "netIncomeFromContinuingOperations": "0", "comprehensiveIncomeNetOfTax": "None", "ebit": "-586000000", "ebitda": "-94000000", "netIncome": "393000000"}, {"fiscalDateEnding": "2007-11-30", "reportedCurrency": "USD", "grossProfit": "8229000000", "totalRevenue": "9451000000", "costOfRevenue": "1222000000", "costofGoodsAndServicesSold": "1222000000", "operatingIncome": "783000000", "sellingGeneralAndAdministrative": "4121000000", "researchAndDevelopment": "0", "operatingExpenses": "8668000000", "investmentIncomeNet": "None", "netInterestIncome": "None", "interestIncome": "None", "interestExpense": "33000000", "nonInterestIncome": "None", "otherNonOperatingIncome": "None", "depreciation": "None", "depreciationAndAmortization": "482000000", "incomeBeforeTax": "768000000", "incomeTaxExpense": "289000000", "interestAndDebtExpense": "None", "netIncomeFromContinuingOperations": "0", "comprehensiveIncomeNetOfTax": "None", "ebit": "-439000000", "ebitda": "43000000", "netIncome": "479000000"}, {"fiscalDateEnding": "2007-08-31", "reportedCurrency": "USD", "grossProfit": "8013000000", "totalRevenue": "9199000000", "costOfRevenue": "1186000000", "costofGoodsAndServicesSold": "1186000000", "operatingIncome": "814000000", "sellingGeneralAndAdministrative": "4076000000", "researchAndDevelopment": "0", "operatingExpenses": "8385000000", "investmentIncomeNet": "None", "netInterestIncome": "None", "interestIncome": "None", "interestExpense": "51000000", "nonInterestIncome": "None", "otherNonOperatingIncome": "None", "depreciation": "None", "depreciationAndAmortization": "473000000", "incomeBeforeTax": "787000000", "incomeTaxExpense": "293000000", "interestAndDebtExpense": "None", "netIncomeFromContinuingOperations": "0", "comprehensiveIncomeNetOfTax": "None", "ebit": "-370000000", "ebitda": "103000000", "netIncome": "494000000"}, {"fiscalDateEnding": "2007-05-31", "reportedCurrency": "USD", "grossProfit": "7969000000", "totalRevenue": "9151000000", "costOfRevenue": "1182000000", "costofGoodsAndServicesSold": "1182000000", "operatingIncome": "1012000000", "sellingGeneralAndAdministrative": "4106000000", "researchAndDevelopment": "0", "operatingExpenses": "8139000000", "investmentIncomeNet": "None", "netInterestIncome": "None", "interestIncome": "None", "interestExpense": "136000000", "nonInterestIncome": "None", "otherNonOperatingIncome": "None", "depreciation": "None", "depreciationAndAmortization": "464000000", "incomeBeforeTax": "993000000", "incomeTaxExpense": "383000000", "interestAndDebtExpense": "None", "netIncomeFromContinuingOperations": "0", "comprehensiveIncomeNetOfTax": "None", "ebit": "857000000", "ebitda": "1321000000", "netIncome": "610000000"}, {"fiscalDateEnding": "2007-02-28", "reportedCurrency": "USD", "grossProfit": "7396000000", "totalRevenue": "8592000000", "costOfRevenue": "1196000000", "costofGoodsAndServicesSold": "1196000000", "operatingIncome": "641000000", "sellingGeneralAndAdministrative": "4012000000", "researchAndDevelopment": "0", "operatingExpenses": "7951000000", "investmentIncomeNet": "None", "netInterestIncome": "None", "interestIncome": "None", "interestExpense": "39000000", "nonInterestIncome": "None", "otherNonOperatingIncome": "None", "depreciation": "None", "depreciationAndAmortization": "449000000", "incomeBeforeTax": "629000000", "incomeTaxExpense": "209000000", "interestAndDebtExpense": "None", "netIncomeFromContinuingOperations": "0", "comprehensiveIncomeNetOfTax": "None", "ebit": "641000000", "ebitda": "1090000000", "netIncome": "420000000"}, {"fiscalDateEnding": "2006-11-30", "reportedCurrency": "USD", "grossProfit": "7758000000", "totalRevenue": "8926000000", "costOfRevenue": "1168000000", "costofGoodsAndServicesSold": "1168000000", "operatingIncome": "839000000", "sellingGeneralAndAdministrative": "4110000000", "researchAndDevelopment": "0", "operatingExpenses": "8087000000", "investmentIncomeNet": "None", "netInterestIncome": "None", "interestIncome": "None", "interestExpense": "48000000", "nonInterestIncome": "None", "otherNonOperatingIncome": "None", "depreciation": "None", "depreciationAndAmortization": "430000000", "incomeBeforeTax": "823000000", "incomeTaxExpense": "312000000", "interestAndDebtExpense": "None", "netIncomeFromContinuingOperations": "0", "comprehensiveIncomeNetOfTax": "None", "ebit": "839000000", "ebitda": "1269000000", "netIncome": "511000000"}, {"fiscalDateEnding": "2006-08-31", "reportedCurrency": "USD", "grossProfit": "7405000000", "totalRevenue": "8545000000", "costOfRevenue": "1140000000", "costofGoodsAndServicesSold": "1140000000", "operatingIncome": "784000000", "sellingGeneralAndAdministrative": "3855000000", "researchAndDevelopment": "0", "operatingExpenses": "7761000000", "investmentIncomeNet": "None", "netInterestIncome": "None", "interestIncome": "None", "interestExpense": "41000000", "nonInterestIncome": "None", "otherNonOperatingIncome": "None", "depreciation": "None", "depreciationAndAmortization": "399000000", "incomeBeforeTax": "770000000", "incomeTaxExpense": "295000000", "interestAndDebtExpense": "None", "netIncomeFromContinuingOperations": "0", "comprehensiveIncomeNetOfTax": "None", "ebit": "784000000", "ebitda": "1183000000", "netIncome": "475000000"}, {"fiscalDateEnding": "2006-05-31", "reportedCurrency": "USD", "grossProfit": "7366000000", "totalRevenue": "8494000000", "costOfRevenue": "1128000000", "costofGoodsAndServicesSold": "1128000000", "operatingIncome": "927000000", "sellingGeneralAndAdministrative": "3830000000", "researchAndDevelopment": "0", "operatingExpenses": "7567000000", "investmentIncomeNet": "None", "netInterestIncome": "None", "interestIncome": "None", "interestExpense": "142000000", "nonInterestIncome": "None", "otherNonOperatingIncome": "None", "depreciation": "None", "depreciationAndAmortization": "403000000", "incomeBeforeTax": "907000000", "incomeTaxExpense": "339000000", "interestAndDebtExpense": "None", "netIncomeFromContinuingOperations": "0", "comprehensiveIncomeNetOfTax": "None", "ebit": "767000000", "ebitda": "1170000000", "netIncome": "568000000"}, {"fiscalDateEnding": "2006-02-28", "reportedCurrency": "USD", "grossProfit": "6849000000", "totalRevenue": "8003000000", "costOfRevenue": "1154000000", "costofGoodsAndServicesSold": "1154000000", "operatingIncome": "713000000", "sellingGeneralAndAdministrative": "3739000000", "researchAndDevelopment": "0", "operatingExpenses": "7290000000", "investmentIncomeNet": "None", "netInterestIncome": "None", "interestIncome": "None", "interestExpense": "28000000", "nonInterestIncome": "None", "otherNonOperatingIncome": "None", "depreciation": "None", "depreciationAndAmortization": "391000000", "incomeBeforeTax": "683000000", "incomeTaxExpense": "255000000", "interestAndDebtExpense": "None", "netIncomeFromContinuingOperations": "0", "comprehensiveIncomeNetOfTax": "None", "ebit": "713000000", "ebitda": "1104000000", "netIncome": "428000000"}, {"fiscalDateEnding": "2005-11-30", "reportedCurrency": "USD", "grossProfit": "6922000000", "totalRevenue": "8090000000", "costOfRevenue": "1168000000", "costofGoodsAndServicesSold": "1168000000", "operatingIncome": "790000000", "sellingGeneralAndAdministrative": "3665000000", "researchAndDevelopment": "0", "operatingExpenses": "7300000000", "investmentIncomeNet": "None", "netInterestIncome": "None", "interestIncome": "None", "interestExpense": "30000000", "nonInterestIncome": "None", "otherNonOperatingIncome": "None", "depreciation": "None", "depreciationAndAmortization": "386000000", "incomeBeforeTax": "760000000", "incomeTaxExpense": "289000000", "interestAndDebtExpense": "None", "netIncomeFromContinuingOperations": "0", "comprehensiveIncomeNetOfTax": "None", "ebit": "790000000", "ebitda": "1176000000", "netIncome": "471000000"}, {"fiscalDateEnding": "2005-08-31", "reportedCurrency": "USD", "grossProfit": "6377000000", "totalRevenue": "7707000000", "costOfRevenue": "1330000000", "costofGoodsAndServicesSold": "1330000000", "operatingIncome": "584000000", "sellingGeneralAndAdministrative": "3727000000", "researchAndDevelopment": "0", "operatingExpenses": "6395000000", "investmentIncomeNet": "None", "netInterestIncome": "None", "interestIncome": "None", "interestExpense": "24000000", "nonInterestIncome": "None", "otherNonOperatingIncome": "None", "depreciation": "None", "depreciationAndAmortization": "368000000", "incomeBeforeTax": "549000000", "incomeTaxExpense": "210000000", "interestAndDebtExpense": "None", "netIncomeFromContinuingOperations": "0", "comprehensiveIncomeNetOfTax": "None", "ebit": "586000000", "ebitda": "954000000", "netIncome": "339000000"}, {"fiscalDateEnding": "2005-05-31", "reportedCurrency": "USD", "grossProfit": "6543000000", "totalRevenue": "7715000000", "costOfRevenue": "1172000000", "costofGoodsAndServicesSold": "1172000000", "operatingIncome": "740000000", "sellingGeneralAndAdministrative": "3673000000", "researchAndDevelopment": "0", "operatingExpenses": "6351000000", "investmentIncomeNet": "None", "netInterestIncome": "None", "interestIncome": "None", "interestExpense": "160000000", "nonInterestIncome": "None", "otherNonOperatingIncome": "None", "depreciation": "None", "depreciationAndAmortization": "371000000", "incomeBeforeTax": "711000000", "incomeTaxExpense": "263000000", "interestAndDebtExpense": "None", "netIncomeFromContinuingOperations": "0", "comprehensiveIncomeNetOfTax": "None", "ebit": "192000000", "ebitda": "563000000", "netIncome": "448000000"}, {"fiscalDateEnding": "2005-02-28", "reportedCurrency": "USD", "grossProfit": "6169000000", "totalRevenue": "7339000000", "costOfRevenue": "1170000000", "costofGoodsAndServicesSold": "1170000000", "operatingIncome": "552000000", "sellingGeneralAndAdministrative": "3611000000", "researchAndDevelopment": "0", "operatingExpenses": "6217000000", "investmentIncomeNet": "None", "netInterestIncome": "None", "interestIncome": "None", "interestExpense": "34000000", "nonInterestIncome": "None", "otherNonOperatingIncome": "None", "depreciation": "None", "depreciationAndAmortization": "368000000", "incomeBeforeTax": "514000000", "incomeTaxExpense": "197000000", "interestAndDebtExpense": "None", "netIncomeFromContinuingOperations": "0", "comprehensiveIncomeNetOfTax": "None", "ebit": "552000000", "ebitda": "920000000", "netIncome": "317000000"}]}