{"symbol": "HBAN", "annualReports": [{"fiscalDateEnding": "2024-12-31", "reportedCurrency": "USD", "grossProfit": "9921000000", "totalRevenue": "9921000000", "costOfRevenue": "None", "costofGoodsAndServicesSold": "None", "operatingIncome": "9805000000", "sellingGeneralAndAdministrative": "2815000000", "researchAndDevelopment": "None", "operatingExpenses": "116000000", "investmentIncomeNet": "None", "netInterestIncome": "5345000000", "interestIncome": "9921000000", "interestExpense": "4576000000", "nonInterestIncome": "None", "otherNonOperatingIncome": "None", "depreciation": "None", "depreciationAndAmortization": "None", "incomeBeforeTax": "2403000000", "incomeTaxExpense": "443000000", "interestAndDebtExpense": "None", "netIncomeFromContinuingOperations": "1960000000", "comprehensiveIncomeNetOfTax": "None", "ebit": "None", "ebitda": "None", "netIncome": "1940000000"}, {"fiscalDateEnding": "2023-12-31", "reportedCurrency": "USD", "grossProfit": "6945000000", "totalRevenue": "6945000000", "costOfRevenue": "-1556000000", "costofGoodsAndServicesSold": "-1556000000", "operatingIncome": "2384000000", "sellingGeneralAndAdministrative": "2831000000", "researchAndDevelopment": "None", "operatingExpenses": "3884000000", "investmentIncomeNet": "None", "netInterestIncome": "5585000000", "interestIncome": "8420000000", "interestExpense": "3477000000", "nonInterestIncome": "None", "otherNonOperatingIncome": "None", "depreciation": "None", "depreciationAndAmortization": "798000000", "incomeBeforeTax": "2384000000", "incomeTaxExpense": "413000000", "interestAndDebtExpense": "None", "netIncomeFromContinuingOperations": "2372000000", "comprehensiveIncomeNetOfTax": "None", "ebit": "2384000000", "ebitda": "3182000000", "netIncome": "1951000000"}, {"fiscalDateEnding": "2022-12-31", "reportedCurrency": "USD", "grossProfit": "7254000000", "totalRevenue": "7254000000", "costOfRevenue": "5969000000", "costofGoodsAndServicesSold": "5969000000", "operatingIncome": "3298000000", "sellingGeneralAndAdministrative": "2468000000", "researchAndDevelopment": "None", "operatingExpenses": "91000000", "investmentIncomeNet": "None", "netInterestIncome": "5273000000", "interestIncome": "5969000000", "interestExpense": "696000000", "nonInterestIncome": "None", "otherNonOperatingIncome": "None", "depreciation": "None", "depreciationAndAmortization": "280000000", "incomeBeforeTax": "2764000000", "incomeTaxExpense": "515000000", "interestAndDebtExpense": "None", "netIncomeFromContinuingOperations": "2249000000", "comprehensiveIncomeNetOfTax": "None", "ebit": "2968000000", "ebitda": "3248000000", "netIncome": "2238000000"}, {"fiscalDateEnding": "2021-12-31", "reportedCurrency": "USD", "grossProfit": "5991000000", "totalRevenue": "5991000000", "costOfRevenue": "None", "costofGoodsAndServicesSold": "None", "operatingIncome": "1589000000", "sellingGeneralAndAdministrative": "2386000000", "researchAndDevelopment": "None", "operatingExpenses": "3953000000", "investmentIncomeNet": "None", "netInterestIncome": "4102000000", "interestIncome": "4191000000", "interestExpense": "89000000", "nonInterestIncome": "None", "otherNonOperatingIncome": "None", "depreciation": "None", "depreciationAndAmortization": "267000000", "incomeBeforeTax": "1591000000", "incomeTaxExpense": "294000000", "interestAndDebtExpense": "None", "netIncomeFromContinuingOperations": "1297000000", "comprehensiveIncomeNetOfTax": "None", "ebit": "1715000000", "ebitda": "1982000000", "netIncome": "1295000000"}, {"fiscalDateEnding": "2020-12-31", "reportedCurrency": "USD", "grossProfit": "3763000000", "totalRevenue": "3763000000", "costOfRevenue": "None", "costofGoodsAndServicesSold": "None", "operatingIncome": "972000000", "sellingGeneralAndAdministrative": "1724000000", "researchAndDevelopment": "None", "operatingExpenses": "2508000000", "investmentIncomeNet": "None", "netInterestIncome": "3224000000", "interestIncome": "3647000000", "interestExpense": "423000000", "nonInterestIncome": "None", "otherNonOperatingIncome": "None", "depreciation": "None", "depreciationAndAmortization": "160000000", "incomeBeforeTax": "972000000", "incomeTaxExpense": "155000000", "interestAndDebtExpense": "None", "netIncomeFromContinuingOperations": "817000000", "comprehensiveIncomeNetOfTax": "None", "ebit": "1179000000", "ebitda": "1339000000", "netIncome": "817000000"}, {"fiscalDateEnding": "2019-12-31", "reportedCurrency": "USD", "grossProfit": "4376000000", "totalRevenue": "4376000000", "costOfRevenue": "None", "costofGoodsAndServicesSold": "None", "operatingIncome": "1959000000", "sellingGeneralAndAdministrative": "1688000000", "researchAndDevelopment": "None", "operatingExpenses": "2417000000", "investmentIncomeNet": "None", "netInterestIncome": "3213000000", "interestIncome": "4201000000", "interestExpense": "988000000", "nonInterestIncome": "None", "otherNonOperatingIncome": "None", "depreciation": "None", "depreciationAndAmortization": "165000000", "incomeBeforeTax": "1659000000", "incomeTaxExpense": "248000000", "interestAndDebtExpense": "None", "netIncomeFromContinuingOperations": "1411000000", "comprehensiveIncomeNetOfTax": "None", "ebit": "1880000000", "ebitda": "2045000000", "netIncome": "1411000000"}, {"fiscalDateEnding": "2018-12-31", "reportedCurrency": "USD", "grossProfit": "4279000000", "totalRevenue": "4279000000", "costOfRevenue": "995000000", "costofGoodsAndServicesSold": "995000000", "operatingIncome": "1965000000", "sellingGeneralAndAdministrative": "1622000000", "researchAndDevelopment": "0", "operatingExpenses": "2314000000", "investmentIncomeNet": "None", "netInterestIncome": "3189000000", "interestIncome": "3949000000", "interestExpense": "760000000", "nonInterestIncome": "None", "otherNonOperatingIncome": "None", "depreciation": "None", "depreciationAndAmortization": "183000000", "incomeBeforeTax": "1628000000", "incomeTaxExpense": "235000000", "interestAndDebtExpense": "None", "netIncomeFromContinuingOperations": "1393000000", "comprehensiveIncomeNetOfTax": "None", "ebit": "1938000000", "ebitda": "2121000000", "netIncome": "1393000000"}, {"fiscalDateEnding": "2017-12-31", "reportedCurrency": "USD", "grossProfit": "4108000000", "totalRevenue": "4108000000", "costOfRevenue": "2000000", "costofGoodsAndServicesSold": "2000000", "operatingIncome": "1394000000", "sellingGeneralAndAdministrative": "1602000000", "researchAndDevelopment": "0", "operatingExpenses": "2204000000", "investmentIncomeNet": "None", "netInterestIncome": "3002000000", "interestIncome": "3433000000", "interestExpense": "431000000", "nonInterestIncome": "None", "otherNonOperatingIncome": "None", "depreciation": "None", "depreciationAndAmortization": "179000000", "incomeBeforeTax": "1394000000", "incomeTaxExpense": "208000000", "interestAndDebtExpense": "None", "netIncomeFromContinuingOperations": "1186000000", "comprehensiveIncomeNetOfTax": "None", "ebit": "1628000000", "ebitda": "1807000000", "netIncome": "1186000000"}, {"fiscalDateEnding": "2016-12-31", "reportedCurrency": "USD", "grossProfit": "3328000000", "totalRevenue": "3328000000", "costOfRevenue": "453597000", "costofGoodsAndServicesSold": "453597000", "operatingIncome": "1413000000", "sellingGeneralAndAdministrative": "1403000000", "researchAndDevelopment": "0", "operatingExpenses": "1915000000", "investmentIncomeNet": "None", "netInterestIncome": "2369318000", "interestIncome": "2632113000", "interestExpense": "262795000", "nonInterestIncome": "None", "otherNonOperatingIncome": "None", "depreciation": "None", "depreciationAndAmortization": "156312000", "incomeBeforeTax": "920000000", "incomeTaxExpense": "208000000", "interestAndDebtExpense": "None", "netIncomeFromContinuingOperations": "711821000", "comprehensiveIncomeNetOfTax": "None", "ebit": "1143450000", "ebitda": "1299762000", "netIncome": "712000000"}, {"fiscalDateEnding": "2015-12-31", "reportedCurrency": "USD", "grossProfit": "2890000000", "totalRevenue": "2890000000", "costOfRevenue": "263738000", "costofGoodsAndServicesSold": "263738000", "operatingIncome": "1207000000", "sellingGeneralAndAdministrative": "1166791000", "researchAndDevelopment": "0", "operatingExpenses": "1683000000", "investmentIncomeNet": "None", "netInterestIncome": "1950737000", "interestIncome": "2114521000", "interestExpense": "163784000", "nonInterestIncome": "None", "otherNonOperatingIncome": "None", "depreciation": "None", "depreciationAndAmortization": "27867000", "incomeBeforeTax": "913605000", "incomeTaxExpense": "220648000", "interestAndDebtExpense": "None", "netIncomeFromContinuingOperations": "692957000", "comprehensiveIncomeNetOfTax": "None", "ebit": "1226738000", "ebitda": "1254605000", "netIncome": "692957000"}, {"fiscalDateEnding": "2014-12-31", "reportedCurrency": "USD", "grossProfit": "2816320000", "totalRevenue": "2816320000", "costOfRevenue": "220310000", "costofGoodsAndServicesSold": "220310000", "operatingIncome": "852985000", "sellingGeneralAndAdministrative": "1097819000", "researchAndDevelopment": "0", "operatingExpenses": "1576872000", "investmentIncomeNet": "None", "netInterestIncome": "None", "interestIncome": "None", "interestExpense": "139321000", "nonInterestIncome": "None", "otherNonOperatingIncome": "None", "depreciation": "None", "depreciationAndAmortization": "39277000", "incomeBeforeTax": "852985000", "incomeTaxExpense": "220593000", "interestAndDebtExpense": "None", "netIncomeFromContinuingOperations": "632392000", "comprehensiveIncomeNetOfTax": "None", "ebit": "1146540000", "ebitda": "1185817000", "netIncome": "632392000"}, {"fiscalDateEnding": "2013-12-31", "reportedCurrency": "USD", "grossProfit": "2626759000", "totalRevenue": "2626759000", "costOfRevenue": "246074000", "costofGoodsAndServicesSold": "246074000", "operatingIncome": "854555000", "sellingGeneralAndAdministrative": "1051798000", "researchAndDevelopment": "0", "operatingExpenses": "1536511000", "investmentIncomeNet": "None", "netInterestIncome": "None", "interestIncome": "None", "interestExpense": "156029000", "nonInterestIncome": "None", "otherNonOperatingIncome": "None", "depreciation": "None", "depreciationAndAmortization": "41364000", "incomeBeforeTax": "868756000", "incomeTaxExpense": "227474000", "interestAndDebtExpense": "None", "netIncomeFromContinuingOperations": "638741000", "comprehensiveIncomeNetOfTax": "None", "ebit": "1108937000", "ebitda": "1150301000", "netIncome": "641282000"}, {"fiscalDateEnding": "2012-12-31", "reportedCurrency": "USD", "grossProfit": "2816845000", "totalRevenue": "2816845000", "costOfRevenue": "11217000", "costofGoodsAndServicesSold": "11217000", "operatingIncome": "959945000", "sellingGeneralAndAdministrative": "1056523000", "researchAndDevelopment": "0", "operatingExpenses": "1824658999", "investmentIncomeNet": "None", "netInterestIncome": "None", "interestIncome": "None", "interestExpense": "219739000", "nonInterestIncome": "None", "otherNonOperatingIncome": "None", "depreciation": "None", "depreciationAndAmortization": "274572000", "incomeBeforeTax": "825117000", "incomeTaxExpense": "184095000", "interestAndDebtExpense": "None", "netIncomeFromContinuingOperations": "641022000", "comprehensiveIncomeNetOfTax": "None", "ebit": "825117000", "ebitda": "1099689000", "netIncome": "641022000"}, {"fiscalDateEnding": "2011-12-31", "reportedCurrency": "USD", "grossProfit": "2609793000", "totalRevenue": "2609793000", "costOfRevenue": "-6385000", "costofGoodsAndServicesSold": "-6385000", "operatingIncome": "707234000", "sellingGeneralAndAdministrative": "970226000", "researchAndDevelopment": "0", "operatingExpenses": "1073234000", "investmentIncomeNet": "None", "netInterestIncome": "None", "interestIncome": "None", "interestExpense": "341056000", "nonInterestIncome": "None", "otherNonOperatingIncome": "None", "depreciation": "None", "depreciationAndAmortization": "282105000", "incomeBeforeTax": "707234000", "incomeTaxExpense": "164621000", "interestAndDebtExpense": "None", "netIncomeFromContinuingOperations": "None", "comprehensiveIncomeNetOfTax": "None", "ebit": "707234000", "ebitda": "989339000", "netIncome": "542613000"}, {"fiscalDateEnding": "2010-12-31", "reportedCurrency": "USD", "grossProfit": "2660663000", "totalRevenue": "2660663000", "costOfRevenue": "1161134000", "costofGoodsAndServicesSold": "1161134000", "operatingIncome": "45964000", "sellingGeneralAndAdministrative": "896521000", "researchAndDevelopment": "0", "operatingExpenses": "644016000", "investmentIncomeNet": "None", "netInterestIncome": "None", "interestIncome": "None", "interestExpense": "526587000", "nonInterestIncome": "None", "otherNonOperatingIncome": "None", "depreciation": "None", "depreciationAndAmortization": "60478000", "incomeBeforeTax": "352311000", "incomeTaxExpense": "39964000", "interestAndDebtExpense": "None", "netIncomeFromContinuingOperations": "312347000", "comprehensiveIncomeNetOfTax": "None", "ebit": "352311000", "ebitda": "412789000", "netIncome": "312347000"}, {"fiscalDateEnding": "2009-12-31", "reportedCurrency": "USD", "grossProfit": "2398569000", "totalRevenue": "2398569000", "costOfRevenue": "31362000", "costofGoodsAndServicesSold": "31362000", "operatingIncome": "-3450141999", "sellingGeneralAndAdministrative": "857672000", "researchAndDevelopment": "None", "operatingExpenses": "2398569000", "investmentIncomeNet": "None", "netInterestIncome": "None", "interestIncome": "None", "interestExpense": "813855000", "nonInterestIncome": "None", "otherNonOperatingIncome": "None", "depreciation": "None", "depreciationAndAmortization": "228041000", "incomeBeforeTax": "-3678183000", "incomeTaxExpense": "-584004000", "interestAndDebtExpense": "None", "netIncomeFromContinuingOperations": "None", "comprehensiveIncomeNetOfTax": "None", "ebit": "-3678182999", "ebitda": "-3450141999", "netIncome": "-3094179000"}, {"fiscalDateEnding": "2008-12-31", "reportedCurrency": "USD", "grossProfit": "2238829000", "totalRevenue": "2213742000", "costOfRevenue": "-25087000", "costofGoodsAndServicesSold": "-25087000", "operatingIncome": "-296008000", "sellingGeneralAndAdministrative": "858706000", "researchAndDevelopment": "None", "operatingExpenses": "2213742000", "investmentIncomeNet": "None", "netInterestIncome": "None", "interestIncome": "None", "interestExpense": "1266631000", "nonInterestIncome": "None", "otherNonOperatingIncome": "None", "depreciation": "None", "depreciationAndAmortization": "76894000", "incomeBeforeTax": "-296008000", "incomeTaxExpense": "-182202000", "interestAndDebtExpense": "None", "netIncomeFromContinuingOperations": "None", "comprehensiveIncomeNetOfTax": "None", "ebit": "-244860000", "ebitda": "-167966000", "netIncome": "-113806000"}, {"fiscalDateEnding": "2007-12-31", "reportedCurrency": "USD", "grossProfit": "1978115000", "totalRevenue": "1978115000", "costOfRevenue": "2085079000", "costofGoodsAndServicesSold": "2085079000", "operatingIncome": "22643000", "sellingGeneralAndAdministrative": "748527000", "researchAndDevelopment": "None", "operatingExpenses": "1978115000", "investmentIncomeNet": "None", "netInterestIncome": "None", "interestIncome": "None", "interestExpense": "1441451000", "nonInterestIncome": "None", "otherNonOperatingIncome": "None", "depreciation": "None", "depreciationAndAmortization": "127261000", "incomeBeforeTax": "22643000", "incomeTaxExpense": "-52526000", "interestAndDebtExpense": "None", "netIncomeFromContinuingOperations": "None", "comprehensiveIncomeNetOfTax": "None", "ebit": "22643000", "ebitda": "149904000", "netIncome": "75169000"}, {"fiscalDateEnding": "2006-12-31", "reportedCurrency": "USD", "grossProfit": "1569469000", "totalRevenue": "1576905000", "costOfRevenue": "7436000", "costofGoodsAndServicesSold": "7436000", "operatingIncome": "514061000", "sellingGeneralAndAdministrative": "605630000", "researchAndDevelopment": "None", "operatingExpenses": "1576905000", "investmentIncomeNet": "None", "netInterestIncome": "None", "interestIncome": "None", "interestExpense": "1051342000", "nonInterestIncome": "None", "otherNonOperatingIncome": "None", "depreciation": "None", "depreciationAndAmortization": "111649000", "incomeBeforeTax": "514061000", "incomeTaxExpense": "52840000", "interestAndDebtExpense": "None", "netIncomeFromContinuingOperations": "None", "comprehensiveIncomeNetOfTax": "None", "ebit": "514061000", "ebitda": "625710000", "netIncome": "461221000"}, {"fiscalDateEnding": "2005-12-31", "reportedCurrency": "USD", "grossProfit": "1594693000", "totalRevenue": "1594693000", "costOfRevenue": "760653000", "costofGoodsAndServicesSold": "760653000", "operatingIncome": "543574000", "sellingGeneralAndAdministrative": "481658000", "researchAndDevelopment": "None", "operatingExpenses": "-1051119000", "investmentIncomeNet": "None", "netInterestIncome": "None", "interestIncome": "None", "interestExpense": "679354000", "nonInterestIncome": "None", "otherNonOperatingIncome": "None", "depreciation": "None", "depreciationAndAmortization": "191336000", "incomeBeforeTax": "543574000", "incomeTaxExpense": "131483000", "interestAndDebtExpense": "None", "netIncomeFromContinuingOperations": "None", "comprehensiveIncomeNetOfTax": "None", "ebit": "543574000", "ebitda": "734910000", "netIncome": "412091000"}], "quarterlyReports": [{"fiscalDateEnding": "2024-12-31", "reportedCurrency": "USD", "grossProfit": "1954000000", "totalRevenue": "1954000000", "costOfRevenue": "None", "costofGoodsAndServicesSold": "None", "operatingIncome": "None", "sellingGeneralAndAdministrative": "735000000", "researchAndDevelopment": "None", "operatingExpenses": "1954000000", "investmentIncomeNet": "None", "netInterestIncome": "1395000000", "interestIncome": "2510000000", "interestExpense": "1115000000", "nonInterestIncome": "None", "otherNonOperatingIncome": "None", "depreciation": "None", "depreciationAndAmortization": "130000000", "incomeBeforeTax": "669000000", "incomeTaxExpense": "135000000", "interestAndDebtExpense": "None", "netIncomeFromContinuingOperations": "534000000", "comprehensiveIncomeNetOfTax": "None", "ebit": "None", "ebitda": "None", "netIncome": "530000000"}, {"fiscalDateEnding": "2024-09-30", "reportedCurrency": "USD", "grossProfit": "3051000000", "totalRevenue": "1874000000", "costOfRevenue": "-1177000000", "costofGoodsAndServicesSold": "-1177000000", "operatingIncome": "642000000", "sellingGeneralAndAdministrative": "699000000", "researchAndDevelopment": "None", "operatingExpenses": "1874000000", "investmentIncomeNet": "None", "netInterestIncome": "1351000000", "interestIncome": "2555000000", "interestExpense": "1204000000", "nonInterestIncome": "None", "otherNonOperatingIncome": "None", "depreciation": "None", "depreciationAndAmortization": "144000000", "incomeBeforeTax": "638000000", "incomeTaxExpense": "116000000", "interestAndDebtExpense": "None", "netIncomeFromContinuingOperations": "522000000", "comprehensiveIncomeNetOfTax": "None", "ebit": "642000000", "ebitda": "786000000", "netIncome": "517000000"}, {"fiscalDateEnding": "2024-06-30", "reportedCurrency": "USD", "grossProfit": "1803000000", "totalRevenue": "1803000000", "costOfRevenue": "-17000000", "costofGoodsAndServicesSold": "-17000000", "operatingIncome": "703000000", "sellingGeneralAndAdministrative": "688000000", "researchAndDevelopment": "None", "operatingExpenses": "998000000", "investmentIncomeNet": "None", "netInterestIncome": "1312000000", "interestIncome": "2476000000", "interestExpense": "1164000000", "nonInterestIncome": "None", "otherNonOperatingIncome": "None", "depreciation": "None", "depreciationAndAmortization": "170000000", "incomeBeforeTax": "586000000", "incomeTaxExpense": "106000000", "interestAndDebtExpense": "None", "netIncomeFromContinuingOperations": "480000000", "comprehensiveIncomeNetOfTax": "None", "ebit": "586000000", "ebitda": "756000000", "netIncome": "474000000"}, {"fiscalDateEnding": "2024-03-31", "reportedCurrency": "USD", "grossProfit": "1754000000", "totalRevenue": "1754000000", "costOfRevenue": "-23000000", "costofGoodsAndServicesSold": "-23000000", "operatingIncome": "663000000", "sellingGeneralAndAdministrative": "693000000", "researchAndDevelopment": "None", "operatingExpenses": "982000000", "investmentIncomeNet": "None", "netInterestIncome": "1287000000", "interestIncome": "2380000000", "interestExpense": "1093000000", "nonInterestIncome": "None", "otherNonOperatingIncome": "None", "depreciation": "None", "depreciationAndAmortization": "190000000", "incomeBeforeTax": "510000000", "incomeTaxExpense": "86000000", "interestAndDebtExpense": "None", "netIncomeFromContinuingOperations": "424000000", "comprehensiveIncomeNetOfTax": "None", "ebit": "510000000", "ebitda": "700000000", "netIncome": "419000000"}, {"fiscalDateEnding": "2023-12-31", "reportedCurrency": "USD", "grossProfit": "1778000000", "totalRevenue": "1721000000", "costOfRevenue": "-57000000", "costofGoodsAndServicesSold": "-57000000", "operatingIncome": "247000000", "sellingGeneralAndAdministrative": "879000000", "researchAndDevelopment": "None", "operatingExpenses": "2432000000", "investmentIncomeNet": "None", "netInterestIncome": "1316000000", "interestIncome": "2350000000", "interestExpense": "1034000000", "nonInterestIncome": "None", "otherNonOperatingIncome": "None", "depreciation": "None", "depreciationAndAmortization": "240000000", "incomeBeforeTax": "247000000", "incomeTaxExpense": "-1000000", "interestAndDebtExpense": "None", "netIncomeFromContinuingOperations": "248000000", "comprehensiveIncomeNetOfTax": "None", "ebit": "247000000", "ebitda": "487000000", "netIncome": "243000000"}, {"fiscalDateEnding": "2023-09-30", "reportedCurrency": "USD", "grossProfit": "1877000000", "totalRevenue": "1877000000", "costOfRevenue": "None", "costofGoodsAndServicesSold": "None", "operatingIncome": "683000000", "sellingGeneralAndAdministrative": "647000000", "researchAndDevelopment": "None", "operatingExpenses": "957000000", "investmentIncomeNet": "None", "netInterestIncome": "1368000000", "interestIncome": "2313000000", "interestExpense": "945000000", "nonInterestIncome": "None", "otherNonOperatingIncome": "None", "depreciation": "None", "depreciationAndAmortization": "214000000", "incomeBeforeTax": "688000000", "incomeTaxExpense": "136000000", "interestAndDebtExpense": "None", "netIncomeFromContinuingOperations": "552000000", "comprehensiveIncomeNetOfTax": "None", "ebit": "688000000", "ebitda": "902000000", "netIncome": "547000000"}, {"fiscalDateEnding": "2023-06-30", "reportedCurrency": "USD", "grossProfit": "1745000000", "totalRevenue": "1745000000", "costOfRevenue": "None", "costofGoodsAndServicesSold": "None", "operatingIncome": "805000000", "sellingGeneralAndAdministrative": "636000000", "researchAndDevelopment": "None", "operatingExpenses": "940000000", "investmentIncomeNet": "None", "netInterestIncome": "1346000000", "interestIncome": "2225000000", "interestExpense": "879000000", "nonInterestIncome": "None", "otherNonOperatingIncome": "None", "depreciation": "None", "depreciationAndAmortization": "202000000", "incomeBeforeTax": "699000000", "incomeTaxExpense": "134000000", "interestAndDebtExpense": "None", "netIncomeFromContinuingOperations": "565000000", "comprehensiveIncomeNetOfTax": "None", "ebit": "699000000", "ebitda": "901000000", "netIncome": "559000000"}, {"fiscalDateEnding": "2023-03-31", "reportedCurrency": "USD", "grossProfit": "1921000000", "totalRevenue": "1835000000", "costOfRevenue": "-86000000", "costofGoodsAndServicesSold": "-86000000", "operatingIncome": "1365000000", "sellingGeneralAndAdministrative": "669000000", "researchAndDevelopment": "None", "operatingExpenses": "1921000000", "investmentIncomeNet": "None", "netInterestIncome": "1409000000", "interestIncome": "2028000000", "interestExpense": "619000000", "nonInterestIncome": "None", "otherNonOperatingIncome": "None", "depreciation": "None", "depreciationAndAmortization": "142000000", "incomeBeforeTax": "750000000", "incomeTaxExpense": "144000000", "interestAndDebtExpense": "None", "netIncomeFromContinuingOperations": "606000000", "comprehensiveIncomeNetOfTax": "None", "ebit": "1365000000", "ebitda": "1386000000", "netIncome": "602000000"}, {"fiscalDateEnding": "2022-12-31", "reportedCurrency": "USD", "grossProfit": "1961000000", "totalRevenue": "1865000000", "costOfRevenue": "-96000000", "costofGoodsAndServicesSold": "-96000000", "operatingIncome": "1288000000", "sellingGeneralAndAdministrative": "644000000", "researchAndDevelopment": "None", "operatingExpenses": "1961000000", "investmentIncomeNet": "None", "netInterestIncome": "1462000000", "interestIncome": "1854000000", "interestExpense": "392000000", "nonInterestIncome": "None", "otherNonOperatingIncome": "None", "depreciation": "None", "depreciationAndAmortization": "129000000", "incomeBeforeTax": "793000000", "incomeTaxExpense": "144000000", "interestAndDebtExpense": "None", "netIncomeFromContinuingOperations": "649000000", "comprehensiveIncomeNetOfTax": "None", "ebit": "1288000000", "ebitda": "1310000000", "netIncome": "645000000"}, {"fiscalDateEnding": "2022-09-30", "reportedCurrency": "USD", "grossProfit": "1795000000", "totalRevenue": "1795000000", "costOfRevenue": "1589000000", "costofGoodsAndServicesSold": "1589000000", "operatingIncome": "860000000", "sellingGeneralAndAdministrative": "629000000", "researchAndDevelopment": "None", "operatingExpenses": "935000000", "investmentIncomeNet": "None", "netInterestIncome": "1404000000", "interestIncome": "1589000000", "interestExpense": "185000000", "nonInterestIncome": "None", "otherNonOperatingIncome": "None", "depreciation": "None", "depreciationAndAmortization": "159000000", "incomeBeforeTax": "743000000", "incomeTaxExpense": "146000000", "interestAndDebtExpense": "None", "netIncomeFromContinuingOperations": "597000000", "comprehensiveIncomeNetOfTax": "None", "ebit": "732000000", "ebitda": "891000000", "netIncome": "594000000"}, {"fiscalDateEnding": "2022-06-30", "reportedCurrency": "USD", "grossProfit": "1746000000", "totalRevenue": "1746000000", "costOfRevenue": "1331000000", "costofGoodsAndServicesSold": "1331000000", "operatingIncome": "800000000", "sellingGeneralAndAdministrative": "597000000", "researchAndDevelopment": "None", "operatingExpenses": "903000000", "investmentIncomeNet": "None", "netInterestIncome": "1261000000", "interestIncome": "1331000000", "interestExpense": "70000000", "nonInterestIncome": "None", "otherNonOperatingIncome": "None", "depreciation": "None", "depreciationAndAmortization": "106000000", "incomeBeforeTax": "661000000", "incomeTaxExpense": "120000000", "interestAndDebtExpense": "None", "netIncomeFromContinuingOperations": "541000000", "comprehensiveIncomeNetOfTax": "None", "ebit": "650000000", "ebitda": "756000000", "netIncome": "539000000"}, {"fiscalDateEnding": "2022-03-31", "reportedCurrency": "USD", "grossProfit": "1645000000", "totalRevenue": "1645000000", "costOfRevenue": "None", "costofGoodsAndServicesSold": "None", "operatingIncome": "698000000", "sellingGeneralAndAdministrative": "598000000", "researchAndDevelopment": "None", "operatingExpenses": "944000000", "investmentIncomeNet": "None", "netInterestIncome": "1146000000", "interestIncome": "1195000000", "interestExpense": "49000000", "nonInterestIncome": "None", "otherNonOperatingIncome": "None", "depreciation": "None", "depreciationAndAmortization": "126000000", "incomeBeforeTax": "567000000", "incomeTaxExpense": "105000000", "interestAndDebtExpense": "None", "netIncomeFromContinuingOperations": "462000000", "comprehensiveIncomeNetOfTax": "None", "ebit": "553000000", "ebitda": "679000000", "netIncome": "460000000"}, {"fiscalDateEnding": "2021-12-31", "reportedCurrency": "USD", "grossProfit": "1647000000", "totalRevenue": "1647000000", "costOfRevenue": "None", "costofGoodsAndServicesSold": "None", "operatingIncome": "772000000", "sellingGeneralAndAdministrative": "473000000", "researchAndDevelopment": "None", "operatingExpenses": "937000000", "investmentIncomeNet": "None", "netInterestIncome": "1132000000", "interestIncome": "1182000000", "interestExpense": "50000000", "nonInterestIncome": "None", "otherNonOperatingIncome": "None", "depreciation": "None", "depreciationAndAmortization": "92000000", "incomeBeforeTax": "490000000", "incomeTaxExpense": "88000000", "interestAndDebtExpense": "None", "netIncomeFromContinuingOperations": "402000000", "comprehensiveIncomeNetOfTax": "None", "ebit": "490000000", "ebitda": "582000000", "netIncome": "401000000"}, {"fiscalDateEnding": "2021-09-30", "reportedCurrency": "USD", "grossProfit": "1695000000", "totalRevenue": "535000000", "costOfRevenue": "-1160000000", "costofGoodsAndServicesSold": "-1160000000", "operatingIncome": "505000000", "sellingGeneralAndAdministrative": "624000000", "researchAndDevelopment": "None", "operatingExpenses": "25000000", "investmentIncomeNet": "None", "netInterestIncome": "1160000000", "interestIncome": "1205000000", "interestExpense": "45000000", "nonInterestIncome": "None", "otherNonOperatingIncome": "None", "depreciation": "None", "depreciationAndAmortization": "44000000", "incomeBeforeTax": "468000000", "incomeTaxExpense": "90000000", "interestAndDebtExpense": "None", "netIncomeFromContinuingOperations": "378000000", "comprehensiveIncomeNetOfTax": "None", "ebit": "449000000", "ebitda": "493000000", "netIncome": "377000000"}, {"fiscalDateEnding": "2021-06-30", "reportedCurrency": "USD", "grossProfit": "1074000000", "totalRevenue": "1074000000", "costOfRevenue": "None", "costofGoodsAndServicesSold": "None", "operatingIncome": "283000000", "sellingGeneralAndAdministrative": "490000000", "researchAndDevelopment": "None", "operatingExpenses": "732000000", "investmentIncomeNet": "None", "netInterestIncome": "838000000", "interestIncome": "850000000", "interestExpense": "97000000", "nonInterestIncome": "None", "otherNonOperatingIncome": "None", "depreciation": "None", "depreciationAndAmortization": "203000000", "incomeBeforeTax": "-1000000", "incomeTaxExpense": "14000000", "interestAndDebtExpense": "None", "netIncomeFromContinuingOperations": "-15000000", "comprehensiveIncomeNetOfTax": "None", "ebit": "283000000", "ebitda": "299000000", "netIncome": "-15000000"}, {"fiscalDateEnding": "2021-03-31", "reportedCurrency": "USD", "grossProfit": "1420000000", "totalRevenue": "1420000000", "costOfRevenue": "None", "costofGoodsAndServicesSold": "None", "operatingIncome": "738000000", "sellingGeneralAndAdministrative": "476000000", "researchAndDevelopment": "None", "operatingExpenses": "14000000", "investmentIncomeNet": "None", "netInterestIncome": "972000000", "interestIncome": "983000000", "interestExpense": "103000000", "nonInterestIncome": "None", "otherNonOperatingIncome": "None", "depreciation": "None", "depreciationAndAmortization": "10000000", "incomeBeforeTax": "634000000", "incomeTaxExpense": "102000000", "interestAndDebtExpense": "None", "netIncomeFromContinuingOperations": "532000000", "comprehensiveIncomeNetOfTax": "None", "ebit": "695000000", "ebitda": "705000000", "netIncome": "532000000"}, {"fiscalDateEnding": "2020-12-31", "reportedCurrency": "USD", "grossProfit": "1234000000", "totalRevenue": "1130000000", "costOfRevenue": "-104000000", "costofGoodsAndServicesSold": "-104000000", "operatingIncome": "471000000", "sellingGeneralAndAdministrative": "433000000", "researchAndDevelopment": "None", "operatingExpenses": "659000000", "investmentIncomeNet": "None", "netInterestIncome": "825000000", "interestIncome": "878000000", "interestExpense": "53000000", "nonInterestIncome": "None", "otherNonOperatingIncome": "None", "depreciation": "None", "depreciationAndAmortization": "109000000", "incomeBeforeTax": "375000000", "incomeTaxExpense": "59000000", "interestAndDebtExpense": "None", "netIncomeFromContinuingOperations": "316000000", "comprehensiveIncomeNetOfTax": "None", "ebit": "428000000", "ebitda": "537000000", "netIncome": "316000000"}, {"fiscalDateEnding": "2020-09-30", "reportedCurrency": "USD", "grossProfit": "1069000000", "totalRevenue": "1069000000", "costOfRevenue": "None", "costofGoodsAndServicesSold": "None", "operatingIncome": "413000000", "sellingGeneralAndAdministrative": "459000000", "researchAndDevelopment": "None", "operatingExpenses": "656000000", "investmentIncomeNet": "None", "netInterestIncome": "817000000", "interestIncome": "892000000", "interestExpense": "75000000", "nonInterestIncome": "None", "otherNonOperatingIncome": "None", "depreciation": "None", "depreciationAndAmortization": "10000000", "incomeBeforeTax": "358000000", "incomeTaxExpense": "55000000", "interestAndDebtExpense": "None", "netIncomeFromContinuingOperations": "303000000", "comprehensiveIncomeNetOfTax": "None", "ebit": "428000000", "ebitda": "438000000", "netIncome": "303000000"}, {"fiscalDateEnding": "2020-06-30", "reportedCurrency": "USD", "grossProfit": "855000000", "totalRevenue": "855000000", "costOfRevenue": "5000000", "costofGoodsAndServicesSold": "5000000", "operatingIncome": "245000000", "sellingGeneralAndAdministrative": "427000000", "researchAndDevelopment": "None", "operatingExpenses": "610000000", "investmentIncomeNet": "None", "netInterestIncome": "792000000", "interestIncome": "902000000", "interestExpense": "110000000", "nonInterestIncome": "None", "otherNonOperatingIncome": "None", "depreciation": "None", "depreciationAndAmortization": "10000000", "incomeBeforeTax": "181000000", "incomeTaxExpense": "31000000", "interestAndDebtExpense": "None", "netIncomeFromContinuingOperations": "150000000", "comprehensiveIncomeNetOfTax": "None", "ebit": "230000000", "ebitda": "240000000", "netIncome": "150000000"}, {"fiscalDateEnding": "2020-03-31", "reportedCurrency": "USD", "grossProfit": "708000000", "totalRevenue": "708000000", "costOfRevenue": "None", "costofGoodsAndServicesSold": "None", "operatingIncome": "127000000", "sellingGeneralAndAdministrative": "404000000", "researchAndDevelopment": "None", "operatingExpenses": "581000000", "investmentIncomeNet": "None", "netInterestIncome": "790000000", "interestIncome": "975000000", "interestExpense": "185000000", "nonInterestIncome": "None", "otherNonOperatingIncome": "None", "depreciation": "None", "depreciationAndAmortization": "119000000", "incomeBeforeTax": "58000000", "incomeTaxExpense": "10000000", "interestAndDebtExpense": "None", "netIncomeFromContinuingOperations": "48000000", "comprehensiveIncomeNetOfTax": "None", "ebit": "351000000", "ebitda": "362000000", "netIncome": "48000000"}, {"fiscalDateEnding": "2019-12-31", "reportedCurrency": "USD", "grossProfit": "1152000000", "totalRevenue": "1072000000", "costOfRevenue": "-80000000", "costofGoodsAndServicesSold": "-80000000", "operatingIncome": "451000000", "sellingGeneralAndAdministrative": "436000000", "researchAndDevelopment": "None", "operatingExpenses": "621000000", "investmentIncomeNet": "None", "netInterestIncome": "780000000", "interestIncome": "1011000000", "interestExpense": "231000000", "nonInterestIncome": "None", "otherNonOperatingIncome": "None", "depreciation": "None", "depreciationAndAmortization": "78000000", "incomeBeforeTax": "372000000", "incomeTaxExpense": "55000000", "interestAndDebtExpense": "None", "netIncomeFromContinuingOperations": "317000000", "comprehensiveIncomeNetOfTax": "None", "ebit": "669000000", "ebitda": "681000000", "netIncome": "317000000"}, {"fiscalDateEnding": "2019-09-30", "reportedCurrency": "USD", "grossProfit": "1104000000", "totalRevenue": "1104000000", "costOfRevenue": "15000000", "costofGoodsAndServicesSold": "15000000", "operatingIncome": "506000000", "sellingGeneralAndAdministrative": "414000000", "researchAndDevelopment": "None", "operatingExpenses": "598000000", "investmentIncomeNet": "None", "netInterestIncome": "799000000", "interestIncome": "1052000000", "interestExpense": "253000000", "nonInterestIncome": "None", "otherNonOperatingIncome": "None", "depreciation": "None", "depreciationAndAmortization": "12000000", "incomeBeforeTax": "439000000", "incomeTaxExpense": "67000000", "interestAndDebtExpense": "None", "netIncomeFromContinuingOperations": "372000000", "comprehensiveIncomeNetOfTax": "None", "ebit": "531000000", "ebitda": "543000000", "netIncome": "372000000"}, {"fiscalDateEnding": "2019-06-30", "reportedCurrency": "USD", "grossProfit": "1127000000", "totalRevenue": "1127000000", "costOfRevenue": "None", "costofGoodsAndServicesSold": "None", "operatingIncome": "509000000", "sellingGeneralAndAdministrative": "436000000", "researchAndDevelopment": "None", "operatingExpenses": "618000000", "investmentIncomeNet": "None", "netInterestIncome": "812000000", "interestIncome": "1068000000", "interestExpense": "256000000", "nonInterestIncome": "None", "otherNonOperatingIncome": "None", "depreciation": "None", "depreciationAndAmortization": "73000000", "incomeBeforeTax": "427000000", "incomeTaxExpense": "63000000", "interestAndDebtExpense": "None", "netIncomeFromContinuingOperations": "364000000", "comprehensiveIncomeNetOfTax": "None", "ebit": "744000000", "ebitda": "756000000", "netIncome": "364000000"}, {"fiscalDateEnding": "2019-03-31", "reportedCurrency": "USD", "grossProfit": "1073000000", "totalRevenue": "1073000000", "costOfRevenue": "None", "costofGoodsAndServicesSold": "None", "operatingIncome": "497000000", "sellingGeneralAndAdministrative": "402000000", "researchAndDevelopment": "None", "operatingExpenses": "576000000", "investmentIncomeNet": "None", "netInterestIncome": "822000000", "interestIncome": "1070000000", "interestExpense": "248000000", "nonInterestIncome": "None", "otherNonOperatingIncome": "None", "depreciation": "None", "depreciationAndAmortization": "13000000", "incomeBeforeTax": "421000000", "incomeTaxExpense": "63000000", "interestAndDebtExpense": "None", "netIncomeFromContinuingOperations": "358000000", "comprehensiveIncomeNetOfTax": "None", "ebit": "537000000", "ebitda": "550000000", "netIncome": "358000000"}, {"fiscalDateEnding": "2018-12-31", "reportedCurrency": "USD", "grossProfit": "1162000000", "totalRevenue": "1107000000", "costOfRevenue": "-55000000", "costofGoodsAndServicesSold": "-55000000", "operatingIncome": "503000000", "sellingGeneralAndAdministrative": "408000000", "researchAndDevelopment": "0", "operatingExpenses": "604000000", "investmentIncomeNet": "None", "netInterestIncome": "None", "interestIncome": "None", "interestExpense": "223000000", "nonInterestIncome": "None", "otherNonOperatingIncome": "None", "depreciation": "None", "depreciationAndAmortization": "143000000", "incomeBeforeTax": "391000000", "incomeTaxExpense": "57000000", "interestAndDebtExpense": "None", "netIncomeFromContinuingOperations": "334000000", "comprehensiveIncomeNetOfTax": "None", "ebit": "744000000", "ebitda": "757000000", "netIncome": "334000000"}, {"fiscalDateEnding": "2018-09-30", "reportedCurrency": "USD", "grossProfit": "1090000000", "totalRevenue": "1090000000", "costOfRevenue": "258000000", "costofGoodsAndServicesSold": "258000000", "operatingIncome": "528000000", "sellingGeneralAndAdministrative": "406000000", "researchAndDevelopment": "0", "operatingExpenses": "12000000", "investmentIncomeNet": "None", "netInterestIncome": "None", "interestIncome": "None", "interestExpense": "205000000", "nonInterestIncome": "None", "otherNonOperatingIncome": "None", "depreciation": "None", "depreciationAndAmortization": "13000000", "incomeBeforeTax": "440000000", "incomeTaxExpense": "62000000", "interestAndDebtExpense": "None", "netIncomeFromContinuingOperations": "378000000", "comprehensiveIncomeNetOfTax": "None", "ebit": "549000000", "ebitda": "562000000", "netIncome": "378000000"}, {"fiscalDateEnding": "2018-06-30", "reportedCurrency": "USD", "grossProfit": "1065000000", "totalRevenue": "1065000000", "costOfRevenue": "244000000", "costofGoodsAndServicesSold": "244000000", "operatingIncome": "494000000", "sellingGeneralAndAdministrative": "414000000", "researchAndDevelopment": "0", "operatingExpenses": "571000000", "investmentIncomeNet": "None", "netInterestIncome": "None", "interestIncome": "None", "interestExpense": "188000000", "nonInterestIncome": "None", "otherNonOperatingIncome": "None", "depreciation": "None", "depreciationAndAmortization": "13000000", "incomeBeforeTax": "412000000", "incomeTaxExpense": "57000000", "interestAndDebtExpense": "None", "netIncomeFromContinuingOperations": "355000000", "comprehensiveIncomeNetOfTax": "None", "ebit": "522000000", "ebitda": "535000000", "netIncome": "355000000"}, {"fiscalDateEnding": "2018-03-31", "reportedCurrency": "USD", "grossProfit": "1011000000", "totalRevenue": "1011000000", "costOfRevenue": "210000000", "costofGoodsAndServicesSold": "210000000", "operatingIncome": "462000000", "sellingGeneralAndAdministrative": "394000000", "researchAndDevelopment": "0", "operatingExpenses": "549000000", "investmentIncomeNet": "None", "netInterestIncome": "None", "interestIncome": "None", "interestExpense": "144000000", "nonInterestIncome": "None", "otherNonOperatingIncome": "None", "depreciation": "None", "depreciationAndAmortization": "14000000", "incomeBeforeTax": "385000000", "incomeTaxExpense": "59000000", "interestAndDebtExpense": "None", "netIncomeFromContinuingOperations": "326000000", "comprehensiveIncomeNetOfTax": "None", "ebit": "476000000", "ebitda": "490000000", "netIncome": "326000000"}, {"fiscalDateEnding": "2017-12-31", "reportedCurrency": "USD", "grossProfit": "1106302000", "totalRevenue": "1043000000", "costOfRevenue": "-63302000", "costofGoodsAndServicesSold": "-63302000", "operatingIncome": "499000000", "sellingGeneralAndAdministrative": "392000000", "researchAndDevelopment": "0", "operatingExpenses": "544000000", "investmentIncomeNet": "None", "netInterestIncome": "None", "interestIncome": "None", "interestExpense": "124149000", "nonInterestIncome": "None", "otherNonOperatingIncome": "None", "depreciation": "None", "depreciationAndAmortization": "105937000", "incomeBeforeTax": "411722000", "incomeTaxExpense": "-19875000", "interestAndDebtExpense": "None", "netIncomeFromContinuingOperations": "431597000", "comprehensiveIncomeNetOfTax": "None", "ebit": "627808000", "ebitda": "641808000", "netIncome": "431597000"}, {"fiscalDateEnding": "2017-09-30", "reportedCurrency": "USD", "grossProfit": "1044000000", "totalRevenue": "1044000000", "costOfRevenue": "158144000", "costofGoodsAndServicesSold": "158144000", "operatingIncome": "486000000", "sellingGeneralAndAdministrative": "395602000", "researchAndDevelopment": "0", "operatingExpenses": "558000000", "investmentIncomeNet": "None", "netInterestIncome": "None", "interestIncome": "None", "interestExpense": "114554000", "nonInterestIncome": "None", "otherNonOperatingIncome": "None", "depreciation": "None", "depreciationAndAmortization": "14017000", "incomeBeforeTax": "364512000", "incomeTaxExpense": "89944000", "interestAndDebtExpense": "None", "netIncomeFromContinuingOperations": "274568000", "comprehensiveIncomeNetOfTax": "None", "ebit": "446495000", "ebitda": "460512000", "netIncome": "274568000"}, {"fiscalDateEnding": "2017-06-30", "reportedCurrency": "USD", "grossProfit": "1048000000", "totalRevenue": "1048000000", "costOfRevenue": "126890000", "costofGoodsAndServicesSold": "126890000", "operatingIncome": "353947000", "sellingGeneralAndAdministrative": "412000000", "researchAndDevelopment": "0", "operatingExpenses": "554000000", "investmentIncomeNet": "None", "netInterestIncome": "None", "interestIncome": "None", "interestExpense": "101000000", "nonInterestIncome": "None", "otherNonOperatingIncome": "None", "depreciation": "None", "depreciationAndAmortization": "14242000", "incomeBeforeTax": "350388000", "incomeTaxExpense": "78647000", "interestAndDebtExpense": "None", "netIncomeFromContinuingOperations": "271741000", "comprehensiveIncomeNetOfTax": "None", "ebit": "437685000", "ebitda": "451927000", "netIncome": "271741000"}, {"fiscalDateEnding": "2017-03-31", "reportedCurrency": "USD", "grossProfit": "972000000", "totalRevenue": "972000000", "costOfRevenue": "158023000", "costofGoodsAndServicesSold": "158023000", "operatingIncome": "424000000", "sellingGeneralAndAdministrative": "402000000", "researchAndDevelopment": "0", "operatingExpenses": "548000000", "investmentIncomeNet": "None", "netInterestIncome": "None", "interestIncome": "None", "interestExpense": "90000000", "nonInterestIncome": "None", "otherNonOperatingIncome": "None", "depreciation": "None", "depreciationAndAmortization": "14355000", "incomeBeforeTax": "267378000", "incomeTaxExpense": "59284000", "interestAndDebtExpense": "None", "netIncomeFromContinuingOperations": "208094000", "comprehensiveIncomeNetOfTax": "None", "ebit": "464023000", "ebitda": "478378000", "netIncome": "208094000"}, {"fiscalDateEnding": "2016-12-31", "reportedCurrency": "USD", "grossProfit": "1069318000", "totalRevenue": "971072000", "costOfRevenue": "-98246000", "costofGoodsAndServicesSold": "-98246000", "operatingIncome": "419204000", "sellingGeneralAndAdministrative": "375527000", "researchAndDevelopment": "0", "operatingExpenses": "551868000", "investmentIncomeNet": "None", "netInterestIncome": "None", "interestIncome": "None", "interestExpense": "79877000", "nonInterestIncome": "None", "otherNonOperatingIncome": "None", "depreciation": "None", "depreciationAndAmortization": "80328000", "incomeBeforeTax": "312915000", "incomeTaxExpense": "73952000", "interestAndDebtExpense": "None", "netIncomeFromContinuingOperations": "238963000", "comprehensiveIncomeNetOfTax": "None", "ebit": "459021000", "ebitda": "473120000", "netIncome": "238963000"}, {"fiscalDateEnding": "2016-09-30", "reportedCurrency": "USD", "grossProfit": "861457000", "totalRevenue": "861457000", "costOfRevenue": "132761000", "costofGoodsAndServicesSold": "132761000", "operatingIncome": "371833000", "sellingGeneralAndAdministrative": "419964000", "researchAndDevelopment": "0", "operatingExpenses": "489624000", "investmentIncomeNet": "None", "netInterestIncome": "None", "interestIncome": "None", "interestExpense": "68956000", "nonInterestIncome": "None", "otherNonOperatingIncome": "None", "depreciation": "None", "depreciationAndAmortization": "9046000", "incomeBeforeTax": "151753000", "incomeTaxExpense": "24749000", "interestAndDebtExpense": "None", "netIncomeFromContinuingOperations": "127004000", "comprehensiveIncomeNetOfTax": "None", "ebit": "233902000", "ebitda": "242948000", "netIncome": "127004000"}, {"fiscalDateEnding": "2016-06-30", "reportedCurrency": "USD", "grossProfit": "776993000", "totalRevenue": "776993000", "costOfRevenue": "84286000", "costofGoodsAndServicesSold": "84286000", "operatingIncome": "318243000", "sellingGeneralAndAdministrative": "311136000", "researchAndDevelopment": "0", "operatingExpenses": "441536000", "investmentIncomeNet": "None", "netInterestIncome": "None", "interestIncome": "None", "interestExpense": "59777000", "nonInterestIncome": "None", "otherNonOperatingIncome": "None", "depreciation": "None", "depreciationAndAmortization": "103146000", "incomeBeforeTax": "228823000", "incomeTaxExpense": "54283000", "interestAndDebtExpense": "None", "netIncomeFromContinuingOperations": "174540000", "comprehensiveIncomeNetOfTax": "None", "ebit": "388146000", "ebitda": "391746000", "netIncome": "174540000"}, {"fiscalDateEnding": "2016-03-31", "reportedCurrency": "USD", "grossProfit": "744933000", "totalRevenue": "744933000", "costOfRevenue": "81767000", "costofGoodsAndServicesSold": "81767000", "operatingIncome": "301716000", "sellingGeneralAndAdministrative": "296605000", "researchAndDevelopment": "0", "operatingExpenses": "431975000", "investmentIncomeNet": "None", "netInterestIncome": "None", "interestIncome": "None", "interestExpense": "54185000", "nonInterestIncome": "None", "otherNonOperatingIncome": "None", "depreciation": "None", "depreciationAndAmortization": "105103000", "incomeBeforeTax": "226271000", "incomeTaxExpense": "54957000", "interestAndDebtExpense": "None", "netIncomeFromContinuingOperations": "171314000", "comprehensiveIncomeNetOfTax": "None", "ebit": "381847000", "ebitda": "385559000", "netIncome": "171314000"}, {"fiscalDateEnding": "2015-12-31", "reportedCurrency": "USD", "grossProfit": "769126000", "totalRevenue": "727898000", "costOfRevenue": "-41228000", "costofGoodsAndServicesSold": "-41228000", "operatingIncome": "295739000", "sellingGeneralAndAdministrative": "299966000", "researchAndDevelopment": "0", "operatingExpenses": "432159000", "investmentIncomeNet": "None", "netInterestIncome": "None", "interestIncome": "None", "interestExpense": "47242000", "nonInterestIncome": "None", "otherNonOperatingIncome": "None", "depreciation": "None", "depreciationAndAmortization": "78493000", "incomeBeforeTax": "233892000", "incomeTaxExpense": "55583000", "interestAndDebtExpense": "None", "netIncomeFromContinuingOperations": "178309000", "comprehensiveIncomeNetOfTax": "None", "ebit": "355839000", "ebitda": "359627000", "netIncome": "178309000"}, {"fiscalDateEnding": "2015-09-30", "reportedCurrency": "USD", "grossProfit": "748574000", "totalRevenue": "748574000", "costOfRevenue": "65498000", "costofGoodsAndServicesSold": "65498000", "operatingIncome": "313909000", "sellingGeneralAndAdministrative": "297820000", "researchAndDevelopment": "0", "operatingExpenses": "424661000", "investmentIncomeNet": "None", "netInterestIncome": "None", "interestIncome": "None", "interestExpense": "43022000", "nonInterestIncome": "None", "otherNonOperatingIncome": "None", "depreciation": "None", "depreciationAndAmortization": "94831000", "incomeBeforeTax": "199590000", "incomeTaxExpense": "47002000", "interestAndDebtExpense": "None", "netIncomeFromContinuingOperations": "152588000", "comprehensiveIncomeNetOfTax": "None", "ebit": "333530000", "ebitda": "337443000", "netIncome": "152588000"}, {"fiscalDateEnding": "2015-06-30", "reportedCurrency": "USD", "grossProfit": "772459000", "totalRevenue": "772459000", "costOfRevenue": "59528000", "costofGoodsAndServicesSold": "59528000", "operatingIncome": "361705000", "sellingGeneralAndAdministrative": "293922000", "researchAndDevelopment": "0", "operatingExpenses": "427340000", "investmentIncomeNet": "None", "netInterestIncome": "None", "interestIncome": "None", "interestExpense": "39109000", "nonInterestIncome": "None", "otherNonOperatingIncome": "None", "depreciation": "None", "depreciationAndAmortization": "72293000", "incomeBeforeTax": "260263000", "incomeTaxExpense": "64057000", "interestAndDebtExpense": "None", "netIncomeFromContinuingOperations": "196206000", "comprehensiveIncomeNetOfTax": "None", "ebit": "361705000", "ebitda": "371665000", "netIncome": "196206000"}, {"fiscalDateEnding": "2015-03-31", "reportedCurrency": "USD", "grossProfit": "686707000", "totalRevenue": "686707000", "costOfRevenue": "55002000", "costofGoodsAndServicesSold": "55002000", "operatingIncome": "287624000", "sellingGeneralAndAdministrative": "275083000", "researchAndDevelopment": "0", "operatingExpenses": "399083000", "investmentIncomeNet": "None", "netInterestIncome": "None", "interestIncome": "None", "interestExpense": "34411000", "nonInterestIncome": "None", "otherNonOperatingIncome": "None", "depreciation": "None", "depreciationAndAmortization": "95664000", "incomeBeforeTax": "219860000", "incomeTaxExpense": "54006000", "interestAndDebtExpense": "None", "netIncomeFromContinuingOperations": "165854000", "comprehensiveIncomeNetOfTax": "None", "ebit": "339729000", "ebitda": "349935000", "netIncome": "165854000"}, {"fiscalDateEnding": "2014-12-31", "reportedCurrency": "USD", "grossProfit": "706530000", "totalRevenue": "711366000", "costOfRevenue": "4836000", "costofGoodsAndServicesSold": "4836000", "operatingIncome": "311353000", "sellingGeneralAndAdministrative": "276388000", "researchAndDevelopment": "0", "operatingExpenses": "400013000", "investmentIncomeNet": "None", "netInterestIncome": "None", "interestIncome": "None", "interestExpense": "34373000", "nonInterestIncome": "None", "otherNonOperatingIncome": "None", "depreciation": "None", "depreciationAndAmortization": "93858000", "incomeBeforeTax": "220765000", "incomeTaxExpense": "57151000", "interestAndDebtExpense": "None", "netIncomeFromContinuingOperations": "163614000", "comprehensiveIncomeNetOfTax": "None", "ebit": "338343000", "ebitda": "348996000", "netIncome": "163614000"}, {"fiscalDateEnding": "2014-09-30", "reportedCurrency": "USD", "grossProfit": "689204000", "totalRevenue": "689204000", "costOfRevenue": "59205000", "costofGoodsAndServicesSold": "59205000", "operatingIncome": "291532000", "sellingGeneralAndAdministrative": "287037000", "researchAndDevelopment": "0", "operatingExpenses": "397672000", "investmentIncomeNet": "None", "netInterestIncome": "None", "interestIncome": "None", "interestExpense": "34725000", "nonInterestIncome": "None", "otherNonOperatingIncome": "None", "depreciation": "None", "depreciationAndAmortization": "86107000", "incomeBeforeTax": "208886000", "incomeTaxExpense": "53870000", "interestAndDebtExpense": "None", "netIncomeFromContinuingOperations": "155016000", "comprehensiveIncomeNetOfTax": "None", "ebit": "319905000", "ebitda": "329718000", "netIncome": "155016000"}, {"fiscalDateEnding": "2014-06-30", "reportedCurrency": "USD", "grossProfit": "677388000", "totalRevenue": "677388000", "costOfRevenue": "64659000", "costofGoodsAndServicesSold": "64659000", "operatingIncome": "271558000", "sellingGeneralAndAdministrative": "271199000", "researchAndDevelopment": "0", "operatingExpenses": "405830000", "investmentIncomeNet": "None", "netInterestIncome": "None", "interestIncome": "None", "interestExpense": "35274000", "nonInterestIncome": "None", "otherNonOperatingIncome": "None", "depreciation": "None", "depreciationAndAmortization": "70852000", "incomeBeforeTax": "222094000", "incomeTaxExpense": "57475000", "interestAndDebtExpense": "None", "netIncomeFromContinuingOperations": "164619000", "comprehensiveIncomeNetOfTax": "None", "ebit": "318700000", "ebitda": "328220000", "netIncome": "164619000"}, {"fiscalDateEnding": "2014-03-31", "reportedCurrency": "USD", "grossProfit": "664703000", "totalRevenue": "664703000", "costOfRevenue": "59579000", "costofGoodsAndServicesSold": "59579000", "operatingIncome": "291346000", "sellingGeneralAndAdministrative": "263195000", "researchAndDevelopment": "0", "operatingExpenses": "373357000", "investmentIncomeNet": "None", "netInterestIncome": "None", "interestIncome": "None", "interestExpense": "34949000", "nonInterestIncome": "None", "otherNonOperatingIncome": "None", "depreciation": "None", "depreciationAndAmortization": "82015000", "incomeBeforeTax": "201240000", "incomeTaxExpense": "52097000", "interestAndDebtExpense": "None", "netIncomeFromContinuingOperations": "149143000", "comprehensiveIncomeNetOfTax": "None", "ebit": "308913000", "ebitda": "318204000", "netIncome": "149143000"}, {"fiscalDateEnding": "2013-12-31", "reportedCurrency": "USD", "grossProfit": "677277000", "totalRevenue": "655646000", "costOfRevenue": "-21631000", "costofGoodsAndServicesSold": "-21631000", "operatingIncome": "274948000", "sellingGeneralAndAdministrative": "293536000", "researchAndDevelopment": "0", "operatingExpenses": "380698000", "investmentIncomeNet": "None", "netInterestIncome": "None", "interestIncome": "None", "interestExpense": "39175000", "nonInterestIncome": "None", "otherNonOperatingIncome": "None", "depreciation": "None", "depreciationAndAmortization": "71234000", "incomeBeforeTax": "206937000", "incomeTaxExpense": "49114000", "interestAndDebtExpense": "None", "netIncomeFromContinuingOperations": "157823000", "comprehensiveIncomeNetOfTax": "None", "ebit": "307026000", "ebitda": "317346000", "netIncome": "157823000"}, {"fiscalDateEnding": "2013-09-30", "reportedCurrency": "USD", "grossProfit": "667351000", "totalRevenue": "667351000", "costOfRevenue": "49460000", "costofGoodsAndServicesSold": "49460000", "operatingIncome": "282798000", "sellingGeneralAndAdministrative": "240481000", "researchAndDevelopment": "0", "operatingExpenses": "384553000", "investmentIncomeNet": "None", "netInterestIncome": "None", "interestIncome": "None", "interestExpense": "38060000", "nonInterestIncome": "None", "otherNonOperatingIncome": "None", "depreciation": "None", "depreciationAndAmortization": "74947000", "incomeBeforeTax": "243883000", "incomeTaxExpense": "65047000", "interestAndDebtExpense": "None", "netIncomeFromContinuingOperations": "178487000", "comprehensiveIncomeNetOfTax": "None", "ebit": "343264000", "ebitda": "353626000", "netIncome": "178836000"}, {"fiscalDateEnding": "2013-06-30", "reportedCurrency": "USD", "grossProfit": "644194000", "totalRevenue": "644194000", "costOfRevenue": "62367000", "costofGoodsAndServicesSold": "62367000", "operatingIncome": "222151000", "sellingGeneralAndAdministrative": "277322000", "researchAndDevelopment": "0", "operatingExpenses": "437924999", "investmentIncomeNet": "None", "netInterestIncome": "None", "interestIncome": "None", "interestExpense": "37645000", "nonInterestIncome": "None", "otherNonOperatingIncome": "None", "depreciation": "None", "depreciationAndAmortization": "68187000", "incomeBeforeTax": "206269000", "incomeTaxExpense": "55269000", "interestAndDebtExpense": "None", "netIncomeFromContinuingOperations": "150651000", "comprehensiveIncomeNetOfTax": "None", "ebit": "298475000", "ebitda": "308837000", "netIncome": "151000000"}, {"fiscalDateEnding": "2013-03-31", "reportedCurrency": "USD", "grossProfit": "676379000", "totalRevenue": "637545000", "costOfRevenue": "-38834000", "costofGoodsAndServicesSold": "-38834000", "operatingIncome": "302000000", "sellingGeneralAndAdministrative": "274385000", "researchAndDevelopment": "0", "operatingExpenses": "429141999", "investmentIncomeNet": "None", "netInterestIncome": "None", "interestIncome": "None", "interestExpense": "41149000", "nonInterestIncome": "None", "otherNonOperatingIncome": "None", "depreciation": "None", "depreciationAndAmortization": "67177000", "incomeBeforeTax": "208403000", "incomeTaxExpense": "55129000", "interestAndDebtExpense": "None", "netIncomeFromContinuingOperations": "151780000", "comprehensiveIncomeNetOfTax": "None", "ebit": "302000000", "ebitda": "312320000", "netIncome": "153274000"}, {"fiscalDateEnding": "2012-12-31", "reportedCurrency": "USD", "grossProfit": "718883000", "totalRevenue": "682928000", "costOfRevenue": "-35955000", "costofGoodsAndServicesSold": "-35955000", "operatingIncome": "-2858581000", "sellingGeneralAndAdministrative": "270279000", "researchAndDevelopment": "0", "operatingExpenses": "780300000", "investmentIncomeNet": "None", "netInterestIncome": "None", "interestIncome": "None", "interestExpense": "44940000", "nonInterestIncome": "None", "otherNonOperatingIncome": "None", "depreciation": "None", "depreciationAndAmortization": "66531000", "incomeBeforeTax": "221620000", "incomeTaxExpense": "54341000", "interestAndDebtExpense": "None", "netIncomeFromContinuingOperations": "0", "comprehensiveIncomeNetOfTax": "None", "ebit": "321444000", "ebitda": "333091000", "netIncome": "167279000"}, {"fiscalDateEnding": "2012-09-30", "reportedCurrency": "USD", "grossProfit": "691365000", "totalRevenue": "691365000", "costOfRevenue": "-116000", "costofGoodsAndServicesSold": "-116000", "operatingIncome": "2146000", "sellingGeneralAndAdministrative": "263243000", "researchAndDevelopment": "0", "operatingExpenses": "283537000", "investmentIncomeNet": "None", "netInterestIncome": "None", "interestIncome": "None", "interestExpense": "53489000", "nonInterestIncome": "None", "otherNonOperatingIncome": "None", "depreciation": "None", "depreciationAndAmortization": "69165000", "incomeBeforeTax": "196058000", "incomeTaxExpense": "28291000", "interestAndDebtExpense": "None", "netIncomeFromContinuingOperations": "0", "comprehensiveIncomeNetOfTax": "None", "ebit": "307281000", "ebitda": "318712000", "netIncome": "167767000"}, {"fiscalDateEnding": "2012-06-30", "reportedCurrency": "USD", "grossProfit": "682781000", "totalRevenue": "682781000", "costOfRevenue": "-253000", "costofGoodsAndServicesSold": "-253000", "operatingIncome": "2877000", "sellingGeneralAndAdministrative": "258765000", "researchAndDevelopment": "0", "operatingExpenses": "328532000", "investmentIncomeNet": "None", "netInterestIncome": "None", "interestIncome": "None", "interestExpense": "58582000", "nonInterestIncome": "None", "otherNonOperatingIncome": "None", "depreciation": "None", "depreciationAndAmortization": "68153000", "incomeBeforeTax": "201992000", "incomeTaxExpense": "49286000", "interestAndDebtExpense": "None", "netIncomeFromContinuingOperations": "0", "comprehensiveIncomeNetOfTax": "None", "ebit": "316787000", "ebitda": "328727000", "netIncome": "152706000"}, {"fiscalDateEnding": "2012-03-31", "reportedCurrency": "USD", "grossProfit": "702529000", "totalRevenue": "702529000", "costOfRevenue": "-1237000", "costofGoodsAndServicesSold": "-1237000", "operatingIncome": "3775000", "sellingGeneralAndAdministrative": "264236000", "researchAndDevelopment": "0", "operatingExpenses": "324307000", "investmentIncomeNet": "None", "netInterestIncome": "None", "interestIncome": "None", "interestExpense": "62728000", "nonInterestIncome": "None", "otherNonOperatingIncome": "None", "depreciation": "None", "depreciationAndAmortization": "70723000", "incomeBeforeTax": "205447000", "incomeTaxExpense": "52177000", "interestAndDebtExpense": "None", "netIncomeFromContinuingOperations": "0", "comprehensiveIncomeNetOfTax": "None", "ebit": "327367000", "ebitda": "338898000", "netIncome": "153270000"}, {"fiscalDateEnding": "2011-12-31", "reportedCurrency": "USD", "grossProfit": "644377000", "totalRevenue": "644377000", "costOfRevenue": "-674000", "costofGoodsAndServicesSold": "-674000", "operatingIncome": "26771000", "sellingGeneralAndAdministrative": "266600000", "researchAndDevelopment": "0", "operatingExpenses": "707265000", "investmentIncomeNet": "None", "netInterestIncome": "None", "interestIncome": "None", "interestExpense": "70191000", "nonInterestIncome": "None", "otherNonOperatingIncome": "None", "depreciation": "None", "depreciationAndAmortization": "69021000", "incomeBeforeTax": "168812000", "incomeTaxExpense": "41954000", "interestAndDebtExpense": "None", "netIncomeFromContinuingOperations": "0", "comprehensiveIncomeNetOfTax": "None", "ebit": "294849000", "ebitda": "308024000", "netIncome": "126858000"}, {"fiscalDateEnding": "2011-09-30", "reportedCurrency": "USD", "grossProfit": "665037000", "totalRevenue": "665037000", "costOfRevenue": "-1364000", "costofGoodsAndServicesSold": "-1364000", "operatingIncome": "5890000", "sellingGeneralAndAdministrative": "244327000", "researchAndDevelopment": "0", "operatingExpenses": "317544000", "investmentIncomeNet": "None", "netInterestIncome": "None", "interestIncome": "None", "interestExpense": "84518000", "nonInterestIncome": "None", "otherNonOperatingIncome": "None", "depreciation": "None", "depreciationAndAmortization": "70284000", "incomeBeforeTax": "182333000", "incomeTaxExpense": "38942000", "interestAndDebtExpense": "None", "netIncomeFromContinuingOperations": "143391000", "comprehensiveIncomeNetOfTax": "None", "ebit": "323748000", "ebitda": "337135000", "netIncome": "143391000"}, {"fiscalDateEnding": "2011-06-30", "reportedCurrency": "USD", "grossProfit": "659104000", "totalRevenue": "659104000", "costOfRevenue": "-182000", "costofGoodsAndServicesSold": "-182000", "operatingIncome": "7307000", "sellingGeneralAndAdministrative": "242393000", "researchAndDevelopment": "0", "operatingExpenses": "306566000", "investmentIncomeNet": "None", "netInterestIncome": "None", "interestIncome": "None", "interestExpense": "88800000", "nonInterestIncome": "None", "otherNonOperatingIncome": "None", "depreciation": "None", "depreciationAndAmortization": "69566000", "incomeBeforeTax": "194898000", "incomeTaxExpense": "48980000", "interestAndDebtExpense": "None", "netIncomeFromContinuingOperations": "145918000", "comprehensiveIncomeNetOfTax": "None", "ebit": "339878000", "ebitda": "353264000", "netIncome": "145918000"}, {"fiscalDateEnding": "2011-03-31", "reportedCurrency": "USD", "grossProfit": "641275000", "totalRevenue": "641275000", "costOfRevenue": "-4165000", "costofGoodsAndServicesSold": "-4165000", "operatingIncome": "8847000", "sellingGeneralAndAdministrative": "236924000", "researchAndDevelopment": "0", "operatingExpenses": "257984000", "investmentIncomeNet": "None", "netInterestIncome": "None", "interestIncome": "None", "interestExpense": "97547000", "nonInterestIncome": "None", "otherNonOperatingIncome": "None", "depreciation": "None", "depreciationAndAmortization": "73234000", "incomeBeforeTax": "161191000", "incomeTaxExpense": "34745000", "interestAndDebtExpense": "None", "netIncomeFromContinuingOperations": "126446000", "comprehensiveIncomeNetOfTax": "None", "ebit": "318602000", "ebitda": "331972000", "netIncome": "126446000"}, {"fiscalDateEnding": "2010-12-31", "reportedCurrency": "USD", "grossProfit": "667512000", "totalRevenue": "667512000", "costOfRevenue": "12002000", "costofGoodsAndServicesSold": "12002000", "operatingIncome": "45964000", "sellingGeneralAndAdministrative": "243646000", "researchAndDevelopment": "0", "operatingExpenses": "674548000", "investmentIncomeNet": "None", "netInterestIncome": "None", "interestIncome": "None", "interestExpense": "112997000", "nonInterestIncome": "None", "otherNonOperatingIncome": "None", "depreciation": "None", "depreciationAndAmortization": "77116000", "incomeBeforeTax": "157948000", "incomeTaxExpense": "35048000", "interestAndDebtExpense": "None", "netIncomeFromContinuingOperations": "0", "comprehensiveIncomeNetOfTax": "None", "ebit": "333016000", "ebitda": "348062000", "netIncome": "122900000"}, {"fiscalDateEnding": "2010-09-30", "reportedCurrency": "USD", "grossProfit": "679822000", "totalRevenue": "677105000", "costOfRevenue": "-2717000", "costofGoodsAndServicesSold": "-2717000", "operatingIncome": "11356000", "sellingGeneralAndAdministrative": "231678000", "researchAndDevelopment": "0", "operatingExpenses": "265073000", "investmentIncomeNet": "None", "netInterestIncome": "None", "interestIncome": "None", "interestExpense": "124707000", "nonInterestIncome": "None", "otherNonOperatingIncome": "None", "depreciation": "None", "depreciationAndAmortization": "73113000", "incomeBeforeTax": "130636000", "incomeTaxExpense": "29690000", "interestAndDebtExpense": "None", "netIncomeFromContinuingOperations": "0", "comprehensiveIncomeNetOfTax": "None", "ebit": "313311000", "ebitda": "328456000", "netIncome": "100946000"}, {"fiscalDateEnding": "2010-06-30", "reportedCurrency": "USD", "grossProfit": "669299000", "totalRevenue": "669299000", "costOfRevenue": "-2824000", "costofGoodsAndServicesSold": "-2824000", "operatingIncome": "249166000", "sellingGeneralAndAdministrative": "220942000", "researchAndDevelopment": "0", "operatingExpenses": "17682000", "investmentIncomeNet": "None", "netInterestIncome": "None", "interestIncome": "None", "interestExpense": "135997000", "nonInterestIncome": "None", "otherNonOperatingIncome": "None", "depreciation": "None", "depreciationAndAmortization": "66227000", "incomeBeforeTax": "62083000", "incomeTaxExpense": "13319000", "interestAndDebtExpense": "None", "netIncomeFromContinuingOperations": "0", "comprehensiveIncomeNetOfTax": "None", "ebit": "249166000", "ebitda": "264307000", "netIncome": "48764000"}, {"fiscalDateEnding": "2010-03-31", "reportedCurrency": "USD", "grossProfit": "641206000", "totalRevenue": "641206000", "costOfRevenue": "-6461000", "costofGoodsAndServicesSold": "-6461000", "operatingIncome": "209114000", "sellingGeneralAndAdministrative": "218241000", "researchAndDevelopment": "0", "operatingExpenses": "641206000", "investmentIncomeNet": "None", "netInterestIncome": "None", "interestIncome": "None", "interestExpense": "152886000", "nonInterestIncome": "None", "otherNonOperatingIncome": "None", "depreciation": "None", "depreciationAndAmortization": "69730000", "incomeBeforeTax": "1644000", "incomeTaxExpense": "-38093000", "interestAndDebtExpense": "None", "netIncomeFromContinuingOperations": "0", "comprehensiveIncomeNetOfTax": "None", "ebit": "209114000", "ebitda": "224260000", "netIncome": "39737000"}, {"fiscalDateEnding": "2009-12-31", "reportedCurrency": "USD", "grossProfit": "555884000", "totalRevenue": "587247000", "costOfRevenue": "31363000", "costofGoodsAndServicesSold": "31363000", "operatingIncome": "51810000", "sellingGeneralAndAdministrative": "347759000", "researchAndDevelopment": "0", "operatingExpenses": "540298000", "investmentIncomeNet": "None", "netInterestIncome": "None", "interestIncome": "None", "interestExpense": "177271000", "nonInterestIncome": "None", "otherNonOperatingIncome": "None", "depreciation": "None", "depreciationAndAmortization": "-160473000", "incomeBeforeTax": "-597977000", "incomeTaxExpense": "-228290000", "interestAndDebtExpense": "None", "netIncomeFromContinuingOperations": "0", "comprehensiveIncomeNetOfTax": "None", "ebit": "-67568000", "ebitda": "-228041000", "netIncome": "-369687000"}, {"fiscalDateEnding": "2009-09-30", "reportedCurrency": "USD", "grossProfit": "618871000", "totalRevenue": "618871000", "costOfRevenue": "666163000", "costofGoodsAndServicesSold": "666163000", "operatingIncome": "-66335000", "sellingGeneralAndAdministrative": "205855000", "researchAndDevelopment": "0", "operatingExpenses": "637453000", "investmentIncomeNet": "None", "netInterestIncome": "None", "interestIncome": "None", "interestExpense": "191027000", "nonInterestIncome": "None", "otherNonOperatingIncome": "None", "depreciation": "None", "depreciationAndAmortization": "54865000", "incomeBeforeTax": "-257362000", "incomeTaxExpense": "-91172000", "interestAndDebtExpense": "None", "netIncomeFromContinuingOperations": "0", "comprehensiveIncomeNetOfTax": "None", "ebit": "-66335000", "ebitda": "-11470000", "netIncome": "-166190000"}, {"fiscalDateEnding": "2009-06-30", "reportedCurrency": "USD", "grossProfit": "615844000", "totalRevenue": "635430000", "costOfRevenue": "19586000", "costofGoodsAndServicesSold": "19586000", "operatingIncome": "13116000", "sellingGeneralAndAdministrative": "230112000", "researchAndDevelopment": "0", "operatingExpenses": "635430000", "investmentIncomeNet": "None", "netInterestIncome": "None", "interestIncome": "None", "interestExpense": "213105000", "nonInterestIncome": "None", "otherNonOperatingIncome": "None", "depreciation": "None", "depreciationAndAmortization": "51852000", "incomeBeforeTax": "-137845000", "incomeTaxExpense": "-12750000", "interestAndDebtExpense": "None", "netIncomeFromContinuingOperations": "0", "comprehensiveIncomeNetOfTax": "None", "ebit": "109995000", "ebitda": "127112000", "netIncome": "-125095000"}, {"fiscalDateEnding": "2009-03-31", "reportedCurrency": "USD", "grossProfit": "576607000", "totalRevenue": "576607000", "costOfRevenue": "524289000", "costofGoodsAndServicesSold": "524289000", "operatingIncome": "-2452547000", "sellingGeneralAndAdministrative": "202815000", "researchAndDevelopment": "0", "operatingExpenses": "580529000", "investmentIncomeNet": "None", "netInterestIncome": "None", "interestIncome": "None", "interestExpense": "232452000", "nonInterestIncome": "None", "otherNonOperatingIncome": "None", "depreciation": "None", "depreciationAndAmortization": "53756000", "incomeBeforeTax": "-2684999000", "incomeTaxExpense": "-251792000", "interestAndDebtExpense": "None", "netIncomeFromContinuingOperations": "0", "comprehensiveIncomeNetOfTax": "None", "ebit": "-2452547000", "ebitda": "-2398791000", "netIncome": "-2433207000"}, {"fiscalDateEnding": "2008-12-31", "reportedCurrency": "USD", "grossProfit": "405090000", "totalRevenue": "424277000", "costOfRevenue": "19187000", "costofGoodsAndServicesSold": "19187000", "operatingIncome": "-338675000", "sellingGeneralAndAdministrative": "271945000", "researchAndDevelopment": "0", "operatingExpenses": "424277000", "investmentIncomeNet": "None", "netInterestIncome": "None", "interestIncome": "None", "interestExpense": "286143000", "nonInterestIncome": "None", "otherNonOperatingIncome": "None", "depreciation": "None", "depreciationAndAmortization": "63607000", "incomeBeforeTax": "-669238000", "incomeTaxExpense": "-251949000", "interestAndDebtExpense": "None", "netIncomeFromContinuingOperations": "0", "comprehensiveIncomeNetOfTax": "None", "ebit": "-338675000", "ebitda": "-319488000", "netIncome": "-417289000"}, {"fiscalDateEnding": "2008-09-30", "reportedCurrency": "USD", "grossProfit": "556493000", "totalRevenue": "556493000", "costOfRevenue": "422484000", "costofGoodsAndServicesSold": "422484000", "operatingIncome": "389197000", "sellingGeneralAndAdministrative": "184827000", "researchAndDevelopment": "0", "operatingExpenses": "556493000", "investmentIncomeNet": "None", "netInterestIncome": "None", "interestIncome": "None", "interestExpense": "297092000", "nonInterestIncome": "None", "otherNonOperatingIncome": "None", "depreciation": "None", "depreciationAndAmortization": "62010000", "incomeBeforeTax": "92105000", "incomeTaxExpense": "17042000", "interestAndDebtExpense": "None", "netIncomeFromContinuingOperations": "0", "comprehensiveIncomeNetOfTax": "None", "ebit": "389197000", "ebitda": "451207000", "netIncome": "75063000"}, {"fiscalDateEnding": "2008-06-30", "reportedCurrency": "USD", "grossProfit": "626296000", "totalRevenue": "626296000", "costOfRevenue": "427622000", "costofGoodsAndServicesSold": "427622000", "operatingIncome": "434489000", "sellingGeneralAndAdministrative": "199991000", "researchAndDevelopment": "0", "operatingExpenses": "626296000", "investmentIncomeNet": "None", "netInterestIncome": "None", "interestIncome": "None", "interestExpense": "306809000", "nonInterestIncome": "None", "otherNonOperatingIncome": "None", "depreciation": "None", "depreciationAndAmortization": "60118000", "incomeBeforeTax": "127680000", "incomeTaxExpense": "26328000", "interestAndDebtExpense": "None", "netIncomeFromContinuingOperations": "0", "comprehensiveIncomeNetOfTax": "None", "ebit": "434489000", "ebitda": "494607000", "netIncome": "101352000"}, {"fiscalDateEnding": "2008-03-31", "reportedCurrency": "USD", "grossProfit": "471741000", "totalRevenue": "612576000", "costOfRevenue": "140835000", "costofGoodsAndServicesSold": "140835000", "operatingIncome": "530032000", "sellingGeneralAndAdministrative": "201943000", "researchAndDevelopment": "0", "operatingExpenses": "8919000", "investmentIncomeNet": "None", "netInterestIncome": "None", "interestIncome": "None", "interestExpense": "376587000", "nonInterestIncome": "None", "otherNonOperatingIncome": "None", "depreciation": "None", "depreciationAndAmortization": "59125000", "incomeBeforeTax": "153445000", "incomeTaxExpense": "26377000", "interestAndDebtExpense": "None", "netIncomeFromContinuingOperations": "0", "comprehensiveIncomeNetOfTax": "None", "ebit": "530032000", "ebitda": "589157000", "netIncome": "127068000"}, {"fiscalDateEnding": "2007-12-31", "reportedCurrency": "USD", "grossProfit": "553492000", "totalRevenue": "-1424623000", "costOfRevenue": "-1978115000", "costofGoodsAndServicesSold": "-1978115000", "operatingIncome": "-1926469000", "sellingGeneralAndAdministrative": "257603000", "researchAndDevelopment": "0", "operatingExpenses": "553492000", "investmentIncomeNet": "None", "netInterestIncome": "None", "interestIncome": "None", "interestExpense": "431465000", "nonInterestIncome": "None", "otherNonOperatingIncome": "None", "depreciation": "None", "depreciationAndAmortization": "46922000", "incomeBeforeTax": "-398144000", "incomeTaxExpense": "-158864000", "interestAndDebtExpense": "None", "netIncomeFromContinuingOperations": "0", "comprehensiveIncomeNetOfTax": "None", "ebit": "33321000", "ebitda": "80243000", "netIncome": "-239280000"}, {"fiscalDateEnding": "2007-09-30", "reportedCurrency": "USD", "grossProfit": "614307000", "totalRevenue": "851155000", "costOfRevenue": "236848000", "costofGoodsAndServicesSold": "236848000", "operatingIncome": "628259000", "sellingGeneralAndAdministrative": "202148000", "researchAndDevelopment": "0", "operatingExpenses": "13186000", "investmentIncomeNet": "None", "netInterestIncome": "None", "interestIncome": "None", "interestExpense": "441522000", "nonInterestIncome": "None", "otherNonOperatingIncome": "None", "depreciation": "None", "depreciationAndAmortization": "39059000", "incomeBeforeTax": "186737000", "incomeTaxExpense": "48535000", "interestAndDebtExpense": "None", "netIncomeFromContinuingOperations": "0", "comprehensiveIncomeNetOfTax": "None", "ebit": "628259000", "ebitda": "667318000", "netIncome": "138202000"}, {"fiscalDateEnding": "2007-06-30", "reportedCurrency": "USD", "grossProfit": "409584000", "totalRevenue": "542461000", "costOfRevenue": "132877000", "costofGoodsAndServicesSold": "132877000", "operatingIncome": "393866000", "sellingGeneralAndAdministrative": "135191000", "researchAndDevelopment": "0", "operatingExpenses": "8986000", "investmentIncomeNet": "None", "netInterestIncome": "None", "interestIncome": "None", "interestExpense": "289070000", "nonInterestIncome": "None", "otherNonOperatingIncome": "None", "depreciation": "None", "depreciationAndAmortization": "20054000", "incomeBeforeTax": "104796000", "incomeTaxExpense": "24275000", "interestAndDebtExpense": "None", "netIncomeFromContinuingOperations": "0", "comprehensiveIncomeNetOfTax": "None", "ebit": "393866000", "ebitda": "413920000", "netIncome": "80521000"}, {"fiscalDateEnding": "2007-03-31", "reportedCurrency": "USD", "grossProfit": "400732000", "totalRevenue": "400732000", "costOfRevenue": "308800000", "costofGoodsAndServicesSold": "308800000", "operatingIncome": "408648000", "sellingGeneralAndAdministrative": "134639000", "researchAndDevelopment": "0", "operatingExpenses": "-7916000", "investmentIncomeNet": "None", "netInterestIncome": "None", "interestIncome": "None", "interestExpense": "279394000", "nonInterestIncome": "None", "otherNonOperatingIncome": "None", "depreciation": "None", "depreciationAndAmortization": "21226000", "incomeBeforeTax": "129254000", "incomeTaxExpense": "33528000", "interestAndDebtExpense": "None", "netIncomeFromContinuingOperations": "0", "comprehensiveIncomeNetOfTax": "None", "ebit": "408648000", "ebitda": "429874000", "netIncome": "95726000"}, {"fiscalDateEnding": "2006-12-31", "reportedCurrency": "USD", "grossProfit": "387818000", "totalRevenue": "-1181651000", "costOfRevenue": "-1569469000", "costofGoodsAndServicesSold": "-1569469000", "operatingIncome": "-1610953000", "sellingGeneralAndAdministrative": "202346000", "researchAndDevelopment": "0", "operatingExpenses": "387818000", "investmentIncomeNet": "None", "netInterestIncome": "None", "interestIncome": "None", "interestExpense": "286852000", "nonInterestIncome": "None", "otherNonOperatingIncome": "None", "depreciation": "None", "depreciationAndAmortization": "23247000", "incomeBeforeTax": "115061000", "incomeTaxExpense": "27346000", "interestAndDebtExpense": "None", "netIncomeFromContinuingOperations": "0", "comprehensiveIncomeNetOfTax": "None", "ebit": "401913000", "ebitda": "425160000", "netIncome": "87715000"}, {"fiscalDateEnding": "2006-09-30", "reportedCurrency": "USD", "grossProfit": "353223000", "totalRevenue": "353223000", "costOfRevenue": "297837000", "costofGoodsAndServicesSold": "297837000", "operatingIncome": "8580000", "sellingGeneralAndAdministrative": "133823000", "researchAndDevelopment": "0", "operatingExpenses": "353223000", "investmentIncomeNet": "None", "netInterestIncome": "None", "interestIncome": "None", "interestExpense": "283675000", "nonInterestIncome": "None", "otherNonOperatingIncome": "None", "depreciation": "None", "depreciationAndAmortization": "27057000", "incomeBeforeTax": "96631000", "incomeTaxExpense": "-60815000", "interestAndDebtExpense": "None", "netIncomeFromContinuingOperations": "0", "comprehensiveIncomeNetOfTax": "None", "ebit": "380306000", "ebitda": "407363000", "netIncome": "157446000"}, {"fiscalDateEnding": "2006-06-30", "reportedCurrency": "USD", "grossProfit": "425214000", "totalRevenue": "425214000", "costOfRevenue": "-1594693000", "costofGoodsAndServicesSold": "-1594693000", "operatingIncome": "14851000", "sellingGeneralAndAdministrative": "137904000", "researchAndDevelopment": "0", "operatingExpenses": "425214000", "investmentIncomeNet": "None", "netInterestIncome": "None", "interestIncome": "None", "interestExpense": "259708000", "nonInterestIncome": "None", "otherNonOperatingIncome": "None", "depreciation": "None", "depreciationAndAmortization": "29731000", "incomeBeforeTax": "157110000", "incomeTaxExpense": "45506000", "interestAndDebtExpense": "None", "netIncomeFromContinuingOperations": "0", "comprehensiveIncomeNetOfTax": "None", "ebit": "416818000", "ebitda": "446549000", "netIncome": "111604000"}, {"fiscalDateEnding": "2006-03-31", "reportedCurrency": "USD", "grossProfit": "403214000", "totalRevenue": "403214000", "costOfRevenue": "240647000", "costofGoodsAndServicesSold": "240647000", "operatingIncome": "19390000", "sellingGeneralAndAdministrative": "131557000", "researchAndDevelopment": "0", "operatingExpenses": "403214000", "investmentIncomeNet": "None", "netInterestIncome": "None", "interestIncome": "None", "interestExpense": "221107000", "nonInterestIncome": "None", "otherNonOperatingIncome": "None", "depreciation": "None", "depreciationAndAmortization": "31614000", "incomeBeforeTax": "145259000", "incomeTaxExpense": "40803000", "interestAndDebtExpense": "None", "netIncomeFromContinuingOperations": "0", "comprehensiveIncomeNetOfTax": "None", "ebit": "366366000", "ebitda": "397980000", "netIncome": "104456000"}, {"fiscalDateEnding": "2005-12-31", "reportedCurrency": "USD", "grossProfit": "390998000", "totalRevenue": "390998000", "costOfRevenue": "229631000", "costofGoodsAndServicesSold": "229631000", "operatingIncome": "-1589916000", "sellingGeneralAndAdministrative": "116111000", "researchAndDevelopment": "0", "operatingExpenses": "386221000", "investmentIncomeNet": "None", "netInterestIncome": "None", "interestIncome": "None", "interestExpense": "198800000", "nonInterestIncome": "None", "otherNonOperatingIncome": "None", "depreciation": "None", "depreciationAndAmortization": "37863000", "incomeBeforeTax": "129812000", "incomeTaxExpense": "29239000", "interestAndDebtExpense": "None", "netIncomeFromContinuingOperations": "0", "comprehensiveIncomeNetOfTax": "None", "ebit": "328612000", "ebitda": "366475000", "netIncome": "100573000"}, {"fiscalDateEnding": "2005-09-30", "reportedCurrency": "USD", "grossProfit": "402377000", "totalRevenue": "420858000", "costOfRevenue": "18481000", "costofGoodsAndServicesSold": "18481000", "operatingIncome": "29262000", "sellingGeneralAndAdministrative": "117476000", "researchAndDevelopment": "0", "operatingExpenses": "402377000", "investmentIncomeNet": "None", "netInterestIncome": "None", "interestIncome": "None", "interestExpense": "179221000", "nonInterestIncome": "None", "otherNonOperatingIncome": "None", "depreciation": "None", "depreciationAndAmortization": "28535000", "incomeBeforeTax": "151626000", "incomeTaxExpense": "43052000", "interestAndDebtExpense": "None", "netIncomeFromContinuingOperations": "0", "comprehensiveIncomeNetOfTax": "None", "ebit": "330847000", "ebitda": "413109000", "netIncome": "108574000"}, {"fiscalDateEnding": "2005-06-30", "reportedCurrency": "USD", "grossProfit": "398070000", "totalRevenue": "398070000", "costOfRevenue": "173321000", "costofGoodsAndServicesSold": "173321000", "operatingIncome": "38097000", "sellingGeneralAndAdministrative": "124090000", "researchAndDevelopment": "0", "operatingExpenses": "398070000", "investmentIncomeNet": "None", "netInterestIncome": "None", "interestIncome": "None", "interestExpense": "160426000", "nonInterestIncome": "None", "otherNonOperatingIncome": "None", "depreciation": "None", "depreciationAndAmortization": "55406000", "incomeBeforeTax": "137039000", "incomeTaxExpense": "30614000", "interestAndDebtExpense": "None", "netIncomeFromContinuingOperations": "0", "comprehensiveIncomeNetOfTax": "None", "ebit": "297465000", "ebitda": "308957000", "netIncome": "106425000"}, {"fiscalDateEnding": "2005-03-31", "reportedCurrency": "USD", "grossProfit": "403248000", "totalRevenue": "403248000", "costOfRevenue": "160781000", "costofGoodsAndServicesSold": "160781000", "operatingIncome": "46732000", "sellingGeneralAndAdministrative": "123981000", "researchAndDevelopment": "0", "operatingExpenses": "403248000", "investmentIncomeNet": "None", "netInterestIncome": "None", "interestIncome": "None", "interestExpense": "140907000", "nonInterestIncome": "None", "otherNonOperatingIncome": "None", "depreciation": "None", "depreciationAndAmortization": "54958000", "incomeBeforeTax": "125097000", "incomeTaxExpense": "28578000", "interestAndDebtExpense": "None", "netIncomeFromContinuingOperations": "0", "comprehensiveIncomeNetOfTax": "None", "ebit": "266004000", "ebitda": "325723000", "netIncome": "96519000"}, {"fiscalDateEnding": "2004-12-31", "reportedCurrency": "USD", "grossProfit": "422008000", "totalRevenue": "422008000", "costOfRevenue": "132801000", "costofGoodsAndServicesSold": "132801000", "operatingIncome": "248487000", "sellingGeneralAndAdministrative": "122738000", "researchAndDevelopment": "0", "operatingExpenses": "422008000", "investmentIncomeNet": "None", "netInterestIncome": "None", "interestIncome": "None", "interestExpense": "120147000", "nonInterestIncome": "None", "otherNonOperatingIncome": "None", "depreciation": "None", "depreciationAndAmortization": "72831000", "incomeBeforeTax": "128340000", "incomeTaxExpense": "37201000", "interestAndDebtExpense": "None", "netIncomeFromContinuingOperations": "0", "comprehensiveIncomeNetOfTax": "None", "ebit": "248487000", "ebitda": "321318000", "netIncome": "91139000"}]}