{"symbol": "EA", "annualReports": [{"fiscalDateEnding": "2024-03-31", "reportedCurrency": "USD", "grossProfit": "5852000000", "totalRevenue": "7562000000", "costOfRevenue": "1710000000", "costofGoodsAndServicesSold": "1710000000", "operatingIncome": "1518000000", "sellingGeneralAndAdministrative": "691000000", "researchAndDevelopment": "2420000000", "operatingExpenses": "4334000000", "investmentIncomeNet": "None", "netInterestIncome": "68000000", "interestIncome": "126000000", "interestExpense": "58000000", "nonInterestIncome": "None", "otherNonOperatingIncome": "None", "depreciation": "None", "depreciationAndAmortization": "344000000", "incomeBeforeTax": "1589000000", "incomeTaxExpense": "316000000", "interestAndDebtExpense": "None", "netIncomeFromContinuingOperations": "1273000000", "comprehensiveIncomeNetOfTax": "None", "ebit": "1647000000", "ebitda": "1991000000", "netIncome": "1273000000"}, {"fiscalDateEnding": "2023-03-31", "reportedCurrency": "USD", "grossProfit": "5634000000", "totalRevenue": "7426000000", "costOfRevenue": "1792000000", "costofGoodsAndServicesSold": "1792000000", "operatingIncome": "1332000000", "sellingGeneralAndAdministrative": "727000000", "researchAndDevelopment": "2328000000", "operatingExpenses": "4191000000", "investmentIncomeNet": "None", "netInterestIncome": "-6000000", "interestIncome": "49000000", "interestExpense": "58000000", "nonInterestIncome": "None", "otherNonOperatingIncome": "-6000000", "depreciation": "None", "depreciationAndAmortization": "431000000", "incomeBeforeTax": "1326000000", "incomeTaxExpense": "524000000", "interestAndDebtExpense": "None", "netIncomeFromContinuingOperations": "802000000", "comprehensiveIncomeNetOfTax": "None", "ebit": "1384000000", "ebitda": "1815000000", "netIncome": "802000000"}, {"fiscalDateEnding": "2022-03-31", "reportedCurrency": "USD", "grossProfit": "5132000000", "totalRevenue": "6991000000", "costOfRevenue": "1859000000", "costofGoodsAndServicesSold": "1859000000", "operatingIncome": "1129000000", "sellingGeneralAndAdministrative": "673000000", "researchAndDevelopment": "2186000000", "operatingExpenses": "4003000000", "investmentIncomeNet": "None", "netInterestIncome": "-48000000", "interestIncome": "4000000", "interestExpense": "58000000", "nonInterestIncome": "None", "otherNonOperatingIncome": "-48000000", "depreciation": "None", "depreciationAndAmortization": "486000000", "incomeBeforeTax": "1081000000", "incomeTaxExpense": "292000000", "interestAndDebtExpense": "None", "netIncomeFromContinuingOperations": "789000000", "comprehensiveIncomeNetOfTax": "None", "ebit": "1126000000", "ebitda": "1612000000", "netIncome": "789000000"}, {"fiscalDateEnding": "2021-03-31", "reportedCurrency": "USD", "grossProfit": "4135000000", "totalRevenue": "5629000000", "costOfRevenue": "1494000000", "costofGoodsAndServicesSold": "1494000000", "operatingIncome": "1046000000", "sellingGeneralAndAdministrative": "592000000", "researchAndDevelopment": "1778000000", "operatingExpenses": "3089000000", "investmentIncomeNet": "None", "netInterestIncome": "-29000000", "interestIncome": "24000000", "interestExpense": "43000000", "nonInterestIncome": "None", "otherNonOperatingIncome": "-29000000", "depreciation": "None", "depreciationAndAmortization": "181000000", "incomeBeforeTax": "1017000000", "incomeTaxExpense": "180000000", "interestAndDebtExpense": "None", "netIncomeFromContinuingOperations": "837000000", "comprehensiveIncomeNetOfTax": "None", "ebit": "1046000000", "ebitda": "1227000000", "netIncome": "837000000"}, {"fiscalDateEnding": "2020-03-31", "reportedCurrency": "USD", "grossProfit": "4168000000", "totalRevenue": "5537000000", "costOfRevenue": "1369000000", "costofGoodsAndServicesSold": "1369000000", "operatingIncome": "1445000000", "sellingGeneralAndAdministrative": "506000000", "researchAndDevelopment": "1559000000", "operatingExpenses": "2718000000", "investmentIncomeNet": "None", "netInterestIncome": "56000000", "interestIncome": "100000000", "interestExpense": "42000000", "nonInterestIncome": "None", "otherNonOperatingIncome": "63000000", "depreciation": "None", "depreciationAndAmortization": "150000000", "incomeBeforeTax": "1508000000", "incomeTaxExpense": "-1531000000", "interestAndDebtExpense": "None", "netIncomeFromContinuingOperations": "3039000000", "comprehensiveIncomeNetOfTax": "None", "ebit": "1552000000", "ebitda": "1702000000", "netIncome": "3039000000"}, {"fiscalDateEnding": "2019-03-31", "reportedCurrency": "USD", "grossProfit": "3628000000", "totalRevenue": "4950000000", "costOfRevenue": "1322000000", "costofGoodsAndServicesSold": "1322000000", "operatingIncome": "996000000", "sellingGeneralAndAdministrative": "460000000", "researchAndDevelopment": "1433000000", "operatingExpenses": "2618000000", "investmentIncomeNet": "None", "netInterestIncome": "43000000", "interestIncome": "88000000", "interestExpense": "43000000", "nonInterestIncome": "None", "otherNonOperatingIncome": "83000000", "depreciation": "None", "depreciationAndAmortization": "145000000", "incomeBeforeTax": "1079000000", "incomeTaxExpense": "60000000", "interestAndDebtExpense": "None", "netIncomeFromContinuingOperations": "1019000000", "comprehensiveIncomeNetOfTax": "None", "ebit": "1124000000", "ebitda": "1269000000", "netIncome": "1019000000"}, {"fiscalDateEnding": "2018-03-31", "reportedCurrency": "USD", "grossProfit": "3873000000", "totalRevenue": "5150000000", "costOfRevenue": "1277000000", "costofGoodsAndServicesSold": "1277000000", "operatingIncome": "1434000000", "sellingGeneralAndAdministrative": "469000000", "researchAndDevelopment": "1320000000", "operatingExpenses": "2439000000", "investmentIncomeNet": "None", "netInterestIncome": "6000000", "interestIncome": "50000000", "interestExpense": "42000000", "nonInterestIncome": "None", "otherNonOperatingIncome": "15000000", "depreciation": "None", "depreciationAndAmortization": "136000000", "incomeBeforeTax": "1449000000", "incomeTaxExpense": "406000000", "interestAndDebtExpense": "None", "netIncomeFromContinuingOperations": "1043000000", "comprehensiveIncomeNetOfTax": "None", "ebit": "1434000000", "ebitda": "1570000000", "netIncome": "1043000000"}, {"fiscalDateEnding": "2017-03-31", "reportedCurrency": "USD", "grossProfit": "3547000000", "totalRevenue": "4845000000", "costOfRevenue": "1298000000", "costofGoodsAndServicesSold": "1298000000", "operatingIncome": "1224000000", "sellingGeneralAndAdministrative": "439000000", "researchAndDevelopment": "1205000000", "operatingExpenses": "2323000000", "investmentIncomeNet": "None", "netInterestIncome": "-22000000", "interestIncome": "25000000", "interestExpense": "45000000", "nonInterestIncome": "None", "otherNonOperatingIncome": "-14000000", "depreciation": "None", "depreciationAndAmortization": "172000000", "incomeBeforeTax": "1210000000", "incomeTaxExpense": "243000000", "interestAndDebtExpense": "None", "netIncomeFromContinuingOperations": "967000000", "comprehensiveIncomeNetOfTax": "None", "ebit": "1257000000", "ebitda": "1429000000", "netIncome": "967000000"}, {"fiscalDateEnding": "2016-03-31", "reportedCurrency": "USD", "grossProfit": "3042000000", "totalRevenue": "4396000000", "costOfRevenue": "1354000000", "costofGoodsAndServicesSold": "1354000000", "operatingIncome": "898000000", "sellingGeneralAndAdministrative": "406000000", "researchAndDevelopment": "1109000000", "operatingExpenses": "2144000000", "investmentIncomeNet": "None", "netInterestIncome": "None", "interestIncome": "12000000", "interestExpense": "28000000", "nonInterestIncome": "None", "otherNonOperatingIncome": "-21000000", "depreciation": "None", "depreciationAndAmortization": "197000000", "incomeBeforeTax": "877000000", "incomeTaxExpense": "-279000000", "interestAndDebtExpense": "None", "netIncomeFromContinuingOperations": "1156000000", "comprehensiveIncomeNetOfTax": "None", "ebit": "898000000", "ebitda": "1095000000", "netIncome": "1156000000"}, {"fiscalDateEnding": "2015-03-31", "reportedCurrency": "USD", "grossProfit": "3086000000", "totalRevenue": "4515000000", "costOfRevenue": "1429000000", "costofGoodsAndServicesSold": "1429000000", "operatingIncome": "948000000", "sellingGeneralAndAdministrative": "386000000", "researchAndDevelopment": "1094000000", "operatingExpenses": "2141000000", "investmentIncomeNet": "None", "netInterestIncome": "None", "interestIncome": "None", "interestExpense": "31000000", "nonInterestIncome": "None", "otherNonOperatingIncome": "-23000000", "depreciation": "None", "depreciationAndAmortization": "220000000", "incomeBeforeTax": "925000000", "incomeTaxExpense": "50000000", "interestAndDebtExpense": "None", "netIncomeFromContinuingOperations": "875000000", "comprehensiveIncomeNetOfTax": "None", "ebit": "956000000", "ebitda": "1176000000", "netIncome": "875000000"}, {"fiscalDateEnding": "2014-03-31", "reportedCurrency": "USD", "grossProfit": "2228000000", "totalRevenue": "3575000000", "costOfRevenue": "1347000000", "costofGoodsAndServicesSold": "1347000000", "operatingIncome": "33000000", "sellingGeneralAndAdministrative": "410000000", "researchAndDevelopment": "1125000000", "operatingExpenses": "2231000000", "investmentIncomeNet": "None", "netInterestIncome": "None", "interestIncome": "None", "interestExpense": "30000000", "nonInterestIncome": "None", "otherNonOperatingIncome": "-26000000", "depreciation": "None", "depreciationAndAmortization": "227000000", "incomeBeforeTax": "7000000", "incomeTaxExpense": "-1000000", "interestAndDebtExpense": "None", "netIncomeFromContinuingOperations": "8000000", "comprehensiveIncomeNetOfTax": "None", "ebit": "37000000", "ebitda": "264000000", "netIncome": "8000000"}, {"fiscalDateEnding": "2013-03-31", "reportedCurrency": "USD", "grossProfit": "2409000000", "totalRevenue": "3797000000", "costOfRevenue": "1388000000", "costofGoodsAndServicesSold": "1388000000", "operatingIncome": "121000000", "sellingGeneralAndAdministrative": "354000000", "researchAndDevelopment": "1153000000", "operatingExpenses": "2325000000", "investmentIncomeNet": "None", "netInterestIncome": "None", "interestIncome": "None", "interestExpense": "29000000", "nonInterestIncome": "None", "otherNonOperatingIncome": "-21000000", "depreciation": "None", "depreciationAndAmortization": "264000000", "incomeBeforeTax": "139000000", "incomeTaxExpense": "41000000", "interestAndDebtExpense": "None", "netIncomeFromContinuingOperations": "98000000", "comprehensiveIncomeNetOfTax": "None", "ebit": "168000000", "ebitda": "432000000", "netIncome": "98000000"}, {"fiscalDateEnding": "2012-03-31", "reportedCurrency": "USD", "grossProfit": "2545000000", "totalRevenue": "4143000000", "costOfRevenue": "1598000000", "costofGoodsAndServicesSold": "1598000000", "operatingIncome": "35000000", "sellingGeneralAndAdministrative": "375000000", "researchAndDevelopment": "1212000000", "operatingExpenses": "2483000000", "investmentIncomeNet": "None", "netInterestIncome": "None", "interestIncome": "None", "interestExpense": "20000000", "nonInterestIncome": "None", "otherNonOperatingIncome": "-17000000", "depreciation": "None", "depreciationAndAmortization": "216000000", "incomeBeforeTax": "18000000", "incomeTaxExpense": "-58000000", "interestAndDebtExpense": "None", "netIncomeFromContinuingOperations": "76000000", "comprehensiveIncomeNetOfTax": "None", "ebit": "38000000", "ebitda": "254000000", "netIncome": "76000000"}, {"fiscalDateEnding": "2011-03-31", "reportedCurrency": "USD", "grossProfit": "2090000000", "totalRevenue": "3589000000", "costOfRevenue": "1499000000", "costofGoodsAndServicesSold": "1499000000", "operatingIncome": "-312000000", "sellingGeneralAndAdministrative": "301000000", "researchAndDevelopment": "1153000000", "operatingExpenses": "2258000000", "investmentIncomeNet": "None", "netInterestIncome": "None", "interestIncome": "None", "interestExpense": "1000000", "nonInterestIncome": "None", "otherNonOperatingIncome": "10000000", "depreciation": "None", "depreciationAndAmortization": "180000000", "incomeBeforeTax": "-279000000", "incomeTaxExpense": "-3000000", "interestAndDebtExpense": "None", "netIncomeFromContinuingOperations": "-276000000", "comprehensiveIncomeNetOfTax": "None", "ebit": "-279000000", "ebitda": "-99000000", "netIncome": "-276000000"}, {"fiscalDateEnding": "2010-03-31", "reportedCurrency": "USD", "grossProfit": "1788000000", "totalRevenue": "3654000000", "costOfRevenue": "1866000000", "costofGoodsAndServicesSold": "1866000000", "operatingIncome": "-686000000", "sellingGeneralAndAdministrative": "320000000", "researchAndDevelopment": "1229000000", "operatingExpenses": "2332000000", "investmentIncomeNet": "None", "netInterestIncome": "None", "interestIncome": "None", "interestExpense": "4000000", "nonInterestIncome": "None", "otherNonOperatingIncome": "6000000", "depreciation": "None", "depreciationAndAmortization": "192000000", "incomeBeforeTax": "-706000000", "incomeTaxExpense": "-29000000", "interestAndDebtExpense": "None", "netIncomeFromContinuingOperations": "-677000000", "comprehensiveIncomeNetOfTax": "None", "ebit": "-544000000", "ebitda": "-352000000", "netIncome": "-677000000"}, {"fiscalDateEnding": "2009-03-31", "reportedCurrency": "USD", "grossProfit": "2085000000", "totalRevenue": "4212000000", "costOfRevenue": "2127000000", "costofGoodsAndServicesSold": "2127000000", "operatingIncome": "-827000000", "sellingGeneralAndAdministrative": "332000000", "researchAndDevelopment": "1359000000", "operatingExpenses": "2440000000", "investmentIncomeNet": "None", "netInterestIncome": "None", "interestIncome": "None", "interestExpense": "0", "nonInterestIncome": "None", "otherNonOperatingIncome": "None", "depreciation": "None", "depreciationAndAmortization": "198000000", "incomeBeforeTax": "-855000000", "incomeTaxExpense": "233000000", "interestAndDebtExpense": "None", "netIncomeFromContinuingOperations": "None", "comprehensiveIncomeNetOfTax": "None", "ebit": "-355000000", "ebitda": "-157000000", "netIncome": "-1088000000"}, {"fiscalDateEnding": "2008-03-31", "reportedCurrency": "USD", "grossProfit": "1860000000", "totalRevenue": "3665000000", "costOfRevenue": "1805000000", "costofGoodsAndServicesSold": "1805000000", "operatingIncome": "-487000000", "sellingGeneralAndAdministrative": "927000000", "researchAndDevelopment": "1145000000", "operatingExpenses": "2106000000", "investmentIncomeNet": "None", "netInterestIncome": "None", "interestIncome": "None", "interestExpense": "0", "nonInterestIncome": "None", "otherNonOperatingIncome": "None", "depreciation": "None", "depreciationAndAmortization": "164000000", "incomeBeforeTax": "-507000000", "incomeTaxExpense": "-53000000", "interestAndDebtExpense": "None", "netIncomeFromContinuingOperations": "None", "comprehensiveIncomeNetOfTax": "None", "ebit": "-246000000", "ebitda": "-82000000", "netIncome": "-454000000"}, {"fiscalDateEnding": "2007-03-31", "reportedCurrency": "USD", "grossProfit": "1879000000", "totalRevenue": "3091000000", "costOfRevenue": "1212000000", "costofGoodsAndServicesSold": "1212000000", "operatingIncome": "39000000", "sellingGeneralAndAdministrative": "215000000", "researchAndDevelopment": "1041000000", "operatingExpenses": "1822000000", "investmentIncomeNet": "None", "netInterestIncome": "None", "interestIncome": "None", "interestExpense": "0", "nonInterestIncome": "None", "otherNonOperatingIncome": "None", "depreciation": "None", "depreciationAndAmortization": "147000000", "incomeBeforeTax": "138000000", "incomeTaxExpense": "66000000", "interestAndDebtExpense": "None", "netIncomeFromContinuingOperations": "None", "comprehensiveIncomeNetOfTax": "None", "ebit": "138000000", "ebitda": "285000000", "netIncome": "76000000"}, {"fiscalDateEnding": "2006-03-31", "reportedCurrency": "USD", "grossProfit": "1770000000", "totalRevenue": "2951000000", "costOfRevenue": "1181000000", "costofGoodsAndServicesSold": "1181000000", "operatingIncome": "325000000", "sellingGeneralAndAdministrative": "646000000", "researchAndDevelopment": "758000000", "operatingExpenses": "1411000000", "investmentIncomeNet": "None", "netInterestIncome": "None", "interestIncome": "None", "interestExpense": "0", "nonInterestIncome": "None", "otherNonOperatingIncome": "None", "depreciation": "None", "depreciationAndAmortization": "95000000", "incomeBeforeTax": "389000000", "incomeTaxExpense": "147000000", "interestAndDebtExpense": "None", "netIncomeFromContinuingOperations": "None", "comprehensiveIncomeNetOfTax": "None", "ebit": "389000000", "ebitda": "484000000", "netIncome": "236000000"}, {"fiscalDateEnding": "2005-03-31", "reportedCurrency": "USD", "grossProfit": "1932000000", "totalRevenue": "3129000000", "costOfRevenue": "1197000000", "costofGoodsAndServicesSold": "1197000000", "operatingIncome": "669000000", "sellingGeneralAndAdministrative": "612000000", "researchAndDevelopment": "633000000", "operatingExpenses": "1248000000", "investmentIncomeNet": "None", "netInterestIncome": "None", "interestIncome": "None", "interestExpense": "0", "nonInterestIncome": "None", "otherNonOperatingIncome": "None", "depreciation": "None", "depreciationAndAmortization": "75000000", "incomeBeforeTax": "725000000", "incomeTaxExpense": "221000000", "interestAndDebtExpense": "None", "netIncomeFromContinuingOperations": "None", "comprehensiveIncomeNetOfTax": "None", "ebit": "725000000", "ebitda": "800000000", "netIncome": "504000000"}], "quarterlyReports": [{"fiscalDateEnding": "2024-12-31", "reportedCurrency": "USD", "grossProfit": "1427000000", "totalRevenue": "1883000000", "costOfRevenue": "456000000", "costofGoodsAndServicesSold": "456000000", "operatingIncome": "377000000", "sellingGeneralAndAdministrative": "176000000", "researchAndDevelopment": "606000000", "operatingExpenses": "1050000000", "investmentIncomeNet": "None", "netInterestIncome": "28000000", "interestIncome": "43000000", "interestExpense": "15000000", "nonInterestIncome": "None", "otherNonOperatingIncome": "None", "depreciation": "None", "depreciationAndAmortization": "75000000", "incomeBeforeTax": "405000000", "incomeTaxExpense": "112000000", "interestAndDebtExpense": "None", "netIncomeFromContinuingOperations": "293000000", "comprehensiveIncomeNetOfTax": "None", "ebit": "420000000", "ebitda": "495000000", "netIncome": "293000000"}, {"fiscalDateEnding": "2024-09-30", "reportedCurrency": "USD", "grossProfit": "1569000000", "totalRevenue": "2025000000", "costOfRevenue": "456000000", "costofGoodsAndServicesSold": "456000000", "operatingIncome": "384000000", "sellingGeneralAndAdministrative": "197000000", "researchAndDevelopment": "650000000", "operatingExpenses": "1117000000", "investmentIncomeNet": "None", "netInterestIncome": "-14000000", "interestIncome": "None", "interestExpense": "14000000", "nonInterestIncome": "None", "otherNonOperatingIncome": "None", "depreciation": "None", "depreciationAndAmortization": "122000000", "incomeBeforeTax": "399000000", "incomeTaxExpense": "105000000", "interestAndDebtExpense": "None", "netIncomeFromContinuingOperations": "294000000", "comprehensiveIncomeNetOfTax": "None", "ebit": "413000000", "ebitda": "535000000", "netIncome": "294000000"}, {"fiscalDateEnding": "2024-06-30", "reportedCurrency": "USD", "grossProfit": "1373000000", "totalRevenue": "1653000000", "costOfRevenue": "280000000", "costofGoodsAndServicesSold": "280000000", "operatingIncome": "369000000", "sellingGeneralAndAdministrative": "180000000", "researchAndDevelopment": "627000000", "operatingExpenses": "1004000000", "investmentIncomeNet": "None", "netInterestIncome": "30000000", "interestIncome": "None", "interestExpense": "30000000", "nonInterestIncome": "None", "otherNonOperatingIncome": "None", "depreciation": "None", "depreciationAndAmortization": "80000000", "incomeBeforeTax": "394000000", "incomeTaxExpense": "114000000", "interestAndDebtExpense": "None", "netIncomeFromContinuingOperations": "280000000", "comprehensiveIncomeNetOfTax": "None", "ebit": "366000000", "ebitda": "446000000", "netIncome": "280000000"}, {"fiscalDateEnding": "2024-03-31", "reportedCurrency": "USD", "grossProfit": "1379000000", "totalRevenue": "1779000000", "costOfRevenue": "400000000", "costofGoodsAndServicesSold": "400000000", "operatingIncome": "322000000", "sellingGeneralAndAdministrative": "185000000", "researchAndDevelopment": "638000000", "operatingExpenses": "1057000000", "investmentIncomeNet": "None", "netInterestIncome": "23000000", "interestIncome": "37000000", "interestExpense": "26000000", "nonInterestIncome": "None", "otherNonOperatingIncome": "None", "depreciation": "None", "depreciationAndAmortization": "149000000", "incomeBeforeTax": "260000000", "incomeTaxExpense": "78000000", "interestAndDebtExpense": "None", "netIncomeFromContinuingOperations": "182000000", "comprehensiveIncomeNetOfTax": "None", "ebit": "275000000", "ebitda": "424000000", "netIncome": "182000000"}, {"fiscalDateEnding": "2023-12-31", "reportedCurrency": "USD", "grossProfit": "1416000000", "totalRevenue": "1945000000", "costOfRevenue": "529000000", "costofGoodsAndServicesSold": "529000000", "operatingIncome": "365000000", "sellingGeneralAndAdministrative": "170000000", "researchAndDevelopment": "584000000", "operatingExpenses": "1030000000", "investmentIncomeNet": "None", "netInterestIncome": "17000000", "interestIncome": "32000000", "interestExpense": "17000000", "nonInterestIncome": "None", "otherNonOperatingIncome": "None", "depreciation": "None", "depreciationAndAmortization": "82000000", "incomeBeforeTax": "382000000", "incomeTaxExpense": "92000000", "interestAndDebtExpense": "None", "netIncomeFromContinuingOperations": "290000000", "comprehensiveIncomeNetOfTax": "None", "ebit": "365000000", "ebitda": "447000000", "netIncome": "290000000"}, {"fiscalDateEnding": "2023-09-30", "reportedCurrency": "USD", "grossProfit": "1458000000", "totalRevenue": "1914000000", "costOfRevenue": "456000000", "costofGoodsAndServicesSold": "456000000", "operatingIncome": "377000000", "sellingGeneralAndAdministrative": "173000000", "researchAndDevelopment": "602000000", "operatingExpenses": "1055000000", "investmentIncomeNet": "None", "netInterestIncome": "14000000", "interestIncome": "None", "interestExpense": "14000000", "nonInterestIncome": "None", "otherNonOperatingIncome": "None", "depreciation": "None", "depreciationAndAmortization": "85000000", "incomeBeforeTax": "391000000", "incomeTaxExpense": "-8000000", "interestAndDebtExpense": "None", "netIncomeFromContinuingOperations": "399000000", "comprehensiveIncomeNetOfTax": "None", "ebit": "408000000", "ebitda": "493000000", "netIncome": "399000000"}, {"fiscalDateEnding": "2023-06-30", "reportedCurrency": "USD", "grossProfit": "1556000000", "totalRevenue": "1924000000", "costOfRevenue": "368000000", "costofGoodsAndServicesSold": "368000000", "operatingIncome": "542000000", "sellingGeneralAndAdministrative": "163000000", "researchAndDevelopment": "596000000", "operatingExpenses": "1013000000", "investmentIncomeNet": "None", "netInterestIncome": "14000000", "interestIncome": "None", "interestExpense": "14000000", "nonInterestIncome": "None", "otherNonOperatingIncome": "14000000", "depreciation": "None", "depreciationAndAmortization": "88000000", "incomeBeforeTax": "556000000", "incomeTaxExpense": "154000000", "interestAndDebtExpense": "None", "netIncomeFromContinuingOperations": "402000000", "comprehensiveIncomeNetOfTax": "None", "ebit": "543000000", "ebitda": "631000000", "netIncome": "402000000"}, {"fiscalDateEnding": "2023-03-31", "reportedCurrency": "USD", "grossProfit": "1426000000", "totalRevenue": "1874000000", "costOfRevenue": "448000000", "costofGoodsAndServicesSold": "448000000", "operatingIncome": "397000000", "sellingGeneralAndAdministrative": "224000000", "researchAndDevelopment": "635000000", "operatingExpenses": "1140000000", "investmentIncomeNet": "None", "netInterestIncome": "6000000", "interestIncome": "None", "interestExpense": "6000000", "nonInterestIncome": "None", "otherNonOperatingIncome": "6000000", "depreciation": "None", "depreciationAndAmortization": "109000000", "incomeBeforeTax": "181000000", "incomeTaxExpense": "193000000", "interestAndDebtExpense": "None", "netIncomeFromContinuingOperations": "-12000000", "comprehensiveIncomeNetOfTax": "None", "ebit": "196000000", "ebitda": "305000000", "netIncome": "-12000000"}, {"fiscalDateEnding": "2022-12-31", "reportedCurrency": "USD", "grossProfit": "1313000000", "totalRevenue": "1881000000", "costOfRevenue": "568000000", "costofGoodsAndServicesSold": "568000000", "operatingIncome": "289000000", "sellingGeneralAndAdministrative": "162000000", "researchAndDevelopment": "556000000", "operatingExpenses": "1024000000", "investmentIncomeNet": "None", "netInterestIncome": "-7000000", "interestIncome": "7000000", "interestExpense": "7000000", "nonInterestIncome": "None", "otherNonOperatingIncome": "-7000000", "depreciation": "None", "depreciationAndAmortization": "100000000", "incomeBeforeTax": "282000000", "incomeTaxExpense": "78000000", "interestAndDebtExpense": "None", "netIncomeFromContinuingOperations": "204000000", "comprehensiveIncomeNetOfTax": "None", "ebit": "311000000", "ebitda": "411000000", "netIncome": "204000000"}, {"fiscalDateEnding": "2022-09-30", "reportedCurrency": "USD", "grossProfit": "1442000000", "totalRevenue": "1904000000", "costOfRevenue": "462000000", "costofGoodsAndServicesSold": "462000000", "operatingIncome": "427000000", "sellingGeneralAndAdministrative": "174000000", "researchAndDevelopment": "565000000", "operatingExpenses": "1015000000", "investmentIncomeNet": "None", "netInterestIncome": "-15000000", "interestIncome": "None", "interestExpense": "14000000", "nonInterestIncome": "None", "otherNonOperatingIncome": "None", "depreciation": "None", "depreciationAndAmortization": "109000000", "incomeBeforeTax": "427000000", "incomeTaxExpense": "128000000", "interestAndDebtExpense": "None", "netIncomeFromContinuingOperations": "299000000", "comprehensiveIncomeNetOfTax": "None", "ebit": "445000000", "ebitda": "554000000", "netIncome": "299000000"}, {"fiscalDateEnding": "2022-06-30", "reportedCurrency": "USD", "grossProfit": "1453000000", "totalRevenue": "1767000000", "costOfRevenue": "314000000", "costofGoodsAndServicesSold": "314000000", "operatingIncome": "441000000", "sellingGeneralAndAdministrative": "167000000", "researchAndDevelopment": "572000000", "operatingExpenses": "1012000000", "investmentIncomeNet": "None", "netInterestIncome": "-5000000", "interestIncome": "None", "interestExpense": "5000000", "nonInterestIncome": "None", "otherNonOperatingIncome": "-5000000", "depreciation": "None", "depreciationAndAmortization": "114000000", "incomeBeforeTax": "436000000", "incomeTaxExpense": "125000000", "interestAndDebtExpense": "None", "netIncomeFromContinuingOperations": "311000000", "comprehensiveIncomeNetOfTax": "None", "ebit": "441000000", "ebitda": "555000000", "netIncome": "311000000"}, {"fiscalDateEnding": "2022-03-31", "reportedCurrency": "USD", "grossProfit": "1406000000", "totalRevenue": "1825000000", "costOfRevenue": "419000000", "costofGoodsAndServicesSold": "419000000", "operatingIncome": "365000000", "sellingGeneralAndAdministrative": "165000000", "researchAndDevelopment": "579000000", "operatingExpenses": "1041000000", "investmentIncomeNet": "None", "netInterestIncome": "-9000000", "interestIncome": "None", "interestExpense": "17000000", "nonInterestIncome": "None", "otherNonOperatingIncome": "-9000000", "depreciation": "None", "depreciationAndAmortization": "141000000", "incomeBeforeTax": "356000000", "incomeTaxExpense": "131000000", "interestAndDebtExpense": "None", "netIncomeFromContinuingOperations": "225000000", "comprehensiveIncomeNetOfTax": "None", "ebit": "359000000", "ebitda": "500000000", "netIncome": "225000000"}, {"fiscalDateEnding": "2021-12-31", "reportedCurrency": "USD", "grossProfit": "1158000000", "totalRevenue": "1789000000", "costOfRevenue": "631000000", "costofGoodsAndServicesSold": "631000000", "operatingIncome": "102000000", "sellingGeneralAndAdministrative": "163000000", "researchAndDevelopment": "539000000", "operatingExpenses": "1056000000", "investmentIncomeNet": "None", "netInterestIncome": "-11000000", "interestIncome": "None", "interestExpense": "13000000", "nonInterestIncome": "None", "otherNonOperatingIncome": "-11000000", "depreciation": "None", "depreciationAndAmortization": "146000000", "incomeBeforeTax": "91000000", "incomeTaxExpense": "25000000", "interestAndDebtExpense": "None", "netIncomeFromContinuingOperations": "66000000", "comprehensiveIncomeNetOfTax": "None", "ebit": "105000000", "ebitda": "251000000", "netIncome": "66000000"}, {"fiscalDateEnding": "2021-09-30", "reportedCurrency": "USD", "grossProfit": "1332000000", "totalRevenue": "1826000000", "costOfRevenue": "494000000", "costofGoodsAndServicesSold": "494000000", "operatingIncome": "340000000", "sellingGeneralAndAdministrative": "176000000", "researchAndDevelopment": "553000000", "operatingExpenses": "992000000", "investmentIncomeNet": "None", "netInterestIncome": "-14000000", "interestIncome": "None", "interestExpense": "14000000", "nonInterestIncome": "None", "otherNonOperatingIncome": "-14000000", "depreciation": "None", "depreciationAndAmortization": "94000000", "incomeBeforeTax": "326000000", "incomeTaxExpense": "32000000", "interestAndDebtExpense": "None", "netIncomeFromContinuingOperations": "294000000", "comprehensiveIncomeNetOfTax": "None", "ebit": "340000000", "ebitda": "434000000", "netIncome": "294000000"}, {"fiscalDateEnding": "2021-06-30", "reportedCurrency": "USD", "grossProfit": "1236000000", "totalRevenue": "1551000000", "costOfRevenue": "315000000", "costofGoodsAndServicesSold": "315000000", "operatingIncome": "322000000", "sellingGeneralAndAdministrative": "169000000", "researchAndDevelopment": "515000000", "operatingExpenses": "914000000", "investmentIncomeNet": "None", "netInterestIncome": "-14000000", "interestIncome": "None", "interestExpense": "14000000", "nonInterestIncome": "None", "otherNonOperatingIncome": "-14000000", "depreciation": "None", "depreciationAndAmortization": "105000000", "incomeBeforeTax": "308000000", "incomeTaxExpense": "104000000", "interestAndDebtExpense": "None", "netIncomeFromContinuingOperations": "204000000", "comprehensiveIncomeNetOfTax": "None", "ebit": "322000000", "ebitda": "427000000", "netIncome": "204000000"}, {"fiscalDateEnding": "2021-03-31", "reportedCurrency": "USD", "grossProfit": "1027000000", "totalRevenue": "1346000000", "costOfRevenue": "319000000", "costofGoodsAndServicesSold": "319000000", "operatingIncome": "175000000", "sellingGeneralAndAdministrative": "174000000", "researchAndDevelopment": "468000000", "operatingExpenses": "852000000", "investmentIncomeNet": "None", "netInterestIncome": "-10000000", "interestIncome": "None", "interestExpense": "12000000", "nonInterestIncome": "None", "otherNonOperatingIncome": "-10000000", "depreciation": "None", "depreciationAndAmortization": "58000000", "incomeBeforeTax": "165000000", "incomeTaxExpense": "89000000", "interestAndDebtExpense": "None", "netIncomeFromContinuingOperations": "76000000", "comprehensiveIncomeNetOfTax": "None", "ebit": "175000000", "ebitda": "233000000", "netIncome": "76000000"}, {"fiscalDateEnding": "2020-12-31", "reportedCurrency": "USD", "grossProfit": "1072000000", "totalRevenue": "1673000000", "costOfRevenue": "601000000", "costofGoodsAndServicesSold": "601000000", "operatingIncome": "251000000", "sellingGeneralAndAdministrative": "149000000", "researchAndDevelopment": "451000000", "operatingExpenses": "821000000", "investmentIncomeNet": "None", "netInterestIncome": "-6000000", "interestIncome": "None", "interestExpense": "10000000", "nonInterestIncome": "None", "otherNonOperatingIncome": "-6000000", "depreciation": "None", "depreciationAndAmortization": "46000000", "incomeBeforeTax": "245000000", "incomeTaxExpense": "34000000", "interestAndDebtExpense": "None", "netIncomeFromContinuingOperations": "211000000", "comprehensiveIncomeNetOfTax": "None", "ebit": "251000000", "ebitda": "297000000", "netIncome": "211000000"}, {"fiscalDateEnding": "2020-09-30", "reportedCurrency": "USD", "grossProfit": "865000000", "totalRevenue": "1151000000", "costOfRevenue": "286000000", "costofGoodsAndServicesSold": "286000000", "operatingIncome": "149000000", "sellingGeneralAndAdministrative": "133000000", "researchAndDevelopment": "421000000", "operatingExpenses": "716000000", "investmentIncomeNet": "None", "netInterestIncome": "-11000000", "interestIncome": "None", "interestExpense": "11000000", "nonInterestIncome": "None", "otherNonOperatingIncome": "-10000000", "depreciation": "None", "depreciationAndAmortization": "40000000", "incomeBeforeTax": "139000000", "incomeTaxExpense": "-46000000", "interestAndDebtExpense": "None", "netIncomeFromContinuingOperations": "185000000", "comprehensiveIncomeNetOfTax": "None", "ebit": "149000000", "ebitda": "189000000", "netIncome": "185000000"}, {"fiscalDateEnding": "2020-06-30", "reportedCurrency": "USD", "grossProfit": "1171000000", "totalRevenue": "1459000000", "costOfRevenue": "288000000", "costofGoodsAndServicesSold": "288000000", "operatingIncome": "471000000", "sellingGeneralAndAdministrative": "136000000", "researchAndDevelopment": "438000000", "operatingExpenses": "700000000", "investmentIncomeNet": "None", "netInterestIncome": "-11000000", "interestIncome": "None", "interestExpense": "10000000", "nonInterestIncome": "None", "otherNonOperatingIncome": "-3000000", "depreciation": "None", "depreciationAndAmortization": "37000000", "incomeBeforeTax": "468000000", "incomeTaxExpense": "103000000", "interestAndDebtExpense": "None", "netIncomeFromContinuingOperations": "365000000", "comprehensiveIncomeNetOfTax": "None", "ebit": "471000000", "ebitda": "508000000", "netIncome": "365000000"}, {"fiscalDateEnding": "2020-03-31", "reportedCurrency": "USD", "grossProfit": "1118000000", "totalRevenue": "1387000000", "costOfRevenue": "269000000", "costofGoodsAndServicesSold": "269000000", "operatingIncome": "401000000", "sellingGeneralAndAdministrative": "142000000", "researchAndDevelopment": "402000000", "operatingExpenses": "717000000", "investmentIncomeNet": "None", "netInterestIncome": "88000000", "interestIncome": "13000000", "interestExpense": "11000000", "nonInterestIncome": "None", "otherNonOperatingIncome": "13000000", "depreciation": "None", "depreciationAndAmortization": "39000000", "incomeBeforeTax": "414000000", "incomeTaxExpense": "-4000000", "interestAndDebtExpense": "None", "netIncomeFromContinuingOperations": "418000000", "comprehensiveIncomeNetOfTax": "None", "ebit": "401000000", "ebitda": "440000000", "netIncome": "418000000"}, {"fiscalDateEnding": "2019-12-31", "reportedCurrency": "USD", "grossProfit": "1085000000", "totalRevenue": "1593000000", "costOfRevenue": "508000000", "costofGoodsAndServicesSold": "508000000", "operatingIncome": "361000000", "sellingGeneralAndAdministrative": "126000000", "researchAndDevelopment": "389000000", "operatingExpenses": "722000000", "investmentIncomeNet": "None", "netInterestIncome": "-10000000", "interestIncome": "13000000", "interestExpense": "10000000", "nonInterestIncome": "None", "otherNonOperatingIncome": "13000000", "depreciation": "None", "depreciationAndAmortization": "39000000", "incomeBeforeTax": "374000000", "incomeTaxExpense": "28000000", "interestAndDebtExpense": "None", "netIncomeFromContinuingOperations": "346000000", "comprehensiveIncomeNetOfTax": "None", "ebit": "363000000", "ebitda": "402000000", "netIncome": "346000000"}, {"fiscalDateEnding": "2019-09-30", "reportedCurrency": "USD", "grossProfit": "943000000", "totalRevenue": "1348000000", "costOfRevenue": "405000000", "costofGoodsAndServicesSold": "405000000", "operatingIncome": "268000000", "sellingGeneralAndAdministrative": "128000000", "researchAndDevelopment": "387000000", "operatingExpenses": "673000000", "investmentIncomeNet": "None", "netInterestIncome": "-11000000", "interestIncome": "16000000", "interestExpense": "11000000", "nonInterestIncome": "None", "otherNonOperatingIncome": "16000000", "depreciation": "None", "depreciationAndAmortization": "35000000", "incomeBeforeTax": "284000000", "incomeTaxExpense": "-570000000", "interestAndDebtExpense": "None", "netIncomeFromContinuingOperations": "854000000", "comprehensiveIncomeNetOfTax": "None", "ebit": "295000000", "ebitda": "330000000", "netIncome": "854000000"}, {"fiscalDateEnding": "2019-06-30", "reportedCurrency": "USD", "grossProfit": "1022000000", "totalRevenue": "1209000000", "costOfRevenue": "187000000", "costofGoodsAndServicesSold": "187000000", "operatingIncome": "415000000", "sellingGeneralAndAdministrative": "110000000", "researchAndDevelopment": "381000000", "operatingExpenses": "606000000", "investmentIncomeNet": "None", "netInterestIncome": "-11000000", "interestIncome": "21000000", "interestExpense": "10000000", "nonInterestIncome": "None", "otherNonOperatingIncome": "21000000", "depreciation": "None", "depreciationAndAmortization": "37000000", "incomeBeforeTax": "436000000", "incomeTaxExpense": "-985000000", "interestAndDebtExpense": "None", "netIncomeFromContinuingOperations": "1421000000", "comprehensiveIncomeNetOfTax": "None", "ebit": "416000000", "ebitda": "453000000", "netIncome": "1421000000"}, {"fiscalDateEnding": "2019-03-31", "reportedCurrency": "USD", "grossProfit": "962000000", "totalRevenue": "1238000000", "costOfRevenue": "276000000", "costofGoodsAndServicesSold": "276000000", "operatingIncome": "196000000", "sellingGeneralAndAdministrative": "123000000", "researchAndDevelopment": "398000000", "operatingExpenses": "755000000", "investmentIncomeNet": "None", "netInterestIncome": "76000000", "interestIncome": "23000000", "interestExpense": "11000000", "nonInterestIncome": "None", "otherNonOperatingIncome": "23000000", "depreciation": "None", "depreciationAndAmortization": "37000000", "incomeBeforeTax": "219000000", "incomeTaxExpense": "10000000", "interestAndDebtExpense": "None", "netIncomeFromContinuingOperations": "209000000", "comprehensiveIncomeNetOfTax": "None", "ebit": "231000000", "ebitda": "268000000", "netIncome": "209000000"}, {"fiscalDateEnding": "2018-12-31", "reportedCurrency": "USD", "grossProfit": "876000000", "totalRevenue": "1289000000", "costOfRevenue": "413000000", "costofGoodsAndServicesSold": "413000000", "operatingIncome": "242000000", "sellingGeneralAndAdministrative": "106000000", "researchAndDevelopment": "334000000", "operatingExpenses": "633000000", "investmentIncomeNet": "None", "netInterestIncome": "None", "interestIncome": "None", "interestExpense": "11000000", "nonInterestIncome": "None", "otherNonOperatingIncome": "23000000", "depreciation": "None", "depreciationAndAmortization": "34000000", "incomeBeforeTax": "265000000", "incomeTaxExpense": "3000000", "interestAndDebtExpense": "None", "netIncomeFromContinuingOperations": "262000000", "comprehensiveIncomeNetOfTax": "None", "ebit": "276000000", "ebitda": "310000000", "netIncome": "262000000"}, {"fiscalDateEnding": "2018-09-30", "reportedCurrency": "USD", "grossProfit": "868000000", "totalRevenue": "1286000000", "costOfRevenue": "418000000", "costofGoodsAndServicesSold": "418000000", "operatingIncome": "258000000", "sellingGeneralAndAdministrative": "117000000", "researchAndDevelopment": "339000000", "operatingExpenses": "608000000", "investmentIncomeNet": "None", "netInterestIncome": "None", "interestIncome": "None", "interestExpense": "11000000", "nonInterestIncome": "None", "otherNonOperatingIncome": "18000000", "depreciation": "None", "depreciationAndAmortization": "36000000", "incomeBeforeTax": "276000000", "incomeTaxExpense": "21000000", "interestAndDebtExpense": "None", "netIncomeFromContinuingOperations": "255000000", "comprehensiveIncomeNetOfTax": "None", "ebit": "287000000", "ebitda": "323000000", "netIncome": "255000000"}, {"fiscalDateEnding": "2018-06-30", "reportedCurrency": "USD", "grossProfit": "922000000", "totalRevenue": "1137000000", "costOfRevenue": "215000000", "costofGoodsAndServicesSold": "215000000", "operatingIncome": "300000000", "sellingGeneralAndAdministrative": "114000000", "researchAndDevelopment": "362000000", "operatingExpenses": "622000000", "investmentIncomeNet": "None", "netInterestIncome": "None", "interestIncome": "None", "interestExpense": "10000000", "nonInterestIncome": "None", "otherNonOperatingIncome": "19000000", "depreciation": "None", "depreciationAndAmortization": "38000000", "incomeBeforeTax": "319000000", "incomeTaxExpense": "26000000", "interestAndDebtExpense": "None", "netIncomeFromContinuingOperations": "293000000", "comprehensiveIncomeNetOfTax": "None", "ebit": "300000000", "ebitda": "338000000", "netIncome": "293000000"}, {"fiscalDateEnding": "2018-03-31", "reportedCurrency": "USD", "grossProfit": "1349000000", "totalRevenue": "1582000000", "costOfRevenue": "233000000", "costofGoodsAndServicesSold": "233000000", "operatingIncome": "753000000", "sellingGeneralAndAdministrative": "126000000", "researchAndDevelopment": "335000000", "operatingExpenses": "596000000", "investmentIncomeNet": "None", "netInterestIncome": "None", "interestIncome": "None", "interestExpense": "11000000", "nonInterestIncome": "None", "otherNonOperatingIncome": "1000000", "depreciation": "None", "depreciationAndAmortization": "39000000", "incomeBeforeTax": "754000000", "incomeTaxExpense": "147000000", "interestAndDebtExpense": "None", "netIncomeFromContinuingOperations": "607000000", "comprehensiveIncomeNetOfTax": "None", "ebit": "753000000", "ebitda": "792000000", "netIncome": "607000000"}, {"fiscalDateEnding": "2017-12-31", "reportedCurrency": "USD", "grossProfit": "659000000", "totalRevenue": "1160000000", "costOfRevenue": "501000000", "costofGoodsAndServicesSold": "501000000", "operatingIncome": "-21000000", "sellingGeneralAndAdministrative": "120000000", "researchAndDevelopment": "329000000", "operatingExpenses": "680000000", "investmentIncomeNet": "None", "netInterestIncome": "None", "interestIncome": "None", "interestExpense": "10000000", "nonInterestIncome": "None", "otherNonOperatingIncome": "5000000", "depreciation": "None", "depreciationAndAmortization": "34000000", "incomeBeforeTax": "-16000000", "incomeTaxExpense": "170000000", "interestAndDebtExpense": "None", "netIncomeFromContinuingOperations": "-186000000", "comprehensiveIncomeNetOfTax": "None", "ebit": "-6000000", "ebitda": "28000000", "netIncome": "-186000000"}, {"fiscalDateEnding": "2017-09-30", "reportedCurrency": "USD", "grossProfit": "570000000", "totalRevenue": "959000000", "costOfRevenue": "389000000", "costofGoodsAndServicesSold": "389000000", "operatingIncome": "-41000000", "sellingGeneralAndAdministrative": "118000000", "researchAndDevelopment": "331000000", "operatingExpenses": "611000000", "investmentIncomeNet": "None", "netInterestIncome": "None", "interestIncome": "None", "interestExpense": "11000000", "nonInterestIncome": "None", "otherNonOperatingIncome": "3000000", "depreciation": "None", "depreciationAndAmortization": "32000000", "incomeBeforeTax": "-38000000", "incomeTaxExpense": "-16000000", "interestAndDebtExpense": "None", "netIncomeFromContinuingOperations": "-22000000", "comprehensiveIncomeNetOfTax": "None", "ebit": "-27000000", "ebitda": "5000000", "netIncome": "-22000000"}, {"fiscalDateEnding": "2017-06-30", "reportedCurrency": "USD", "grossProfit": "1295000000", "totalRevenue": "1449000000", "costOfRevenue": "154000000", "costofGoodsAndServicesSold": "154000000", "operatingIncome": "743000000", "sellingGeneralAndAdministrative": "105000000", "researchAndDevelopment": "325000000", "operatingExpenses": "552000000", "investmentIncomeNet": "None", "netInterestIncome": "None", "interestIncome": "None", "interestExpense": "10000000", "nonInterestIncome": "None", "otherNonOperatingIncome": "6000000", "depreciation": "None", "depreciationAndAmortization": "31000000", "incomeBeforeTax": "749000000", "incomeTaxExpense": "105000000", "interestAndDebtExpense": "None", "netIncomeFromContinuingOperations": "644000000", "comprehensiveIncomeNetOfTax": "None", "ebit": "743000000", "ebitda": "774000000", "netIncome": "644000000"}, {"fiscalDateEnding": "2017-03-31", "reportedCurrency": "USD", "grossProfit": "1325000000", "totalRevenue": "1527000000", "costOfRevenue": "202000000", "costofGoodsAndServicesSold": "202000000", "operatingIncome": "717000000", "sellingGeneralAndAdministrative": "110000000", "researchAndDevelopment": "335000000", "operatingExpenses": "608000000", "investmentIncomeNet": "None", "netInterestIncome": "None", "interestIncome": "None", "interestExpense": "11000000", "nonInterestIncome": "None", "otherNonOperatingIncome": "-1000000", "depreciation": "None", "depreciationAndAmortization": "32000000", "incomeBeforeTax": "716000000", "incomeTaxExpense": "150000000", "interestAndDebtExpense": "None", "netIncomeFromContinuingOperations": "566000000", "comprehensiveIncomeNetOfTax": "None", "ebit": "732000000", "ebitda": "764000000", "netIncome": "566000000"}, {"fiscalDateEnding": "2016-12-31", "reportedCurrency": "USD", "grossProfit": "633000000", "totalRevenue": "1149000000", "costOfRevenue": "516000000", "costofGoodsAndServicesSold": "516000000", "operatingIncome": "-4000000", "sellingGeneralAndAdministrative": "110000000", "researchAndDevelopment": "285000000", "operatingExpenses": "637000000", "investmentIncomeNet": "None", "netInterestIncome": "None", "interestIncome": "None", "interestExpense": "11000000", "nonInterestIncome": "None", "otherNonOperatingIncome": "-2000000", "depreciation": "None", "depreciationAndAmortization": "49000000", "incomeBeforeTax": "-6000000", "incomeTaxExpense": "-5000000", "interestAndDebtExpense": "None", "netIncomeFromContinuingOperations": "-1000000", "comprehensiveIncomeNetOfTax": "None", "ebit": "-4000000", "ebitda": "45000000", "netIncome": "-1000000"}, {"fiscalDateEnding": "2016-09-30", "reportedCurrency": "USD", "grossProfit": "497000000", "totalRevenue": "898000000", "costOfRevenue": "401000000", "costofGoodsAndServicesSold": "401000000", "operatingIncome": "-49000000", "sellingGeneralAndAdministrative": "111000000", "researchAndDevelopment": "291000000", "operatingExpenses": "546000000", "investmentIncomeNet": "None", "netInterestIncome": "None", "interestIncome": "None", "interestExpense": "11000000", "nonInterestIncome": "None", "otherNonOperatingIncome": "-3000000", "depreciation": "None", "depreciationAndAmortization": "45000000", "incomeBeforeTax": "-52000000", "incomeTaxExpense": "-14000000", "interestAndDebtExpense": "None", "netIncomeFromContinuingOperations": "-38000000", "comprehensiveIncomeNetOfTax": "None", "ebit": "-41000000", "ebitda": "4000000", "netIncome": "-38000000"}, {"fiscalDateEnding": "2016-06-30", "reportedCurrency": "USD", "grossProfit": "1092000000", "totalRevenue": "1271000000", "costOfRevenue": "179000000", "costofGoodsAndServicesSold": "179000000", "operatingIncome": "560000000", "sellingGeneralAndAdministrative": "108000000", "researchAndDevelopment": "294000000", "operatingExpenses": "532000000", "investmentIncomeNet": "None", "netInterestIncome": "None", "interestIncome": "None", "interestExpense": "7000000", "nonInterestIncome": "None", "otherNonOperatingIncome": "-8000000", "depreciation": "None", "depreciationAndAmortization": "46000000", "incomeBeforeTax": "552000000", "incomeTaxExpense": "112000000", "interestAndDebtExpense": "None", "netIncomeFromContinuingOperations": "440000000", "comprehensiveIncomeNetOfTax": "None", "ebit": "560000000", "ebitda": "606000000", "netIncome": "440000000"}, {"fiscalDateEnding": "2016-03-31", "reportedCurrency": "USD", "grossProfit": "1082000000", "totalRevenue": "1308000000", "costOfRevenue": "226000000", "costofGoodsAndServicesSold": "226000000", "operatingIncome": "536000000", "sellingGeneralAndAdministrative": "110000000", "researchAndDevelopment": "282000000", "operatingExpenses": "546000000", "investmentIncomeNet": "None", "netInterestIncome": "None", "interestIncome": "None", "interestExpense": "10000000", "nonInterestIncome": "None", "otherNonOperatingIncome": "-10000000", "depreciation": "None", "depreciationAndAmortization": "48000000", "incomeBeforeTax": "526000000", "incomeTaxExpense": "-373000000", "interestAndDebtExpense": "None", "netIncomeFromContinuingOperations": "899000000", "comprehensiveIncomeNetOfTax": "None", "ebit": "536000000", "ebitda": "584000000", "netIncome": "899000000"}, {"fiscalDateEnding": "2015-12-31", "reportedCurrency": "USD", "grossProfit": "524000000", "totalRevenue": "1070000000", "costOfRevenue": "546000000", "costofGoodsAndServicesSold": "546000000", "operatingIncome": "-31000000", "sellingGeneralAndAdministrative": "97000000", "researchAndDevelopment": "266000000", "operatingExpenses": "555000000", "investmentIncomeNet": "None", "netInterestIncome": "None", "interestIncome": "None", "interestExpense": "5000000", "nonInterestIncome": "None", "otherNonOperatingIncome": "1000000", "depreciation": "None", "depreciationAndAmortization": "50000000", "incomeBeforeTax": "-30000000", "incomeTaxExpense": "15000000", "interestAndDebtExpense": "None", "netIncomeFromContinuingOperations": "-45000000", "comprehensiveIncomeNetOfTax": "None", "ebit": "-31000000", "ebitda": "19000000", "netIncome": "-45000000"}, {"fiscalDateEnding": "2015-09-30", "reportedCurrency": "USD", "grossProfit": "406000000", "totalRevenue": "815000000", "costOfRevenue": "409000000", "costofGoodsAndServicesSold": "409000000", "operatingIncome": "-119000000", "sellingGeneralAndAdministrative": "101000000", "researchAndDevelopment": "265000000", "operatingExpenses": "525000000", "investmentIncomeNet": "None", "netInterestIncome": "None", "interestIncome": "None", "interestExpense": "6000000", "nonInterestIncome": "None", "otherNonOperatingIncome": "-9000000", "depreciation": "None", "depreciationAndAmortization": "50000000", "incomeBeforeTax": "-128000000", "incomeTaxExpense": "12000000", "interestAndDebtExpense": "None", "netIncomeFromContinuingOperations": "-140000000", "comprehensiveIncomeNetOfTax": "None", "ebit": "-122000000", "ebitda": "-72000000", "netIncome": "-140000000"}, {"fiscalDateEnding": "2015-06-30", "reportedCurrency": "USD", "grossProfit": "1030000000", "totalRevenue": "1203000000", "costOfRevenue": "173000000", "costofGoodsAndServicesSold": "173000000", "operatingIncome": "512000000", "sellingGeneralAndAdministrative": "98000000", "researchAndDevelopment": "296000000", "operatingExpenses": "518000000", "investmentIncomeNet": "None", "netInterestIncome": "None", "interestIncome": "None", "interestExpense": "3000000", "nonInterestIncome": "None", "otherNonOperatingIncome": "-3000000", "depreciation": "None", "depreciationAndAmortization": "49000000", "incomeBeforeTax": "509000000", "incomeTaxExpense": "67000000", "interestAndDebtExpense": "None", "netIncomeFromContinuingOperations": "442000000", "comprehensiveIncomeNetOfTax": "None", "ebit": "463000000", "ebitda": "512000000", "netIncome": "442000000"}, {"fiscalDateEnding": "2015-03-31", "reportedCurrency": "USD", "grossProfit": "951000000", "totalRevenue": "1185000000", "costOfRevenue": "234000000", "costofGoodsAndServicesSold": "234000000", "operatingIncome": "400000000", "sellingGeneralAndAdministrative": "99000000", "researchAndDevelopment": "285000000", "operatingExpenses": "552000000", "investmentIncomeNet": "None", "netInterestIncome": "None", "interestIncome": "None", "interestExpense": "9000000", "nonInterestIncome": "None", "otherNonOperatingIncome": "-3000000", "depreciation": "None", "depreciationAndAmortization": "55000000", "incomeBeforeTax": "397000000", "incomeTaxExpense": "2000000", "interestAndDebtExpense": "None", "netIncomeFromContinuingOperations": "395000000", "comprehensiveIncomeNetOfTax": "None", "ebit": "406000000", "ebitda": "461000000", "netIncome": "395000000"}, {"fiscalDateEnding": "2014-12-31", "reportedCurrency": "USD", "grossProfit": "725000000", "totalRevenue": "1126000000", "costOfRevenue": "401000000", "costofGoodsAndServicesSold": "401000000", "operatingIncome": "162000000", "sellingGeneralAndAdministrative": "107000000", "researchAndDevelopment": "283000000", "operatingExpenses": "563000000", "investmentIncomeNet": "None", "netInterestIncome": "None", "interestIncome": "None", "interestExpense": "8000000", "nonInterestIncome": "None", "otherNonOperatingIncome": "-6000000", "depreciation": "None", "depreciationAndAmortization": "53000000", "incomeBeforeTax": "156000000", "incomeTaxExpense": "14000000", "interestAndDebtExpense": "None", "netIncomeFromContinuingOperations": "142000000", "comprehensiveIncomeNetOfTax": "None", "ebit": "109000000", "ebitda": "162000000", "netIncome": "142000000"}, {"fiscalDateEnding": "2014-09-30", "reportedCurrency": "USD", "grossProfit": "563000000", "totalRevenue": "990000000", "costOfRevenue": "427000000", "costofGoodsAndServicesSold": "427000000", "operatingIncome": "24000000", "sellingGeneralAndAdministrative": "92000000", "researchAndDevelopment": "261000000", "operatingExpenses": "540000000", "investmentIncomeNet": "None", "netInterestIncome": "None", "interestIncome": "None", "interestExpense": "7000000", "nonInterestIncome": "None", "otherNonOperatingIncome": "-6000000", "depreciation": "None", "depreciationAndAmortization": "56000000", "incomeBeforeTax": "18000000", "incomeTaxExpense": "15000000", "interestAndDebtExpense": "None", "netIncomeFromContinuingOperations": "3000000", "comprehensiveIncomeNetOfTax": "None", "ebit": "15000000", "ebitda": "71000000", "netIncome": "3000000"}, {"fiscalDateEnding": "2014-06-30", "reportedCurrency": "USD", "grossProfit": "847000000", "totalRevenue": "1214000000", "costOfRevenue": "367000000", "costofGoodsAndServicesSold": "367000000", "operatingIncome": "362000000", "sellingGeneralAndAdministrative": "88000000", "researchAndDevelopment": "265000000", "operatingExpenses": "486000000", "investmentIncomeNet": "None", "netInterestIncome": "None", "interestIncome": "None", "interestExpense": "8000000", "nonInterestIncome": "None", "otherNonOperatingIncome": "-8000000", "depreciation": "None", "depreciationAndAmortization": "56000000", "incomeBeforeTax": "354000000", "incomeTaxExpense": "19000000", "interestAndDebtExpense": "None", "netIncomeFromContinuingOperations": "335000000", "comprehensiveIncomeNetOfTax": "None", "ebit": "356000000", "ebitda": "412000000", "netIncome": "335000000"}, {"fiscalDateEnding": "2014-03-31", "reportedCurrency": "USD", "grossProfit": "900000000", "totalRevenue": "1123000000", "costOfRevenue": "223000000", "costofGoodsAndServicesSold": "223000000", "operatingIncome": "344000000", "sellingGeneralAndAdministrative": "105000000", "researchAndDevelopment": "289000000", "operatingExpenses": "553000000", "investmentIncomeNet": "None", "netInterestIncome": "None", "interestIncome": "None", "interestExpense": "10000000", "nonInterestIncome": "None", "otherNonOperatingIncome": "-7000000", "depreciation": "None", "depreciationAndAmortization": "57000000", "incomeBeforeTax": "337000000", "incomeTaxExpense": "-30000000", "interestAndDebtExpense": "None", "netIncomeFromContinuingOperations": "367000000", "comprehensiveIncomeNetOfTax": "None", "ebit": "342000000", "ebitda": "399000000", "netIncome": "367000000"}, {"fiscalDateEnding": "2013-12-31", "reportedCurrency": "USD", "grossProfit": "291000000", "totalRevenue": "808000000", "costOfRevenue": "517000000", "costofGoodsAndServicesSold": "517000000", "operatingIncome": "-292000000", "sellingGeneralAndAdministrative": "91000000", "researchAndDevelopment": "275000000", "operatingExpenses": "584000000", "investmentIncomeNet": "None", "netInterestIncome": "None", "interestIncome": "None", "interestExpense": "7000000", "nonInterestIncome": "None", "otherNonOperatingIncome": "-6000000", "depreciation": "None", "depreciationAndAmortization": "58000000", "incomeBeforeTax": "-298000000", "incomeTaxExpense": "10000000", "interestAndDebtExpense": "None", "netIncomeFromContinuingOperations": "-308000000", "comprehensiveIncomeNetOfTax": "None", "ebit": "-291000000", "ebitda": "-233000000", "netIncome": "-308000000"}, {"fiscalDateEnding": "2013-09-30", "reportedCurrency": "USD", "grossProfit": "282000000", "totalRevenue": "695000000", "costOfRevenue": "413000000", "costofGoodsAndServicesSold": "413000000", "operatingIncome": "-252000000", "sellingGeneralAndAdministrative": "129000000", "researchAndDevelopment": "283000000", "operatingExpenses": "580000000", "investmentIncomeNet": "None", "netInterestIncome": "None", "interestIncome": "None", "interestExpense": "3000000", "nonInterestIncome": "None", "otherNonOperatingIncome": "-8000000", "depreciation": "None", "depreciationAndAmortization": "56000000", "incomeBeforeTax": "-260000000", "incomeTaxExpense": "13000000", "interestAndDebtExpense": "None", "netIncomeFromContinuingOperations": "-273000000", "comprehensiveIncomeNetOfTax": "None", "ebit": "-253000000", "ebitda": "-197000000", "netIncome": "-273000000"}, {"fiscalDateEnding": "2013-06-30", "reportedCurrency": "USD", "grossProfit": "755000000", "totalRevenue": "949000000", "costOfRevenue": "194000000", "costofGoodsAndServicesSold": "194000000", "operatingIncome": "233000000", "sellingGeneralAndAdministrative": "85000000", "researchAndDevelopment": "278000000", "operatingExpenses": "514000000", "investmentIncomeNet": "None", "netInterestIncome": "None", "interestIncome": "None", "interestExpense": "6000000", "nonInterestIncome": "None", "otherNonOperatingIncome": "-5000000", "depreciation": "None", "depreciationAndAmortization": "56000000", "incomeBeforeTax": "228000000", "incomeTaxExpense": "6000000", "interestAndDebtExpense": "None", "netIncomeFromContinuingOperations": "222000000", "comprehensiveIncomeNetOfTax": "None", "ebit": "235000000", "ebitda": "291000000", "netIncome": "222000000"}, {"fiscalDateEnding": "2013-03-31", "reportedCurrency": "USD", "grossProfit": "900000000", "totalRevenue": "1209000000", "costOfRevenue": "309000000", "costofGoodsAndServicesSold": "309000000", "operatingIncome": "309000000", "sellingGeneralAndAdministrative": "96000000", "researchAndDevelopment": "287000000", "operatingExpenses": "590000000", "investmentIncomeNet": "None", "netInterestIncome": "None", "interestIncome": "None", "interestExpense": "10000000", "nonInterestIncome": "None", "otherNonOperatingIncome": "-4000000", "depreciation": "None", "depreciationAndAmortization": "86000000", "incomeBeforeTax": "330000000", "incomeTaxExpense": "7000000", "interestAndDebtExpense": "None", "netIncomeFromContinuingOperations": "323000000", "comprehensiveIncomeNetOfTax": "None", "ebit": "340000000", "ebitda": "426000000", "netIncome": "323000000"}, {"fiscalDateEnding": "2012-12-31", "reportedCurrency": "USD", "grossProfit": "493000000", "totalRevenue": "922000000", "costOfRevenue": "429000000", "costofGoodsAndServicesSold": "429000000", "operatingIncome": "-39000000", "sellingGeneralAndAdministrative": "68000000", "researchAndDevelopment": "286000000", "operatingExpenses": "575000000", "investmentIncomeNet": "None", "netInterestIncome": "None", "interestIncome": "None", "interestExpense": "7000000", "nonInterestIncome": "None", "otherNonOperatingIncome": "-8000000", "depreciation": "None", "depreciationAndAmortization": "66000000", "incomeBeforeTax": "-33000000", "incomeTaxExpense": "12000000", "interestAndDebtExpense": "None", "netIncomeFromContinuingOperations": "-45000000", "comprehensiveIncomeNetOfTax": "None", "ebit": "-26000000", "ebitda": "40000000", "netIncome": "-45000000"}, {"fiscalDateEnding": "2012-09-30", "reportedCurrency": "USD", "grossProfit": "266000000", "totalRevenue": "711000000", "costOfRevenue": "445000000", "costofGoodsAndServicesSold": "445000000", "operatingIncome": "-364000000", "sellingGeneralAndAdministrative": "99000000", "researchAndDevelopment": "314000000", "operatingExpenses": "632000000", "investmentIncomeNet": "None", "netInterestIncome": "None", "interestIncome": "None", "interestExpense": "4000000", "nonInterestIncome": "None", "otherNonOperatingIncome": "-4000000", "depreciation": "None", "depreciationAndAmortization": "56000000", "incomeBeforeTax": "-368000000", "incomeTaxExpense": "13000000", "interestAndDebtExpense": "None", "netIncomeFromContinuingOperations": "-381000000", "comprehensiveIncomeNetOfTax": "None", "ebit": "-368000000", "ebitda": "-312000000", "netIncome": "-381000000"}, {"fiscalDateEnding": "2012-06-30", "reportedCurrency": "USD", "grossProfit": "750000000", "totalRevenue": "955000000", "costOfRevenue": "205000000", "costofGoodsAndServicesSold": "205000000", "operatingIncome": "215000000", "sellingGeneralAndAdministrative": "86000000", "researchAndDevelopment": "290000000", "operatingExpenses": "528000000", "investmentIncomeNet": "None", "netInterestIncome": "None", "interestIncome": "None", "interestExpense": "5000000", "nonInterestIncome": "None", "otherNonOperatingIncome": "-5000000", "depreciation": "None", "depreciationAndAmortization": "56000000", "incomeBeforeTax": "210000000", "incomeTaxExpense": "9000000", "interestAndDebtExpense": "None", "netIncomeFromContinuingOperations": "201000000", "comprehensiveIncomeNetOfTax": "None", "ebit": "216000000", "ebitda": "272000000", "netIncome": "201000000"}, {"fiscalDateEnding": "2012-03-31", "reportedCurrency": "USD", "grossProfit": "994000000", "totalRevenue": "1368000000", "costOfRevenue": "374000000", "costofGoodsAndServicesSold": "374000000", "operatingIncome": "365000000", "sellingGeneralAndAdministrative": "115000000", "researchAndDevelopment": "284000000", "operatingExpenses": "619000000", "investmentIncomeNet": "None", "netInterestIncome": "None", "interestIncome": "None", "interestExpense": "7000000", "nonInterestIncome": "None", "otherNonOperatingIncome": "-4000000", "depreciation": "None", "depreciationAndAmortization": "68000000", "incomeBeforeTax": "361000000", "incomeTaxExpense": "-39000000", "interestAndDebtExpense": "None", "netIncomeFromContinuingOperations": "400000000", "comprehensiveIncomeNetOfTax": "None", "ebit": "368000000", "ebitda": "436000000", "netIncome": "400000000"}, {"fiscalDateEnding": "2011-12-31", "reportedCurrency": "USD", "grossProfit": "509000000", "totalRevenue": "1061000000", "costOfRevenue": "552000000", "costofGoodsAndServicesSold": "552000000", "operatingIncome": "-183000000", "sellingGeneralAndAdministrative": "98000000", "researchAndDevelopment": "325000000", "operatingExpenses": "703000000", "investmentIncomeNet": "None", "netInterestIncome": "None", "interestIncome": "None", "interestExpense": "10000000", "nonInterestIncome": "None", "otherNonOperatingIncome": "-10000000", "depreciation": "None", "depreciationAndAmortization": "54000000", "incomeBeforeTax": "-193000000", "incomeTaxExpense": "12000000", "interestAndDebtExpense": "None", "netIncomeFromContinuingOperations": "-205000000", "comprehensiveIncomeNetOfTax": "None", "ebit": "-186000000", "ebitda": "-132000000", "netIncome": "-205000000"}, {"fiscalDateEnding": "2011-09-30", "reportedCurrency": "USD", "grossProfit": "283000000", "totalRevenue": "715000000", "costOfRevenue": "432000000", "costofGoodsAndServicesSold": "432000000", "operatingIncome": "-374000000", "sellingGeneralAndAdministrative": "88000000", "researchAndDevelopment": "318000000", "operatingExpenses": "641000000", "investmentIncomeNet": "None", "netInterestIncome": "None", "interestIncome": "None", "interestExpense": "6000000", "nonInterestIncome": "None", "otherNonOperatingIncome": "-6000000", "depreciation": "None", "depreciationAndAmortization": "51000000", "incomeBeforeTax": "-380000000", "incomeTaxExpense": "-40000000", "interestAndDebtExpense": "None", "netIncomeFromContinuingOperations": "-340000000", "comprehensiveIncomeNetOfTax": "None", "ebit": "-374000000", "ebitda": "-323000000", "netIncome": "-340000000"}, {"fiscalDateEnding": "2011-06-30", "reportedCurrency": "USD", "grossProfit": "759000000", "totalRevenue": "999000000", "costOfRevenue": "240000000", "costofGoodsAndServicesSold": "240000000", "operatingIncome": "227000000", "sellingGeneralAndAdministrative": "74000000", "researchAndDevelopment": "285000000", "operatingExpenses": "512000000", "investmentIncomeNet": "None", "netInterestIncome": "None", "interestIncome": "None", "interestExpense": "0", "nonInterestIncome": "None", "otherNonOperatingIncome": "3000000", "depreciation": "None", "depreciationAndAmortization": "43000000", "incomeBeforeTax": "230000000", "incomeTaxExpense": "9000000", "interestAndDebtExpense": "None", "netIncomeFromContinuingOperations": "221000000", "comprehensiveIncomeNetOfTax": "None", "ebit": "230000000", "ebitda": "273000000", "netIncome": "221000000"}, {"fiscalDateEnding": "2011-03-31", "reportedCurrency": "USD", "grossProfit": "762000000", "totalRevenue": "1090000000", "costOfRevenue": "328000000", "costofGoodsAndServicesSold": "328000000", "operatingIncome": "145000000", "sellingGeneralAndAdministrative": "75000000", "researchAndDevelopment": "328000000", "operatingExpenses": "610000000", "investmentIncomeNet": "None", "netInterestIncome": "None", "interestIncome": "None", "interestExpense": "0", "nonInterestIncome": "None", "otherNonOperatingIncome": "4000000", "depreciation": "None", "depreciationAndAmortization": "42000000", "incomeBeforeTax": "149000000", "incomeTaxExpense": "-2000000", "interestAndDebtExpense": "None", "netIncomeFromContinuingOperations": "151000000", "comprehensiveIncomeNetOfTax": "None", "ebit": "152000000", "ebitda": "194000000", "netIncome": "151000000"}, {"fiscalDateEnding": "2010-12-31", "reportedCurrency": "USD", "grossProfit": "467000000", "totalRevenue": "1053000000", "costOfRevenue": "586000000", "costofGoodsAndServicesSold": "586000000", "operatingIncome": "-303000000", "sellingGeneralAndAdministrative": "75000000", "researchAndDevelopment": "273000000", "operatingExpenses": "615000000", "investmentIncomeNet": "None", "netInterestIncome": "None", "interestIncome": "None", "interestExpense": "0", "nonInterestIncome": "None", "otherNonOperatingIncome": "None", "depreciation": "None", "depreciationAndAmortization": "44000000", "incomeBeforeTax": "-303000000", "incomeTaxExpense": "19000000", "interestAndDebtExpense": "None", "netIncomeFromContinuingOperations": "-322000000", "comprehensiveIncomeNetOfTax": "None", "ebit": "-303000000", "ebitda": "-259000000", "netIncome": "-322000000"}, {"fiscalDateEnding": "2010-09-30", "reportedCurrency": "USD", "grossProfit": "268000000", "totalRevenue": "631000000", "costOfRevenue": "363000000", "costofGoodsAndServicesSold": "363000000", "operatingIncome": "-252000000", "sellingGeneralAndAdministrative": "77000000", "researchAndDevelopment": "277000000", "operatingExpenses": "542000000", "investmentIncomeNet": "None", "netInterestIncome": "None", "interestIncome": "None", "interestExpense": "0", "nonInterestIncome": "None", "otherNonOperatingIncome": "6000000", "depreciation": "None", "depreciationAndAmortization": "46000000", "incomeBeforeTax": "-218000000", "incomeTaxExpense": "-17000000", "interestAndDebtExpense": "None", "netIncomeFromContinuingOperations": "-201000000", "comprehensiveIncomeNetOfTax": "None", "ebit": "-218000000", "ebitda": "-172000000", "netIncome": "-201000000"}, {"fiscalDateEnding": "2010-06-30", "reportedCurrency": "USD", "grossProfit": "593000000", "totalRevenue": "815000000", "costOfRevenue": "222000000", "costofGoodsAndServicesSold": "222000000", "operatingIncome": "98000000", "sellingGeneralAndAdministrative": "74000000", "researchAndDevelopment": "275000000", "operatingExpenses": "491000000", "investmentIncomeNet": "None", "netInterestIncome": "None", "interestIncome": "None", "interestExpense": "0", "nonInterestIncome": "None", "otherNonOperatingIncome": "None", "depreciation": "None", "depreciationAndAmortization": "48000000", "incomeBeforeTax": "93000000", "incomeTaxExpense": "-3000000", "interestAndDebtExpense": "None", "netIncomeFromContinuingOperations": "96000000", "comprehensiveIncomeNetOfTax": "None", "ebit": "102000000", "ebitda": "150000000", "netIncome": "96000000"}, {"fiscalDateEnding": "2010-03-31", "reportedCurrency": "USD", "grossProfit": "681000000", "totalRevenue": "979000000", "costOfRevenue": "298000000", "costofGoodsAndServicesSold": "298000000", "operatingIncome": "83000000", "sellingGeneralAndAdministrative": "79000000", "researchAndDevelopment": "311000000", "operatingExpenses": "576000000", "investmentIncomeNet": "None", "netInterestIncome": "None", "interestIncome": "None", "interestExpense": "2000000", "nonInterestIncome": "None", "otherNonOperatingIncome": "-2000000", "depreciation": "None", "depreciationAndAmortization": "50000000", "incomeBeforeTax": "80000000", "incomeTaxExpense": "50000000", "interestAndDebtExpense": "None", "netIncomeFromContinuingOperations": "30000000", "comprehensiveIncomeNetOfTax": "None", "ebit": "105000000", "ebitda": "155000000", "netIncome": "30000000"}, {"fiscalDateEnding": "2009-12-31", "reportedCurrency": "USD", "grossProfit": "589000000", "totalRevenue": "1243000000", "costOfRevenue": "654000000", "costofGoodsAndServicesSold": "654000000", "operatingIncome": "-107000000", "sellingGeneralAndAdministrative": "84000000", "researchAndDevelopment": "290000000", "operatingExpenses": "596000000", "investmentIncomeNet": "None", "netInterestIncome": "None", "interestIncome": "None", "interestExpense": "2000000", "nonInterestIncome": "None", "otherNonOperatingIncome": "-2000000", "depreciation": "None", "depreciationAndAmortization": "48000000", "incomeBeforeTax": "-110000000", "incomeTaxExpense": "-28000000", "interestAndDebtExpense": "None", "netIncomeFromContinuingOperations": "-82000000", "comprehensiveIncomeNetOfTax": "None", "ebit": "-41000000", "ebitda": "7000000", "netIncome": "-82000000"}, {"fiscalDateEnding": "2009-09-30", "reportedCurrency": "USD", "grossProfit": "195000000", "totalRevenue": "788000000", "costOfRevenue": "593000000", "costofGoodsAndServicesSold": "593000000", "operatingIncome": "-417000000", "sellingGeneralAndAdministrative": "91000000", "researchAndDevelopment": "316000000", "operatingExpenses": "606000000", "investmentIncomeNet": "None", "netInterestIncome": "None", "interestIncome": "None", "interestExpense": "0", "nonInterestIncome": "None", "otherNonOperatingIncome": "7000000", "depreciation": "None", "depreciationAndAmortization": "46000000", "incomeBeforeTax": "-418000000", "incomeTaxExpense": "-27000000", "interestAndDebtExpense": "None", "netIncomeFromContinuingOperations": "-391000000", "comprehensiveIncomeNetOfTax": "None", "ebit": "-411000000", "ebitda": "-365000000", "netIncome": "-391000000"}, {"fiscalDateEnding": "2009-06-30", "reportedCurrency": "USD", "grossProfit": "323000000", "totalRevenue": "644000000", "costOfRevenue": "321000000", "costofGoodsAndServicesSold": "321000000", "operatingIncome": "-245000000", "sellingGeneralAndAdministrative": "66000000", "researchAndDevelopment": "312000000", "operatingExpenses": "554000000", "investmentIncomeNet": "None", "netInterestIncome": "None", "interestIncome": "None", "interestExpense": "0", "nonInterestIncome": "None", "otherNonOperatingIncome": "3000000", "depreciation": "None", "depreciationAndAmortization": "48000000", "incomeBeforeTax": "-258000000", "incomeTaxExpense": "-24000000", "interestAndDebtExpense": "None", "netIncomeFromContinuingOperations": "-234000000", "comprehensiveIncomeNetOfTax": "None", "ebit": "-231000000", "ebitda": "-183000000", "netIncome": "-234000000"}, {"fiscalDateEnding": "2009-03-31", "reportedCurrency": "USD", "grossProfit": "511000000", "totalRevenue": "860000000", "costOfRevenue": "349000000", "costofGoodsAndServicesSold": "349000000", "operatingIncome": "-62000000", "sellingGeneralAndAdministrative": "190000000", "researchAndDevelopment": "332000000", "operatingExpenses": "145000000", "investmentIncomeNet": "None", "netInterestIncome": "None", "interestIncome": "None", "interestExpense": "0", "nonInterestIncome": "None", "otherNonOperatingIncome": "None", "depreciation": "None", "depreciationAndAmortization": "46000000", "incomeBeforeTax": "-59000000", "incomeTaxExpense": "-17000000", "interestAndDebtExpense": "None", "netIncomeFromContinuingOperations": "0", "comprehensiveIncomeNetOfTax": "None", "ebit": "366000000", "ebitda": "412000000", "netIncome": "-42000000"}, {"fiscalDateEnding": "2008-12-31", "reportedCurrency": "USD", "grossProfit": "729000000", "totalRevenue": "1654000000", "costOfRevenue": "925000000", "costofGoodsAndServicesSold": "925000000", "operatingIncome": "-304000000", "sellingGeneralAndAdministrative": "332000000", "researchAndDevelopment": "299000000", "operatingExpenses": "1016000000", "investmentIncomeNet": "None", "netInterestIncome": "None", "interestIncome": "None", "interestExpense": "0", "nonInterestIncome": "None", "otherNonOperatingIncome": "None", "depreciation": "None", "depreciationAndAmortization": "48000000", "incomeBeforeTax": "-317000000", "incomeTaxExpense": "324000000", "interestAndDebtExpense": "None", "netIncomeFromContinuingOperations": "0", "comprehensiveIncomeNetOfTax": "None", "ebit": "83000000", "ebitda": "131000000", "netIncome": "-641000000"}, {"fiscalDateEnding": "2008-09-30", "reportedCurrency": "USD", "grossProfit": "337000000", "totalRevenue": "894000000", "costOfRevenue": "557000000", "costofGoodsAndServicesSold": "557000000", "operatingIncome": "-364000000", "sellingGeneralAndAdministrative": "289000000", "researchAndDevelopment": "372000000", "operatingExpenses": "677000000", "investmentIncomeNet": "None", "netInterestIncome": "None", "interestIncome": "None", "interestExpense": "0", "nonInterestIncome": "None", "otherNonOperatingIncome": "None", "depreciation": "None", "depreciationAndAmortization": "54000000", "incomeBeforeTax": "-391000000", "incomeTaxExpense": "-81000000", "interestAndDebtExpense": "None", "netIncomeFromContinuingOperations": "0", "comprehensiveIncomeNetOfTax": "None", "ebit": "-378000000", "ebitda": "-324000000", "netIncome": "-310000000"}, {"fiscalDateEnding": "2008-06-30", "reportedCurrency": "USD", "grossProfit": "508000000", "totalRevenue": "804000000", "costOfRevenue": "296000000", "costofGoodsAndServicesSold": "296000000", "operatingIncome": "-97000000", "sellingGeneralAndAdministrative": "212000000", "researchAndDevelopment": "356000000", "operatingExpenses": "583000000", "investmentIncomeNet": "None", "netInterestIncome": "None", "interestIncome": "None", "interestExpense": "0", "nonInterestIncome": "None", "otherNonOperatingIncome": "None", "depreciation": "None", "depreciationAndAmortization": "50000000", "incomeBeforeTax": "-88000000", "incomeTaxExpense": "7000000", "interestAndDebtExpense": "None", "netIncomeFromContinuingOperations": "0", "comprehensiveIncomeNetOfTax": "None", "ebit": "-75000000", "ebitda": "-25000000", "netIncome": "-95000000"}, {"fiscalDateEnding": "2008-03-31", "reportedCurrency": "USD", "grossProfit": "665000000", "totalRevenue": "1128000000", "costOfRevenue": "463000000", "costofGoodsAndServicesSold": "463000000", "operatingIncome": "-38000000", "sellingGeneralAndAdministrative": "218000000", "researchAndDevelopment": "316000000", "operatingExpenses": "547000000", "investmentIncomeNet": "None", "netInterestIncome": "None", "interestIncome": "None", "interestExpense": "0", "nonInterestIncome": "None", "otherNonOperatingIncome": "None", "depreciation": "None", "depreciationAndAmortization": "49000000", "incomeBeforeTax": "-136000000", "incomeTaxExpense": "-43000000", "interestAndDebtExpense": "None", "netIncomeFromContinuingOperations": "0", "comprehensiveIncomeNetOfTax": "None", "ebit": "118000000", "ebitda": "167000000", "netIncome": "-93000000"}, {"fiscalDateEnding": "2007-12-31", "reportedCurrency": "USD", "grossProfit": "721000000", "totalRevenue": "1503000000", "costOfRevenue": "782000000", "costofGoodsAndServicesSold": "782000000", "operatingIncome": "7000000", "sellingGeneralAndAdministrative": "308000000", "researchAndDevelopment": "321000000", "operatingExpenses": "636000000", "investmentIncomeNet": "None", "netInterestIncome": "None", "interestIncome": "None", "interestExpense": "0", "nonInterestIncome": "None", "otherNonOperatingIncome": "None", "depreciation": "None", "depreciationAndAmortization": "42000000", "incomeBeforeTax": "27000000", "incomeTaxExpense": "60000000", "interestAndDebtExpense": "None", "netIncomeFromContinuingOperations": "0", "comprehensiveIncomeNetOfTax": "None", "ebit": "85000000", "ebitda": "127000000", "netIncome": "-33000000"}, {"fiscalDateEnding": "2007-09-30", "reportedCurrency": "USD", "grossProfit": "245000000", "totalRevenue": "640000000", "costOfRevenue": "395000000", "costofGoodsAndServicesSold": "395000000", "operatingIncome": "-274000000", "sellingGeneralAndAdministrative": "248000000", "researchAndDevelopment": "259000000", "operatingExpenses": "514000000", "investmentIncomeNet": "None", "netInterestIncome": "None", "interestIncome": "None", "interestExpense": "0", "nonInterestIncome": "None", "otherNonOperatingIncome": "None", "depreciation": "None", "depreciationAndAmortization": "37000000", "incomeBeforeTax": "-242000000", "incomeTaxExpense": "-47000000", "interestAndDebtExpense": "None", "netIncomeFromContinuingOperations": "0", "comprehensiveIncomeNetOfTax": "None", "ebit": "-269000000", "ebitda": "-232000000", "netIncome": "-195000000"}, {"fiscalDateEnding": "2007-06-30", "reportedCurrency": "USD", "grossProfit": "229000000", "totalRevenue": "395000000", "costOfRevenue": "166000000", "costofGoodsAndServicesSold": "166000000", "operatingIncome": "-183000000", "sellingGeneralAndAdministrative": "153000000", "researchAndDevelopment": "250000000", "operatingExpenses": "410000000", "investmentIncomeNet": "None", "netInterestIncome": "None", "interestIncome": "None", "interestExpense": "0", "nonInterestIncome": "None", "otherNonOperatingIncome": "None", "depreciation": "None", "depreciationAndAmortization": "36000000", "incomeBeforeTax": "-156000000", "incomeTaxExpense": "-24000000", "interestAndDebtExpense": "None", "netIncomeFromContinuingOperations": "0", "comprehensiveIncomeNetOfTax": "None", "ebit": "-181000000", "ebitda": "-145000000", "netIncome": "-132000000"}, {"fiscalDateEnding": "2007-03-31", "reportedCurrency": "USD", "grossProfit": "378000000", "totalRevenue": "613000000", "costOfRevenue": "235000000", "costofGoodsAndServicesSold": "235000000", "operatingIncome": "-72000000", "sellingGeneralAndAdministrative": "7000000", "researchAndDevelopment": "258000000", "operatingExpenses": "447000000", "investmentIncomeNet": "None", "netInterestIncome": "None", "interestIncome": "None", "interestExpense": "0", "nonInterestIncome": "None", "otherNonOperatingIncome": "None", "depreciation": "None", "depreciationAndAmortization": "37000000", "incomeBeforeTax": "-42000000", "incomeTaxExpense": "-17000000", "interestAndDebtExpense": "None", "netIncomeFromContinuingOperations": "0", "comprehensiveIncomeNetOfTax": "None", "ebit": "-69000000", "ebitda": "-32000000", "netIncome": "-25000000"}, {"fiscalDateEnding": "2006-12-31", "reportedCurrency": "USD", "grossProfit": "811000000", "totalRevenue": "1281000000", "costOfRevenue": "470000000", "costofGoodsAndServicesSold": "470000000", "operatingIncome": "215000000", "sellingGeneralAndAdministrative": "91000000", "researchAndDevelopment": "330000000", "operatingExpenses": "593000000", "investmentIncomeNet": "None", "netInterestIncome": "None", "interestIncome": "None", "interestExpense": "25000000", "nonInterestIncome": "None", "otherNonOperatingIncome": "None", "depreciation": "None", "depreciationAndAmortization": "38000000", "incomeBeforeTax": "240000000", "incomeTaxExpense": "84000000", "interestAndDebtExpense": "None", "netIncomeFromContinuingOperations": "0", "comprehensiveIncomeNetOfTax": "None", "ebit": "218000000", "ebitda": "256000000", "netIncome": "160000000"}, {"fiscalDateEnding": "2006-09-30", "reportedCurrency": "USD", "grossProfit": "445000000", "totalRevenue": "784000000", "costOfRevenue": "339000000", "costofGoodsAndServicesSold": "339000000", "operatingIncome": "14000000", "sellingGeneralAndAdministrative": "72000000", "researchAndDevelopment": "238000000", "operatingExpenses": "425000000", "investmentIncomeNet": "None", "netInterestIncome": "None", "interestIncome": "None", "interestExpense": "0", "nonInterestIncome": "None", "otherNonOperatingIncome": "None", "depreciation": "None", "depreciationAndAmortization": "37000000", "incomeBeforeTax": "38000000", "incomeTaxExpense": "16000000", "interestAndDebtExpense": "None", "netIncomeFromContinuingOperations": "0", "comprehensiveIncomeNetOfTax": "None", "ebit": "20000000", "ebitda": "57000000", "netIncome": "22000000"}, {"fiscalDateEnding": "2006-06-30", "reportedCurrency": "USD", "grossProfit": "245000000", "totalRevenue": "413000000", "costOfRevenue": "168000000", "costofGoodsAndServicesSold": "168000000", "operatingIncome": "-119000000", "sellingGeneralAndAdministrative": "59000000", "researchAndDevelopment": "216000000", "operatingExpenses": "358000000", "investmentIncomeNet": "None", "netInterestIncome": "None", "interestIncome": "None", "interestExpense": "0", "nonInterestIncome": "None", "otherNonOperatingIncome": "None", "depreciation": "None", "depreciationAndAmortization": "35000000", "incomeBeforeTax": "-98000000", "incomeTaxExpense": "-17000000", "interestAndDebtExpense": "None", "netIncomeFromContinuingOperations": "0", "comprehensiveIncomeNetOfTax": "None", "ebit": "-113000000", "ebitda": "-78000000", "netIncome": "-81000000"}, {"fiscalDateEnding": "2006-03-31", "reportedCurrency": "USD", "grossProfit": "397000000", "totalRevenue": "641000000", "costOfRevenue": "244000000", "costofGoodsAndServicesSold": "244000000", "operatingIncome": "24000000", "sellingGeneralAndAdministrative": "157000000", "researchAndDevelopment": "187000000", "operatingExpenses": "348000000", "investmentIncomeNet": "None", "netInterestIncome": "None", "interestIncome": "None", "interestExpense": "0", "nonInterestIncome": "None", "otherNonOperatingIncome": "None", "depreciation": "None", "depreciationAndAmortization": "27000000", "incomeBeforeTax": "39000000", "incomeTaxExpense": "54000000", "interestAndDebtExpense": "None", "netIncomeFromContinuingOperations": "0", "comprehensiveIncomeNetOfTax": "None", "ebit": "49000000", "ebitda": "76000000", "netIncome": "-16000000"}, {"fiscalDateEnding": "2005-12-31", "reportedCurrency": "USD", "grossProfit": "768000000", "totalRevenue": "1270000000", "costOfRevenue": "502000000", "costofGoodsAndServicesSold": "502000000", "operatingIncome": "347000000", "sellingGeneralAndAdministrative": "205000000", "researchAndDevelopment": "206000000", "operatingExpenses": "412000000", "investmentIncomeNet": "None", "netInterestIncome": "None", "interestIncome": "None", "interestExpense": "0", "nonInterestIncome": "None", "otherNonOperatingIncome": "None", "depreciation": "None", "depreciationAndAmortization": "22000000", "incomeBeforeTax": "367000000", "incomeTaxExpense": "106000000", "interestAndDebtExpense": "None", "netIncomeFromContinuingOperations": "0", "comprehensiveIncomeNetOfTax": "None", "ebit": "356000000", "ebitda": "378000000", "netIncome": "259000000"}, {"fiscalDateEnding": "2005-09-30", "reportedCurrency": "USD", "grossProfit": "391000000", "totalRevenue": "675000000", "costOfRevenue": "284000000", "costofGoodsAndServicesSold": "284000000", "operatingIncome": "49000000", "sellingGeneralAndAdministrative": "159000000", "researchAndDevelopment": "182000000", "operatingExpenses": "342000000", "investmentIncomeNet": "None", "netInterestIncome": "None", "interestIncome": "None", "interestExpense": "0", "nonInterestIncome": "None", "otherNonOperatingIncome": "None", "depreciation": "None", "depreciationAndAmortization": "23000000", "incomeBeforeTax": "62000000", "incomeTaxExpense": "9000000", "interestAndDebtExpense": "None", "netIncomeFromContinuingOperations": "0", "comprehensiveIncomeNetOfTax": "None", "ebit": "26000000", "ebitda": "49000000", "netIncome": "51000000"}, {"fiscalDateEnding": "2005-06-30", "reportedCurrency": "USD", "grossProfit": "214000000", "totalRevenue": "365000000", "costOfRevenue": "151000000", "costofGoodsAndServicesSold": "151000000", "operatingIncome": "-96000000", "sellingGeneralAndAdministrative": "126000000", "researchAndDevelopment": "183000000", "operatingExpenses": "310000000", "investmentIncomeNet": "None", "netInterestIncome": "None", "interestIncome": "None", "interestExpense": "0", "nonInterestIncome": "None", "otherNonOperatingIncome": "None", "depreciation": "None", "depreciationAndAmortization": "23000000", "incomeBeforeTax": "-79000000", "incomeTaxExpense": "-23000000", "interestAndDebtExpense": "None", "netIncomeFromContinuingOperations": "0", "comprehensiveIncomeNetOfTax": "None", "ebit": "-96000000", "ebitda": "-73000000", "netIncome": "-58000000"}, {"fiscalDateEnding": "2005-03-31", "reportedCurrency": "USD", "grossProfit": "320209000", "totalRevenue": "553780000", "costOfRevenue": "233571000", "costofGoodsAndServicesSold": "233571000", "operatingIncome": "-37000", "sellingGeneralAndAdministrative": "153745000", "researchAndDevelopment": "160364000", "operatingExpenses": "315034000", "investmentIncomeNet": "None", "netInterestIncome": "None", "interestIncome": "None", "interestExpense": "0", "nonInterestIncome": "None", "otherNonOperatingIncome": "None", "depreciation": "None", "depreciationAndAmortization": "22089000", "incomeBeforeTax": "11972000", "incomeTaxExpense": "4550000", "interestAndDebtExpense": "None", "netIncomeFromContinuingOperations": "0", "comprehensiveIncomeNetOfTax": "None", "ebit": "5175000", "ebitda": "27264000", "netIncome": "7422000"}, {"fiscalDateEnding": "2004-12-31", "reportedCurrency": "USD", "grossProfit": "925088000", "totalRevenue": "1427851000", "costOfRevenue": "502763000", "costofGoodsAndServicesSold": "502763000", "operatingIncome": "519283000", "sellingGeneralAndAdministrative": "210420000", "researchAndDevelopment": "185155000", "operatingExpenses": "396405000", "investmentIncomeNet": "None", "netInterestIncome": "None", "interestIncome": "None", "interestExpense": "0", "nonInterestIncome": "None", "otherNonOperatingIncome": "None", "depreciation": "None", "depreciationAndAmortization": "19744000", "incomeBeforeTax": "541932000", "incomeTaxExpense": "166832000", "interestAndDebtExpense": "None", "netIncomeFromContinuingOperations": "0", "comprehensiveIncomeNetOfTax": "None", "ebit": "528089000", "ebitda": "547833000", "netIncome": "375000000"}]}