{"symbol": "WBA", "annualReports": [{"fiscalDateEnding": "2024-08-31", "reportedCurrency": "USD", "grossProfit": "26524000000", "totalRevenue": "147658000000", "costOfRevenue": "121134000000", "costofGoodsAndServicesSold": "121134000000", "operatingIncome": "-14076000000", "sellingGeneralAndAdministrative": "25621000000", "researchAndDevelopment": "414000000", "operatingExpenses": "40600000000", "investmentIncomeNet": "None", "netInterestIncome": "-482000000", "interestIncome": "None", "interestExpense": "482000000", "nonInterestIncome": "None", "otherNonOperatingIncome": "None", "depreciation": "None", "depreciationAndAmortization": "2459000000", "incomeBeforeTax": "-14219000000", "incomeTaxExpense": "1246000000", "interestAndDebtExpense": "None", "netIncomeFromContinuingOperations": "-15448000000", "comprehensiveIncomeNetOfTax": "None", "ebit": "-13737000000", "ebitda": "-11278000000", "netIncome": "-8636000000"}, {"fiscalDateEnding": "2023-08-31", "reportedCurrency": "USD", "grossProfit": "27072000000", "totalRevenue": "139081000000", "costOfRevenue": "112009000000", "costofGoodsAndServicesSold": "112009000000", "operatingIncome": "-6882000000", "sellingGeneralAndAdministrative": "24704000000", "researchAndDevelopment": "371000000", "operatingExpenses": "33954000000", "investmentIncomeNet": "None", "netInterestIncome": "-580000000", "interestIncome": "None", "interestExpense": "580000000", "nonInterestIncome": "None", "otherNonOperatingIncome": "None", "depreciation": "None", "depreciationAndAmortization": "2257000000", "incomeBeforeTax": "-5386000000", "incomeTaxExpense": "1858000000", "interestAndDebtExpense": "None", "netIncomeFromContinuingOperations": "-3528000000", "comprehensiveIncomeNetOfTax": "None", "ebit": "1222000000", "ebitda": "3479000000", "netIncome": "-3080000000"}, {"fiscalDateEnding": "2022-08-31", "reportedCurrency": "USD", "grossProfit": "28266000000", "totalRevenue": "132703000000", "costOfRevenue": "104437000000", "costofGoodsAndServicesSold": "104437000000", "operatingIncome": "1387000000", "sellingGeneralAndAdministrative": "24132000000", "researchAndDevelopment": "307000000", "operatingExpenses": "26879000000", "investmentIncomeNet": "None", "netInterestIncome": "-400000000", "interestIncome": "None", "interestExpense": "400000000", "nonInterestIncome": "None", "otherNonOperatingIncome": "2998000000", "depreciation": "None", "depreciationAndAmortization": "1990000000", "incomeBeforeTax": "4036000000", "incomeTaxExpense": "30000000", "interestAndDebtExpense": "None", "netIncomeFromContinuingOperations": "4065000000", "comprehensiveIncomeNetOfTax": "None", "ebit": "2965000000", "ebitda": "4955000000", "netIncome": "4337000000"}, {"fiscalDateEnding": "2021-08-31", "reportedCurrency": "USD", "grossProfit": "28067000000", "totalRevenue": "132509000000", "costOfRevenue": "104442000000", "costofGoodsAndServicesSold": "104442000000", "operatingIncome": "2342000000", "sellingGeneralAndAdministrative": "23026000000", "researchAndDevelopment": "284000000", "operatingExpenses": "25725000000", "investmentIncomeNet": "None", "netInterestIncome": "-905000000", "interestIncome": "None", "interestExpense": "905000000", "nonInterestIncome": "None", "otherNonOperatingIncome": "558000000", "depreciation": "None", "depreciationAndAmortization": "1973000000", "incomeBeforeTax": "2622000000", "incomeTaxExpense": "667000000", "interestAndDebtExpense": "None", "netIncomeFromContinuingOperations": "1955000000", "comprehensiveIncomeNetOfTax": "None", "ebit": "3985000000", "ebitda": "5958000000", "netIncome": "2542000000"}, {"fiscalDateEnding": "2020-08-31", "reportedCurrency": "USD", "grossProfit": "26077000000", "totalRevenue": "121982000000", "costOfRevenue": "95905000000", "costofGoodsAndServicesSold": "95905000000", "operatingIncome": "982000000", "sellingGeneralAndAdministrative": "26513000000", "researchAndDevelopment": "300000000", "operatingExpenses": "25095000000", "investmentIncomeNet": "None", "netInterestIncome": "-639000000", "interestIncome": "627000000", "interestExpense": "613000000", "nonInterestIncome": "None", "otherNonOperatingIncome": "70000000", "depreciation": "None", "depreciationAndAmortization": "1927000000", "incomeBeforeTax": "477000000", "incomeTaxExpense": "339000000", "interestAndDebtExpense": "None", "netIncomeFromContinuingOperations": "383000000", "comprehensiveIncomeNetOfTax": "None", "ebit": "916000000", "ebitda": "2843000000", "netIncome": "456000000"}, {"fiscalDateEnding": "2019-08-31", "reportedCurrency": "USD", "grossProfit": "28159000000", "totalRevenue": "120074000000", "costOfRevenue": "91915000000", "costofGoodsAndServicesSold": "91915000000", "operatingIncome": "4766000000", "sellingGeneralAndAdministrative": "24660000000", "researchAndDevelopment": "260000000", "operatingExpenses": "23393000000", "investmentIncomeNet": "None", "netInterestIncome": "-704000000", "interestIncome": "549000000", "interestExpense": "650000000", "nonInterestIncome": "None", "otherNonOperatingIncome": "233000000", "depreciation": "None", "depreciationAndAmortization": "2038000000", "incomeBeforeTax": "4367000000", "incomeTaxExpense": "577000000", "interestAndDebtExpense": "None", "netIncomeFromContinuingOperations": "3939000000", "comprehensiveIncomeNetOfTax": "None", "ebit": "4716000000", "ebitda": "6754000000", "netIncome": "3982000000"}, {"fiscalDateEnding": "2018-08-31", "reportedCurrency": "USD", "grossProfit": "30792000000", "totalRevenue": "131537000000", "costOfRevenue": "100745000000", "costofGoodsAndServicesSold": "100745000000", "operatingIncome": "6289000000", "sellingGeneralAndAdministrative": "24569000000", "researchAndDevelopment": "254000000", "operatingExpenses": "24503000000", "investmentIncomeNet": "None", "netInterestIncome": "-616000000", "interestIncome": "595000000", "interestExpense": "616000000", "nonInterestIncome": "None", "otherNonOperatingIncome": "177000000", "depreciation": "None", "depreciationAndAmortization": "1770000000", "incomeBeforeTax": "6029000000", "incomeTaxExpense": "998000000", "interestAndDebtExpense": "None", "netIncomeFromContinuingOperations": "4977000000", "comprehensiveIncomeNetOfTax": "None", "ebit": "5900000000", "ebitda": "7670000000", "netIncome": "5024000000"}, {"fiscalDateEnding": "2017-08-31", "reportedCurrency": "USD", "grossProfit": "29162000000", "totalRevenue": "118214000000", "costOfRevenue": "89052000000", "costofGoodsAndServicesSold": "89052000000", "operatingIncome": "5484000000", "sellingGeneralAndAdministrative": "23740000000", "researchAndDevelopment": "245000000", "operatingExpenses": "23678000000", "investmentIncomeNet": "None", "netInterestIncome": "-693000000", "interestIncome": "741000000", "interestExpense": "693000000", "nonInterestIncome": "None", "otherNonOperatingIncome": "-11000000", "depreciation": "None", "depreciationAndAmortization": "1654000000", "incomeBeforeTax": "4861000000", "incomeTaxExpense": "760000000", "interestAndDebtExpense": "None", "netIncomeFromContinuingOperations": "4093000000", "comprehensiveIncomeNetOfTax": "None", "ebit": "5299000000", "ebitda": "6953000000", "netIncome": "4078000000"}, {"fiscalDateEnding": "2016-08-31", "reportedCurrency": "USD", "grossProfit": "29874000000", "totalRevenue": "117351000000", "costOfRevenue": "87477000000", "costofGoodsAndServicesSold": "87477000000", "operatingIncome": "6001000000", "sellingGeneralAndAdministrative": "23910000000", "researchAndDevelopment": "238000000", "operatingExpenses": "23873000000", "investmentIncomeNet": "None", "netInterestIncome": "-596000000", "interestIncome": "1125000000", "interestExpense": "596000000", "nonInterestIncome": "None", "otherNonOperatingIncome": "-217000000", "depreciation": "None", "depreciationAndAmortization": "1718000000", "incomeBeforeTax": "5188000000", "incomeTaxExpense": "997000000", "interestAndDebtExpense": "None", "netIncomeFromContinuingOperations": "4147000000", "comprehensiveIncomeNetOfTax": "None", "ebit": "6211000000", "ebitda": "7929000000", "netIncome": "4173000000"}, {"fiscalDateEnding": "2015-08-31", "reportedCurrency": "USD", "grossProfit": "26753000000", "totalRevenue": "103444000000", "costOfRevenue": "76691000000", "costofGoodsAndServicesSold": "76691000000", "operatingIncome": "4668000000", "sellingGeneralAndAdministrative": "22571000000", "researchAndDevelopment": "178000000", "operatingExpenses": "22085000000", "investmentIncomeNet": "None", "netInterestIncome": "None", "interestIncome": "717000000", "interestExpense": "605000000", "nonInterestIncome": "None", "otherNonOperatingIncome": "1272000000", "depreciation": "None", "depreciationAndAmortization": "1742000000", "incomeBeforeTax": "5335000000", "incomeTaxExpense": "1056000000", "interestAndDebtExpense": "None", "netIncomeFromContinuingOperations": "4255000000", "comprehensiveIncomeNetOfTax": "None", "ebit": "5012000000", "ebitda": "6754000000", "netIncome": "4220000000"}, {"fiscalDateEnding": "2014-08-31", "reportedCurrency": "USD", "grossProfit": "21569000000", "totalRevenue": "76392000000", "costOfRevenue": "54823000000", "costofGoodsAndServicesSold": "54823000000", "operatingIncome": "4194000000", "sellingGeneralAndAdministrative": "17727000000", "researchAndDevelopment": "127000000", "operatingExpenses": "17375000000", "investmentIncomeNet": "None", "netInterestIncome": "None", "interestIncome": "None", "interestExpense": "156000000", "nonInterestIncome": "None", "otherNonOperatingIncome": "None", "depreciation": "None", "depreciationAndAmortization": "1316000000", "incomeBeforeTax": "3557000000", "incomeTaxExpense": "1526000000", "interestAndDebtExpense": "None", "netIncomeFromContinuingOperations": "2031000000", "comprehensiveIncomeNetOfTax": "None", "ebit": "3767000000", "ebitda": "5083000000", "netIncome": "1932000000"}, {"fiscalDateEnding": "2013-08-31", "reportedCurrency": "USD", "grossProfit": "21119000000", "totalRevenue": "72217000000", "costOfRevenue": "51098000000", "costofGoodsAndServicesSold": "51098000000", "operatingIncome": "3649000000", "sellingGeneralAndAdministrative": "17257000000", "researchAndDevelopment": "105000000", "operatingExpenses": "17027000000", "investmentIncomeNet": "None", "netInterestIncome": "None", "interestIncome": "None", "interestExpense": "165000000", "nonInterestIncome": "None", "otherNonOperatingIncome": "None", "depreciation": "None", "depreciationAndAmortization": "1283000000", "incomeBeforeTax": "4047000000", "incomeTaxExpense": "1499000000", "interestAndDebtExpense": "None", "netIncomeFromContinuingOperations": "None", "comprehensiveIncomeNetOfTax": "None", "ebit": "4056000000", "ebitda": "5339000000", "netIncome": "2548000000"}, {"fiscalDateEnding": "2012-08-31", "reportedCurrency": "USD", "grossProfit": "20342000000", "totalRevenue": "71633000000", "costOfRevenue": "51291000000", "costofGoodsAndServicesSold": "51291000000", "operatingIncome": "3464000000", "sellingGeneralAndAdministrative": "16809000000", "researchAndDevelopment": "None", "operatingExpenses": "16878000000", "investmentIncomeNet": "None", "netInterestIncome": "None", "interestIncome": "None", "interestExpense": "88000000", "nonInterestIncome": "None", "otherNonOperatingIncome": "None", "depreciation": "None", "depreciationAndAmortization": "1166000000", "incomeBeforeTax": "3376000000", "incomeTaxExpense": "1249000000", "interestAndDebtExpense": "None", "netIncomeFromContinuingOperations": "None", "comprehensiveIncomeNetOfTax": "None", "ebit": "3464000000", "ebitda": "4630000000", "netIncome": "2127000000"}, {"fiscalDateEnding": "2011-08-31", "reportedCurrency": "USD", "grossProfit": "20492000000", "totalRevenue": "72184000000", "costOfRevenue": "51692000000", "costofGoodsAndServicesSold": "51692000000", "operatingIncome": "4365000000", "sellingGeneralAndAdministrative": "16450000000", "researchAndDevelopment": "None", "operatingExpenses": "16127000000", "investmentIncomeNet": "None", "netInterestIncome": "None", "interestIncome": "None", "interestExpense": "71000000", "nonInterestIncome": "None", "otherNonOperatingIncome": "None", "depreciation": "None", "depreciationAndAmortization": "1086000000", "incomeBeforeTax": "4294000000", "incomeTaxExpense": "1580000000", "interestAndDebtExpense": "None", "netIncomeFromContinuingOperations": "None", "comprehensiveIncomeNetOfTax": "None", "ebit": "4365000000", "ebitda": "5451000000", "netIncome": "2714000000"}, {"fiscalDateEnding": "2010-08-31", "reportedCurrency": "USD", "grossProfit": "18976000000", "totalRevenue": "67420000000", "costOfRevenue": "48444000000", "costofGoodsAndServicesSold": "48444000000", "operatingIncome": "3458000000", "sellingGeneralAndAdministrative": "15381000000", "researchAndDevelopment": "None", "operatingExpenses": "15518000000", "investmentIncomeNet": "None", "netInterestIncome": "None", "interestIncome": "None", "interestExpense": "85000000", "nonInterestIncome": "None", "otherNonOperatingIncome": "None", "depreciation": "None", "depreciationAndAmortization": "1030000000", "incomeBeforeTax": "3373000000", "incomeTaxExpense": "1282000000", "interestAndDebtExpense": "None", "netIncomeFromContinuingOperations": "None", "comprehensiveIncomeNetOfTax": "None", "ebit": "3458000000", "ebitda": "4488000000", "netIncome": "2091000000"}, {"fiscalDateEnding": "2009-08-31", "reportedCurrency": "USD", "grossProfit": "17613000000", "totalRevenue": "63335000000", "costOfRevenue": "45722000000", "costofGoodsAndServicesSold": "45722000000", "operatingIncome": "3247000000", "sellingGeneralAndAdministrative": "14209000000", "researchAndDevelopment": "None", "operatingExpenses": "14366000000", "investmentIncomeNet": "None", "netInterestIncome": "None", "interestIncome": "None", "interestExpense": "83000000", "nonInterestIncome": "None", "otherNonOperatingIncome": "None", "depreciation": "None", "depreciationAndAmortization": "975000000", "incomeBeforeTax": "3164000000", "incomeTaxExpense": "1158000000", "interestAndDebtExpense": "None", "netIncomeFromContinuingOperations": "None", "comprehensiveIncomeNetOfTax": "None", "ebit": "3247000000", "ebitda": "4222000000", "netIncome": "2006000000"}, {"fiscalDateEnding": "2008-08-31", "reportedCurrency": "USD", "grossProfit": "16643000000", "totalRevenue": "59034000000", "costOfRevenue": "42391000000", "costofGoodsAndServicesSold": "42391000000", "operatingIncome": "3440700000", "sellingGeneralAndAdministrative": "13281000000", "researchAndDevelopment": "None", "operatingExpenses": "13202000000", "investmentIncomeNet": "None", "netInterestIncome": "None", "interestIncome": "None", "interestExpense": "11000000", "nonInterestIncome": "None", "otherNonOperatingIncome": "None", "depreciation": "None", "depreciationAndAmortization": "840000000", "incomeBeforeTax": "3429900000", "incomeTaxExpense": "1273200000", "interestAndDebtExpense": "None", "netIncomeFromContinuingOperations": "None", "comprehensiveIncomeNetOfTax": "None", "ebit": "3440700000", "ebitda": "4280700000", "netIncome": "2156700000"}, {"fiscalDateEnding": "2007-08-31", "reportedCurrency": "USD", "grossProfit": "15243900000", "totalRevenue": "53762000000", "costOfRevenue": "38518100000", "costofGoodsAndServicesSold": "38518100000", "operatingIncome": "3150700000", "sellingGeneralAndAdministrative": "12093200000", "researchAndDevelopment": "None", "operatingExpenses": "12093200000", "investmentIncomeNet": "None", "netInterestIncome": "None", "interestIncome": "None", "interestExpense": "0", "nonInterestIncome": "None", "otherNonOperatingIncome": "None", "depreciation": "None", "depreciationAndAmortization": "675900000", "incomeBeforeTax": "3189100000", "incomeTaxExpense": "1147800000", "interestAndDebtExpense": "None", "netIncomeFromContinuingOperations": "None", "comprehensiveIncomeNetOfTax": "None", "ebit": "3150700000", "ebitda": "3826600000", "netIncome": "2041300000"}, {"fiscalDateEnding": "2006-08-31", "reportedCurrency": "USD", "grossProfit": "13168600000", "totalRevenue": "47409000000", "costOfRevenue": "34240400000", "costofGoodsAndServicesSold": "34240400000", "operatingIncome": "2701500000", "sellingGeneralAndAdministrative": "10486700000", "researchAndDevelopment": "None", "operatingExpenses": "10467100000", "investmentIncomeNet": "None", "netInterestIncome": "None", "interestIncome": "None", "interestExpense": "0", "nonInterestIncome": "None", "otherNonOperatingIncome": "None", "depreciation": "None", "depreciationAndAmortization": "572200000", "incomeBeforeTax": "2754100000", "incomeTaxExpense": "1003500000", "interestAndDebtExpense": "None", "netIncomeFromContinuingOperations": "None", "comprehensiveIncomeNetOfTax": "None", "ebit": "2701500000", "ebitda": "3273700000", "netIncome": "1750600000"}, {"fiscalDateEnding": "2005-08-31", "reportedCurrency": "USD", "grossProfit": "11787800000", "totalRevenue": "42201600000", "costOfRevenue": "30413800000", "costofGoodsAndServicesSold": "30413800000", "operatingIncome": "2424000000", "sellingGeneralAndAdministrative": "9335400000", "researchAndDevelopment": "None", "operatingExpenses": "9363800000", "investmentIncomeNet": "None", "netInterestIncome": "None", "interestIncome": "None", "interestExpense": "0", "nonInterestIncome": "None", "otherNonOperatingIncome": "None", "depreciation": "None", "depreciationAndAmortization": "482100000", "incomeBeforeTax": "2455600000", "incomeTaxExpense": "896100000", "interestAndDebtExpense": "None", "netIncomeFromContinuingOperations": "None", "comprehensiveIncomeNetOfTax": "None", "ebit": "2424000000", "ebitda": "2906100000", "netIncome": "1559500000"}], "quarterlyReports": [{"fiscalDateEnding": "2025-02-28", "reportedCurrency": "USD", "grossProfit": "6935000000", "totalRevenue": "38588000000", "costOfRevenue": "31653000000", "costofGoodsAndServicesSold": "31653000000", "operatingIncome": "-1956000000", "sellingGeneralAndAdministrative": "8891000000", "researchAndDevelopment": "None", "operatingExpenses": "8891000000", "investmentIncomeNet": "None", "netInterestIncome": "-129000000", "interestIncome": "None", "interestExpense": "129000000", "nonInterestIncome": "None", "otherNonOperatingIncome": "None", "depreciation": "None", "depreciationAndAmortization": "611000000", "incomeBeforeTax": "-4246000000", "incomeTaxExpense": "-1393000000", "interestAndDebtExpense": "None", "netIncomeFromContinuingOperations": "-4036000000", "comprehensiveIncomeNetOfTax": "None", "ebit": "-4117000000", "ebitda": "-3506000000", "netIncome": "-2853000000"}, {"fiscalDateEnding": "2024-11-30", "reportedCurrency": "USD", "grossProfit": "6779000000", "totalRevenue": "39459000000", "costOfRevenue": "32680000000", "costofGoodsAndServicesSold": "32680000000", "operatingIncome": "-236000000", "sellingGeneralAndAdministrative": "7015000000", "researchAndDevelopment": "None", "operatingExpenses": "7024000000", "investmentIncomeNet": "None", "netInterestIncome": "-122000000", "interestIncome": "None", "interestExpense": "122000000", "nonInterestIncome": "None", "otherNonOperatingIncome": "None", "depreciation": "None", "depreciationAndAmortization": "625000000", "incomeBeforeTax": "-415000000", "incomeTaxExpense": "66000000", "interestAndDebtExpense": "None", "netIncomeFromContinuingOperations": "-605000000", "comprehensiveIncomeNetOfTax": "None", "ebit": "-861000000", "ebitda": "-236000000", "netIncome": "-265000000"}, {"fiscalDateEnding": "2024-08-31", "reportedCurrency": "USD", "grossProfit": "6253000000", "totalRevenue": "37547000000", "costOfRevenue": "31294000000", "costofGoodsAndServicesSold": "31294000000", "operatingIncome": "-977000000", "sellingGeneralAndAdministrative": "5307000000", "researchAndDevelopment": "414000000", "operatingExpenses": "7230000000", "investmentIncomeNet": "None", "netInterestIncome": "-131000000", "interestIncome": "None", "interestExpense": "131000000", "nonInterestIncome": "None", "otherNonOperatingIncome": "None", "depreciation": "None", "depreciationAndAmortization": "622000000", "incomeBeforeTax": "-998000000", "incomeTaxExpense": "2082000000", "interestAndDebtExpense": "None", "netIncomeFromContinuingOperations": "-3078000000", "comprehensiveIncomeNetOfTax": "None", "ebit": "-867000000", "ebitda": "-245000000", "netIncome": "-3005000000"}, {"fiscalDateEnding": "2024-05-31", "reportedCurrency": "USD", "grossProfit": "6459000000", "totalRevenue": "36351000000", "costOfRevenue": "29892000000", "costofGoodsAndServicesSold": "29892000000", "operatingIncome": "111000000", "sellingGeneralAndAdministrative": "6393000000", "researchAndDevelopment": "None", "operatingExpenses": "6348000000", "investmentIncomeNet": "None", "netInterestIncome": "-113000000", "interestIncome": "None", "interestExpense": "113000000", "nonInterestIncome": "None", "otherNonOperatingIncome": "None", "depreciation": "None", "depreciationAndAmortization": "607000000", "incomeBeforeTax": "251000000", "incomeTaxExpense": "20000000", "interestAndDebtExpense": "None", "netIncomeFromContinuingOperations": "230000000", "comprehensiveIncomeNetOfTax": "None", "ebit": "364000000", "ebitda": "971000000", "netIncome": "344000000"}, {"fiscalDateEnding": "2024-02-29", "reportedCurrency": "USD", "grossProfit": "7040000000", "totalRevenue": "37052000000", "costOfRevenue": "30012000000", "costofGoodsAndServicesSold": "30012000000", "operatingIncome": "-13171000000", "sellingGeneralAndAdministrative": "7921000000", "researchAndDevelopment": "None", "operatingExpenses": "20211000000", "investmentIncomeNet": "None", "netInterestIncome": "-138000000", "interestIncome": "None", "interestExpense": "138000000", "nonInterestIncome": "None", "otherNonOperatingIncome": "None", "depreciation": "None", "depreciationAndAmortization": "614000000", "incomeBeforeTax": "-13114000000", "incomeTaxExpense": "-782000000", "interestAndDebtExpense": "None", "netIncomeFromContinuingOperations": "-12322000000", "comprehensiveIncomeNetOfTax": "None", "ebit": "-12976000000", "ebitda": "-12362000000", "netIncome": "-5908000000"}, {"fiscalDateEnding": "2023-11-30", "reportedCurrency": "USD", "grossProfit": "6770000000", "totalRevenue": "36707000000", "costOfRevenue": "29937000000", "costofGoodsAndServicesSold": "29937000000", "operatingIncome": "-39000000", "sellingGeneralAndAdministrative": "6851000000", "researchAndDevelopment": "None", "operatingExpenses": "6809000000", "investmentIncomeNet": "None", "netInterestIncome": "-99000000", "interestIncome": "None", "interestExpense": "99000000", "nonInterestIncome": "None", "otherNonOperatingIncome": "None", "depreciation": "None", "depreciationAndAmortization": "616000000", "incomeBeforeTax": "-358000000", "incomeTaxExpense": "-74000000", "interestAndDebtExpense": "None", "netIncomeFromContinuingOperations": "-278000000", "comprehensiveIncomeNetOfTax": "None", "ebit": "-259000000", "ebitda": "357000000", "netIncome": "-67000000"}, {"fiscalDateEnding": "2023-08-31", "reportedCurrency": "USD", "grossProfit": "6475000000", "totalRevenue": "35422000000", "costOfRevenue": "28947000000", "costofGoodsAndServicesSold": "28947000000", "operatingIncome": "-451000000", "sellingGeneralAndAdministrative": "6215000000", "researchAndDevelopment": "371000000", "operatingExpenses": "6926000000", "investmentIncomeNet": "None", "netInterestIncome": "-155000000", "interestIncome": "None", "interestExpense": "155000000", "nonInterestIncome": "None", "otherNonOperatingIncome": "None", "depreciation": "None", "depreciationAndAmortization": "605000000", "incomeBeforeTax": "-359000000", "incomeTaxExpense": "151000000", "interestAndDebtExpense": "None", "netIncomeFromContinuingOperations": "-209000000", "comprehensiveIncomeNetOfTax": "None", "ebit": "936000000", "ebitda": "1541000000", "netIncome": "-180000000"}, {"fiscalDateEnding": "2023-05-31", "reportedCurrency": "USD", "grossProfit": "6589000000", "totalRevenue": "35415000000", "costOfRevenue": "28826000000", "costofGoodsAndServicesSold": "28826000000", "operatingIncome": "-477000000", "sellingGeneralAndAdministrative": "7123000000", "researchAndDevelopment": "None", "operatingExpenses": "7066000000", "investmentIncomeNet": "None", "netInterestIncome": "-173000000", "interestIncome": "None", "interestExpense": "173000000", "nonInterestIncome": "None", "otherNonOperatingIncome": "268000000", "depreciation": "None", "depreciationAndAmortization": "597000000", "incomeBeforeTax": "-378000000", "incomeTaxExpense": "330000000", "interestAndDebtExpense": "None", "netIncomeFromContinuingOperations": "-48000000", "comprehensiveIncomeNetOfTax": "None", "ebit": "-113000000", "ebitda": "484000000", "netIncome": "118000000"}, {"fiscalDateEnding": "2023-02-28", "reportedCurrency": "USD", "grossProfit": "7055000000", "totalRevenue": "34862000000", "costOfRevenue": "27807000000", "costofGoodsAndServicesSold": "27807000000", "operatingIncome": "197000000", "sellingGeneralAndAdministrative": "6934000000", "researchAndDevelopment": "None", "operatingExpenses": "6858000000", "investmentIncomeNet": "None", "netInterestIncome": "-141000000", "interestIncome": "None", "interestExpense": "141000000", "nonInterestIncome": "None", "otherNonOperatingIncome": "552000000", "depreciation": "None", "depreciationAndAmortization": "560000000", "incomeBeforeTax": "607000000", "incomeTaxExpense": "70000000", "interestAndDebtExpense": "None", "netIncomeFromContinuingOperations": "537000000", "comprehensiveIncomeNetOfTax": "None", "ebit": "748000000", "ebitda": "1308000000", "netIncome": "703000000"}, {"fiscalDateEnding": "2022-11-30", "reportedCurrency": "USD", "grossProfit": "6953000000", "totalRevenue": "33382000000", "costOfRevenue": "26429000000", "costofGoodsAndServicesSold": "26429000000", "operatingIncome": "-6151000000", "sellingGeneralAndAdministrative": "13158000000", "researchAndDevelopment": "None", "operatingExpenses": "13104000000", "investmentIncomeNet": "None", "netInterestIncome": "-110000000", "interestIncome": "None", "interestExpense": "110000000", "nonInterestIncome": "None", "otherNonOperatingIncome": "992000000", "depreciation": "None", "depreciationAndAmortization": "495000000", "incomeBeforeTax": "-5262000000", "incomeTaxExpense": "1447000000", "interestAndDebtExpense": "None", "netIncomeFromContinuingOperations": "-3816000000", "comprehensiveIncomeNetOfTax": "None", "ebit": "172000000", "ebitda": "667000000", "netIncome": "-3721000000"}, {"fiscalDateEnding": "2022-08-31", "reportedCurrency": "USD", "grossProfit": "6411000000", "totalRevenue": "32449000000", "costOfRevenue": "26038000000", "costofGoodsAndServicesSold": "26038000000", "operatingIncome": "-822000000", "sellingGeneralAndAdministrative": "6458000000", "researchAndDevelopment": "307000000", "operatingExpenses": "7233000000", "investmentIncomeNet": "None", "netInterestIncome": "-105000000", "interestIncome": "None", "interestExpense": "105000000", "nonInterestIncome": "None", "otherNonOperatingIncome": "None", "depreciation": "None", "depreciationAndAmortization": "488000000", "incomeBeforeTax": "-735000000", "incomeTaxExpense": "235000000", "interestAndDebtExpense": "None", "netIncomeFromContinuingOperations": "-502000000", "comprehensiveIncomeNetOfTax": "None", "ebit": "1003000000", "ebitda": "1491000000", "netIncome": "-415000000"}, {"fiscalDateEnding": "2022-05-31", "reportedCurrency": "USD", "grossProfit": "6572000000", "totalRevenue": "32597000000", "costOfRevenue": "26025000000", "costofGoodsAndServicesSold": "26025000000", "operatingIncome": "-320000000", "sellingGeneralAndAdministrative": "7019000000", "researchAndDevelopment": "None", "operatingExpenses": "6892000000", "investmentIncomeNet": "None", "netInterestIncome": "-108000000", "interestIncome": "None", "interestExpense": "108000000", "nonInterestIncome": "None", "otherNonOperatingIncome": "None", "depreciation": "None", "depreciationAndAmortization": "478000000", "incomeBeforeTax": "-13000000", "incomeTaxExpense": "242000000", "interestAndDebtExpense": "None", "netIncomeFromContinuingOperations": "229000000", "comprehensiveIncomeNetOfTax": "None", "ebit": "159000000", "ebitda": "637000000", "netIncome": "289000000"}, {"fiscalDateEnding": "2022-02-28", "reportedCurrency": "USD", "grossProfit": "7709000000", "totalRevenue": "33756000000", "costOfRevenue": "26047000000", "costofGoodsAndServicesSold": "26047000000", "operatingIncome": "1246000000", "sellingGeneralAndAdministrative": "6565000000", "researchAndDevelopment": "None", "operatingExpenses": "6463000000", "investmentIncomeNet": "None", "netInterestIncome": "-100000000", "interestIncome": "None", "interestExpense": "100000000", "nonInterestIncome": "None", "otherNonOperatingIncome": "None", "depreciation": "None", "depreciationAndAmortization": "524000000", "incomeBeforeTax": "977000000", "incomeTaxExpense": "172000000", "interestAndDebtExpense": "None", "netIncomeFromContinuingOperations": "806000000", "comprehensiveIncomeNetOfTax": "None", "ebit": "1017000000", "ebitda": "1541000000", "netIncome": "883000000"}, {"fiscalDateEnding": "2021-11-30", "reportedCurrency": "USD", "grossProfit": "7575000000", "totalRevenue": "33901000000", "costOfRevenue": "26326000000", "costofGoodsAndServicesSold": "26326000000", "operatingIncome": "1283000000", "sellingGeneralAndAdministrative": "6391000000", "researchAndDevelopment": "None", "operatingExpenses": "6292000000", "investmentIncomeNet": "None", "netInterestIncome": "-86000000", "interestIncome": "None", "interestExpense": "86000000", "nonInterestIncome": "None", "otherNonOperatingIncome": "2617000000", "depreciation": "None", "depreciationAndAmortization": "500000000", "incomeBeforeTax": "3807000000", "incomeTaxExpense": "275000000", "interestAndDebtExpense": "None", "netIncomeFromContinuingOperations": "3531000000", "comprehensiveIncomeNetOfTax": "None", "ebit": "1079000000", "ebitda": "1579000000", "netIncome": "3580000000"}, {"fiscalDateEnding": "2021-08-31", "reportedCurrency": "USD", "grossProfit": "7504000000", "totalRevenue": "34262000000", "costOfRevenue": "26758000000", "costofGoodsAndServicesSold": "26758000000", "operatingIncome": "910000000", "sellingGeneralAndAdministrative": "6650000000", "researchAndDevelopment": "None", "operatingExpenses": "6594000000", "investmentIncomeNet": "None", "netInterestIncome": "-88000000", "interestIncome": "None", "interestExpense": "88000000", "nonInterestIncome": "None", "otherNonOperatingIncome": "88000000", "depreciation": "None", "depreciationAndAmortization": "518000000", "incomeBeforeTax": "931000000", "incomeTaxExpense": "586000000", "interestAndDebtExpense": "None", "netIncomeFromContinuingOperations": "344000000", "comprehensiveIncomeNetOfTax": "None", "ebit": "1152000000", "ebitda": "1670000000", "netIncome": "627000000"}, {"fiscalDateEnding": "2021-05-31", "reportedCurrency": "USD", "grossProfit": "7153000000", "totalRevenue": "34030000000", "costOfRevenue": "26877000000", "costofGoodsAndServicesSold": "26877000000", "operatingIncome": "1134000000", "sellingGeneralAndAdministrative": "6116000000", "researchAndDevelopment": "None", "operatingExpenses": "6019000000", "investmentIncomeNet": "None", "netInterestIncome": "-545000000", "interestIncome": "None", "interestExpense": "545000000", "nonInterestIncome": "None", "otherNonOperatingIncome": "159000000", "depreciation": "None", "depreciationAndAmortization": "507000000", "incomeBeforeTax": "1323000000", "incomeTaxExpense": "246000000", "interestAndDebtExpense": "None", "netIncomeFromContinuingOperations": "1078000000", "comprehensiveIncomeNetOfTax": "None", "ebit": "1086000000", "ebitda": "1593000000", "netIncome": "1197000000"}, {"fiscalDateEnding": "2021-02-28", "reportedCurrency": "USD", "grossProfit": "6781000000", "totalRevenue": "32779000000", "costOfRevenue": "25998000000", "costofGoodsAndServicesSold": "25998000000", "operatingIncome": "832000000", "sellingGeneralAndAdministrative": "6029000000", "researchAndDevelopment": "None", "operatingExpenses": "5949000000", "investmentIncomeNet": "None", "netInterestIncome": "-137000000", "interestIncome": "137000000", "interestExpense": "137000000", "nonInterestIncome": "None", "otherNonOperatingIncome": "251000000", "depreciation": "None", "depreciationAndAmortization": "473000000", "incomeBeforeTax": "960000000", "incomeTaxExpense": "42000000", "interestAndDebtExpense": "None", "netIncomeFromContinuingOperations": "917000000", "comprehensiveIncomeNetOfTax": "None", "ebit": "736000000", "ebitda": "1209000000", "netIncome": "1026000000"}, {"fiscalDateEnding": "2020-11-30", "reportedCurrency": "USD", "grossProfit": "6630000000", "totalRevenue": "31438000000", "costOfRevenue": "24808000000", "costofGoodsAndServicesSold": "24808000000", "operatingIncome": "-535000000", "sellingGeneralAndAdministrative": "6207000000", "researchAndDevelopment": "None", "operatingExpenses": "7165000000", "investmentIncomeNet": "None", "netInterestIncome": "-140000000", "interestIncome": "135000000", "interestExpense": "136000000", "nonInterestIncome": "None", "otherNonOperatingIncome": "60000000", "depreciation": "None", "depreciationAndAmortization": "475000000", "incomeBeforeTax": "-593000000", "incomeTaxExpense": "207000000", "interestAndDebtExpense": "None", "netIncomeFromContinuingOperations": "-321000000", "comprehensiveIncomeNetOfTax": "None", "ebit": "808000000", "ebitda": "1283000000", "netIncome": "-308000000"}, {"fiscalDateEnding": "2020-08-31", "reportedCurrency": "USD", "grossProfit": "6803000000", "totalRevenue": "34746000000", "costOfRevenue": "27943000000", "costofGoodsAndServicesSold": "27943000000", "operatingIncome": "608000000", "sellingGeneralAndAdministrative": "6210000000", "researchAndDevelopment": "300000000", "operatingExpenses": "6153000000", "investmentIncomeNet": "None", "netInterestIncome": "-157000000", "interestIncome": "152000000", "interestExpense": "157000000", "nonInterestIncome": "None", "otherNonOperatingIncome": "44000000", "depreciation": "None", "depreciationAndAmortization": "480000000", "incomeBeforeTax": "528000000", "incomeTaxExpense": "210000000", "interestAndDebtExpense": "None", "netIncomeFromContinuingOperations": "329000000", "comprehensiveIncomeNetOfTax": "None", "ebit": "510000000", "ebitda": "990000000", "netIncome": "373000000"}, {"fiscalDateEnding": "2020-05-31", "reportedCurrency": "USD", "grossProfit": "5958000000", "totalRevenue": "30364000000", "costOfRevenue": "24406000000", "costofGoodsAndServicesSold": "24406000000", "operatingIncome": "-1683000000", "sellingGeneralAndAdministrative": "8265000000", "researchAndDevelopment": "None", "operatingExpenses": "7641000000", "investmentIncomeNet": "None", "netInterestIncome": "-155000000", "interestIncome": "153000000", "interestExpense": "148000000", "nonInterestIncome": "None", "otherNonOperatingIncome": "-34000000", "depreciation": "None", "depreciationAndAmortization": "478000000", "incomeBeforeTax": "-1857000000", "incomeTaxExpense": "43000000", "interestAndDebtExpense": "None", "netIncomeFromContinuingOperations": "-1733000000", "comprehensiveIncomeNetOfTax": "None", "ebit": "110000000", "ebitda": "588000000", "netIncome": "-1708000000"}, {"fiscalDateEnding": "2020-02-29", "reportedCurrency": "USD", "grossProfit": "7018000000", "totalRevenue": "31336000000", "costOfRevenue": "24318000000", "costofGoodsAndServicesSold": "24318000000", "operatingIncome": "1136000000", "sellingGeneralAndAdministrative": "6308000000", "researchAndDevelopment": "None", "operatingExpenses": "5882000000", "investmentIncomeNet": "None", "netInterestIncome": "-162000000", "interestIncome": "169000000", "interestExpense": "156000000", "nonInterestIncome": "None", "otherNonOperatingIncome": "25000000", "depreciation": "None", "depreciationAndAmortization": "492000000", "incomeBeforeTax": "1019000000", "incomeTaxExpense": "149000000", "interestAndDebtExpense": "None", "netIncomeFromContinuingOperations": "937000000", "comprehensiveIncomeNetOfTax": "None", "ebit": "1070000000", "ebitda": "1562000000", "netIncome": "946000000"}, {"fiscalDateEnding": "2019-11-30", "reportedCurrency": "USD", "grossProfit": "7262000000", "totalRevenue": "34339000000", "costOfRevenue": "27077000000", "costofGoodsAndServicesSold": "27077000000", "operatingIncome": "921000000", "sellingGeneralAndAdministrative": "6262000000", "researchAndDevelopment": "None", "operatingExpenses": "6249000000", "investmentIncomeNet": "None", "netInterestIncome": "-166000000", "interestIncome": "176000000", "interestExpense": "166000000", "nonInterestIncome": "None", "otherNonOperatingIncome": "35000000", "depreciation": "None", "depreciationAndAmortization": "477000000", "incomeBeforeTax": "786000000", "incomeTaxExpense": "23000000", "interestAndDebtExpense": "None", "netIncomeFromContinuingOperations": "850000000", "comprehensiveIncomeNetOfTax": "None", "ebit": "939000000", "ebitda": "1416000000", "netIncome": "845000000"}, {"fiscalDateEnding": "2019-08-31", "reportedCurrency": "USD", "grossProfit": "7227000000", "totalRevenue": "33954000000", "costOfRevenue": "26727000000", "costofGoodsAndServicesSold": "26727000000", "operatingIncome": "878000000", "sellingGeneralAndAdministrative": "6408000000", "researchAndDevelopment": "273000000", "operatingExpenses": "6349000000", "investmentIncomeNet": "None", "netInterestIncome": "-175000000", "interestIncome": "183000000", "interestExpense": "175000000", "nonInterestIncome": "None", "otherNonOperatingIncome": "2000000", "depreciation": "None", "depreciationAndAmortization": "526000000", "incomeBeforeTax": "712000000", "incomeTaxExpense": "26000000", "interestAndDebtExpense": "None", "netIncomeFromContinuingOperations": "682000000", "comprehensiveIncomeNetOfTax": "None", "ebit": "832000000", "ebitda": "1358000000", "netIncome": "677000000"}, {"fiscalDateEnding": "2019-05-31", "reportedCurrency": "USD", "grossProfit": "7453000000", "totalRevenue": "34591000000", "costOfRevenue": "27138000000", "costofGoodsAndServicesSold": "27138000000", "operatingIncome": "1203000000", "sellingGeneralAndAdministrative": "6235000000", "researchAndDevelopment": "None", "operatingExpenses": "6250000000", "investmentIncomeNet": "None", "netInterestIncome": "-187000000", "interestIncome": "22000000", "interestExpense": "187000000", "nonInterestIncome": "None", "otherNonOperatingIncome": "177000000", "depreciation": "None", "depreciationAndAmortization": "522000000", "incomeBeforeTax": "1193000000", "incomeTaxExpense": "156000000", "interestAndDebtExpense": "None", "netIncomeFromContinuingOperations": "1042000000", "comprehensiveIncomeNetOfTax": "None", "ebit": "1090000000", "ebitda": "1612000000", "netIncome": "1025000000"}, {"fiscalDateEnding": "2019-02-28", "reportedCurrency": "USD", "grossProfit": "7755000000", "totalRevenue": "34528000000", "costOfRevenue": "26773000000", "costofGoodsAndServicesSold": "26773000000", "operatingIncome": "1517000000", "sellingGeneralAndAdministrative": "6320000000", "researchAndDevelopment": "0", "operatingExpenses": "6238000000", "investmentIncomeNet": "None", "netInterestIncome": "-181000000", "interestIncome": "None", "interestExpense": "181000000", "nonInterestIncome": "None", "otherNonOperatingIncome": "28000000", "depreciation": "None", "depreciationAndAmortization": "500000000", "incomeBeforeTax": "1364000000", "incomeTaxExpense": "226000000", "interestAndDebtExpense": "None", "netIncomeFromContinuingOperations": "1130000000", "comprehensiveIncomeNetOfTax": "None", "ebit": "1555000000", "ebitda": "2055000000", "netIncome": "1156000000"}, {"fiscalDateEnding": "2018-11-30", "reportedCurrency": "USD", "grossProfit": "7641000000", "totalRevenue": "33793000000", "costOfRevenue": "26152000000", "costofGoodsAndServicesSold": "26152000000", "operatingIncome": "1400000000", "sellingGeneralAndAdministrative": "6280000000", "researchAndDevelopment": "0", "operatingExpenses": "6241000000", "investmentIncomeNet": "None", "netInterestIncome": "None", "interestIncome": "None", "interestExpense": "161000000", "nonInterestIncome": "None", "otherNonOperatingIncome": "26000000", "depreciation": "None", "depreciationAndAmortization": "490000000", "incomeBeforeTax": "1280000000", "incomeTaxExpense": "180000000", "interestAndDebtExpense": "None", "netIncomeFromContinuingOperations": "1085000000", "comprehensiveIncomeNetOfTax": "None", "ebit": "1327000000", "ebitda": "1817000000", "netIncome": "1123000000"}, {"fiscalDateEnding": "2018-08-31", "reportedCurrency": "USD", "grossProfit": "7575000000", "totalRevenue": "33442000000", "costOfRevenue": "25867000000", "costofGoodsAndServicesSold": "25867000000", "operatingIncome": "1396000000", "sellingGeneralAndAdministrative": "6113000000", "researchAndDevelopment": "254000000", "operatingExpenses": "6064000000", "investmentIncomeNet": "None", "netInterestIncome": "None", "interestIncome": "None", "interestExpense": "159000000", "nonInterestIncome": "None", "otherNonOperatingIncome": "280000000", "depreciation": "None", "depreciationAndAmortization": "470000000", "incomeBeforeTax": "1673000000", "incomeTaxExpense": "159000000", "interestAndDebtExpense": "None", "netIncomeFromContinuingOperations": "1502000000", "comprehensiveIncomeNetOfTax": "None", "ebit": "1062000000", "ebitda": "1532000000", "netIncome": "1512000000"}, {"fiscalDateEnding": "2018-05-31", "reportedCurrency": "USD", "grossProfit": "7780000000", "totalRevenue": "34334000000", "costOfRevenue": "26554000000", "costofGoodsAndServicesSold": "26554000000", "operatingIncome": "1597000000", "sellingGeneralAndAdministrative": "6231000000", "researchAndDevelopment": "0", "operatingExpenses": "6183000000", "investmentIncomeNet": "None", "netInterestIncome": "None", "interestIncome": "None", "interestExpense": "157000000", "nonInterestIncome": "None", "otherNonOperatingIncome": "11000000", "depreciation": "None", "depreciationAndAmortization": "442000000", "incomeBeforeTax": "1455000000", "incomeTaxExpense": "109000000", "interestAndDebtExpense": "None", "netIncomeFromContinuingOperations": "1331000000", "comprehensiveIncomeNetOfTax": "None", "ebit": "1441000000", "ebitda": "1883000000", "netIncome": "1342000000"}, {"fiscalDateEnding": "2018-02-28", "reportedCurrency": "USD", "grossProfit": "8096000000", "totalRevenue": "33021000000", "costOfRevenue": "24925000000", "costofGoodsAndServicesSold": "24925000000", "operatingIncome": "1977000000", "sellingGeneralAndAdministrative": "6318000000", "researchAndDevelopment": "0", "operatingExpenses": "6119000000", "investmentIncomeNet": "None", "netInterestIncome": "None", "interestIncome": "None", "interestExpense": "151000000", "nonInterestIncome": "None", "otherNonOperatingIncome": "23000000", "depreciation": "None", "depreciationAndAmortization": "442000000", "incomeBeforeTax": "1852000000", "incomeTaxExpense": "503000000", "interestAndDebtExpense": "None", "netIncomeFromContinuingOperations": "1335000000", "comprehensiveIncomeNetOfTax": "None", "ebit": "1943000000", "ebitda": "2385000000", "netIncome": "1349000000"}, {"fiscalDateEnding": "2017-11-30", "reportedCurrency": "USD", "grossProfit": "7341000000", "totalRevenue": "30740000000", "costOfRevenue": "23399000000", "costofGoodsAndServicesSold": "23399000000", "operatingIncome": "1319000000", "sellingGeneralAndAdministrative": "5907000000", "researchAndDevelopment": "0", "operatingExpenses": "6022000000", "investmentIncomeNet": "None", "netInterestIncome": "None", "interestIncome": "None", "interestExpense": "149000000", "nonInterestIncome": "None", "otherNonOperatingIncome": "-137000000", "depreciation": "None", "depreciationAndAmortization": "416000000", "incomeBeforeTax": "1049000000", "incomeTaxExpense": "227000000", "interestAndDebtExpense": "None", "netIncomeFromContinuingOperations": "809000000", "comprehensiveIncomeNetOfTax": "None", "ebit": "1454000000", "ebitda": "1870000000", "netIncome": "821000000"}, {"fiscalDateEnding": "2017-08-31", "reportedCurrency": "USD", "grossProfit": "7340000000", "totalRevenue": "30149000000", "costOfRevenue": "22809000000", "costofGoodsAndServicesSold": "22809000000", "operatingIncome": "1114000000", "sellingGeneralAndAdministrative": "6218000000", "researchAndDevelopment": "245000000", "operatingExpenses": "6226000000", "investmentIncomeNet": "None", "netInterestIncome": "None", "interestIncome": "None", "interestExpense": "193000000", "nonInterestIncome": "None", "otherNonOperatingIncome": "4000000", "depreciation": "None", "depreciationAndAmortization": "410000000", "incomeBeforeTax": "933000000", "incomeTaxExpense": "126000000", "interestAndDebtExpense": "None", "netIncomeFromContinuingOperations": "806000000", "comprehensiveIncomeNetOfTax": "None", "ebit": "1729000000", "ebitda": "2139000000", "netIncome": "802000000"}, {"fiscalDateEnding": "2017-05-31", "reportedCurrency": "USD", "grossProfit": "7145000000", "totalRevenue": "30118000000", "costOfRevenue": "22973000000", "costofGoodsAndServicesSold": "22973000000", "operatingIncome": "1517000000", "sellingGeneralAndAdministrative": "5712000000", "researchAndDevelopment": "0", "operatingExpenses": "5628000000", "investmentIncomeNet": "None", "netInterestIncome": "None", "interestIncome": "None", "interestExpense": "155000000", "nonInterestIncome": "None", "otherNonOperatingIncome": "-29000000", "depreciation": "None", "depreciationAndAmortization": "413000000", "incomeBeforeTax": "1333000000", "incomeTaxExpense": "168000000", "interestAndDebtExpense": "None", "netIncomeFromContinuingOperations": "1186000000", "comprehensiveIncomeNetOfTax": "None", "ebit": "1452000000", "ebitda": "1865000000", "netIncome": "1162000000"}, {"fiscalDateEnding": "2017-02-28", "reportedCurrency": "USD", "grossProfit": "7561000000", "totalRevenue": "29446000000", "costOfRevenue": "21885000000", "costofGoodsAndServicesSold": "21885000000", "operatingIncome": "1479000000", "sellingGeneralAndAdministrative": "6124000000", "researchAndDevelopment": "0", "operatingExpenses": "6082000000", "investmentIncomeNet": "None", "netInterestIncome": "None", "interestIncome": "None", "interestExpense": "172000000", "nonInterestIncome": "None", "otherNonOperatingIncome": "1000000", "depreciation": "None", "depreciationAndAmortization": "412000000", "incomeBeforeTax": "1308000000", "incomeTaxExpense": "246000000", "interestAndDebtExpense": "None", "netIncomeFromContinuingOperations": "1046000000", "comprehensiveIncomeNetOfTax": "None", "ebit": "1779000000", "ebitda": "2191000000", "netIncome": "1060000000"}, {"fiscalDateEnding": "2016-11-30", "reportedCurrency": "USD", "grossProfit": "7116000000", "totalRevenue": "28501000000", "costOfRevenue": "21385000000", "costofGoodsAndServicesSold": "21385000000", "operatingIncome": "1447000000", "sellingGeneralAndAdministrative": "5686000000", "researchAndDevelopment": "0", "operatingExpenses": "5669000000", "investmentIncomeNet": "None", "netInterestIncome": "None", "interestIncome": "None", "interestExpense": "173000000", "nonInterestIncome": "None", "otherNonOperatingIncome": "13000000", "depreciation": "None", "depreciationAndAmortization": "419000000", "incomeBeforeTax": "1287000000", "incomeTaxExpense": "220000000", "interestAndDebtExpense": "None", "netIncomeFromContinuingOperations": "1055000000", "comprehensiveIncomeNetOfTax": "None", "ebit": "1380000000", "ebitda": "1799000000", "netIncome": "1054000000"}, {"fiscalDateEnding": "2016-08-31", "reportedCurrency": "USD", "grossProfit": "6931000000", "totalRevenue": "28636000000", "costOfRevenue": "21705000000", "costofGoodsAndServicesSold": "21705000000", "operatingIncome": "1140000000", "sellingGeneralAndAdministrative": "5825000000", "researchAndDevelopment": "238000000", "operatingExpenses": "5791000000", "investmentIncomeNet": "None", "netInterestIncome": "None", "interestIncome": "None", "interestExpense": "171000000", "nonInterestIncome": "None", "otherNonOperatingIncome": "273000000", "depreciation": "None", "depreciationAndAmortization": "447000000", "incomeBeforeTax": "1242000000", "incomeTaxExpense": "207000000", "interestAndDebtExpense": "None", "netIncomeFromContinuingOperations": "1026000000", "comprehensiveIncomeNetOfTax": "None", "ebit": "1352000000", "ebitda": "1799000000", "netIncome": "1030000000"}, {"fiscalDateEnding": "2016-05-31", "reportedCurrency": "USD", "grossProfit": "7433000000", "totalRevenue": "29498000000", "costOfRevenue": "22065000000", "costofGoodsAndServicesSold": "22065000000", "operatingIncome": "1533000000", "sellingGeneralAndAdministrative": "5967000000", "researchAndDevelopment": "0", "operatingExpenses": "5900000000", "investmentIncomeNet": "None", "netInterestIncome": "None", "interestIncome": "None", "interestExpense": "147000000", "nonInterestIncome": "None", "otherNonOperatingIncome": "43000000", "depreciation": "None", "depreciationAndAmortization": "447000000", "incomeBeforeTax": "1429000000", "incomeTaxExpense": "322000000", "interestAndDebtExpense": "None", "netIncomeFromContinuingOperations": "1092000000", "comprehensiveIncomeNetOfTax": "None", "ebit": "1506000000", "ebitda": "1953000000", "netIncome": "1103000000"}, {"fiscalDateEnding": "2016-02-29", "reportedCurrency": "USD", "grossProfit": "7867000000", "totalRevenue": "30184000000", "costOfRevenue": "22317000000", "costofGoodsAndServicesSold": "22317000000", "operatingIncome": "1860000000", "sellingGeneralAndAdministrative": "6084000000", "researchAndDevelopment": "0", "operatingExpenses": "6007000000", "investmentIncomeNet": "None", "netInterestIncome": "None", "interestIncome": "None", "interestExpense": "140000000", "nonInterestIncome": "None", "otherNonOperatingIncome": "-487000000", "depreciation": "None", "depreciationAndAmortization": "442000000", "incomeBeforeTax": "1233000000", "incomeTaxExpense": "301000000", "interestAndDebtExpense": "None", "netIncomeFromContinuingOperations": "923000000", "comprehensiveIncomeNetOfTax": "None", "ebit": "1911000000", "ebitda": "2353000000", "netIncome": "930000000"}, {"fiscalDateEnding": "2015-11-30", "reportedCurrency": "USD", "grossProfit": "7419000000", "totalRevenue": "29033000000", "costOfRevenue": "21614000000", "costofGoodsAndServicesSold": "21614000000", "operatingIncome": "1468000000", "sellingGeneralAndAdministrative": "6034000000", "researchAndDevelopment": "0", "operatingExpenses": "5951000000", "investmentIncomeNet": "None", "netInterestIncome": "None", "interestIncome": "None", "interestExpense": "138000000", "nonInterestIncome": "None", "otherNonOperatingIncome": "-46000000", "depreciation": "None", "depreciationAndAmortization": "382000000", "incomeBeforeTax": "1284000000", "incomeTaxExpense": "167000000", "interestAndDebtExpense": "None", "netIncomeFromContinuingOperations": "1106000000", "comprehensiveIncomeNetOfTax": "None", "ebit": "1560000000", "ebitda": "1942000000", "netIncome": "1110000000"}, {"fiscalDateEnding": "2015-08-31", "reportedCurrency": "USD", "grossProfit": "7265000000", "totalRevenue": "28522000000", "costOfRevenue": "21257000000", "costofGoodsAndServicesSold": "21257000000", "operatingIncome": "836000000", "sellingGeneralAndAdministrative": "6429000000", "researchAndDevelopment": "178000000", "operatingExpenses": "6429000000", "investmentIncomeNet": "None", "netInterestIncome": "None", "interestIncome": "None", "interestExpense": "255000000", "nonInterestIncome": "None", "otherNonOperatingIncome": "-414000000", "depreciation": "None", "depreciationAndAmortization": "478000000", "incomeBeforeTax": "-32000000", "incomeTaxExpense": "64000000", "interestAndDebtExpense": "None", "netIncomeFromContinuingOperations": "914000000", "comprehensiveIncomeNetOfTax": "None", "ebit": "1473000000", "ebitda": "1951000000", "netIncome": "26000000"}, {"fiscalDateEnding": "2015-05-31", "reportedCurrency": "USD", "grossProfit": "7481000000", "totalRevenue": "28795000000", "costOfRevenue": "21314000000", "costofGoodsAndServicesSold": "21314000000", "operatingIncome": "1401000000", "sellingGeneralAndAdministrative": "6080000000", "researchAndDevelopment": "0", "operatingExpenses": "6080000000", "investmentIncomeNet": "None", "netInterestIncome": "None", "interestIncome": "None", "interestExpense": "151000000", "nonInterestIncome": "None", "otherNonOperatingIncome": "468000000", "depreciation": "None", "depreciationAndAmortization": "438000000", "incomeBeforeTax": "1718000000", "incomeTaxExpense": "408000000", "interestAndDebtExpense": "None", "netIncomeFromContinuingOperations": "1303000000", "comprehensiveIncomeNetOfTax": "None", "ebit": "1512000000", "ebitda": "1950000000", "netIncome": "1302000000"}, {"fiscalDateEnding": "2015-02-28", "reportedCurrency": "USD", "grossProfit": "6882000000", "totalRevenue": "26573000000", "costOfRevenue": "19691000000", "costofGoodsAndServicesSold": "19691000000", "operatingIncome": "1377000000", "sellingGeneralAndAdministrative": "5606000000", "researchAndDevelopment": "0", "operatingExpenses": "5505000000", "investmentIncomeNet": "None", "netInterestIncome": "None", "interestIncome": "None", "interestExpense": "144000000", "nonInterestIncome": "None", "otherNonOperatingIncome": "1218000000", "depreciation": "None", "depreciationAndAmortization": "507000000", "incomeBeforeTax": "2451000000", "incomeTaxExpense": "391000000", "interestAndDebtExpense": "None", "netIncomeFromContinuingOperations": "2052000000", "comprehensiveIncomeNetOfTax": "None", "ebit": "1469000000", "ebitda": "1976000000", "netIncome": "2042000000"}, {"fiscalDateEnding": "2014-11-30", "reportedCurrency": "USD", "grossProfit": "5296000000", "totalRevenue": "19554000000", "costOfRevenue": "14258000000", "costofGoodsAndServicesSold": "14258000000", "operatingIncome": "1054000000", "sellingGeneralAndAdministrative": "4404000000", "researchAndDevelopment": "0", "operatingExpenses": "4242000000", "investmentIncomeNet": "None", "netInterestIncome": "None", "interestIncome": "None", "interestExpense": "55000000", "nonInterestIncome": "None", "otherNonOperatingIncome": "None", "depreciation": "None", "depreciationAndAmortization": "319000000", "incomeBeforeTax": "1198000000", "incomeTaxExpense": "321000000", "interestAndDebtExpense": "None", "netIncomeFromContinuingOperations": "-14000000", "comprehensiveIncomeNetOfTax": "None", "ebit": "881000000", "ebitda": "1200000000", "netIncome": "850000000"}, {"fiscalDateEnding": "2014-08-31", "reportedCurrency": "USD", "grossProfit": "5327000000", "totalRevenue": "19057000000", "costOfRevenue": "13730000000", "costofGoodsAndServicesSold": "13730000000", "operatingIncome": "986000000", "sellingGeneralAndAdministrative": "4228000000", "researchAndDevelopment": "127000000", "operatingExpenses": "4358000000", "investmentIncomeNet": "None", "netInterestIncome": "None", "interestIncome": "None", "interestExpense": "43000000", "nonInterestIncome": "None", "otherNonOperatingIncome": "None", "depreciation": "None", "depreciationAndAmortization": "315000000", "incomeBeforeTax": "172000000", "incomeTaxExpense": "359000000", "interestAndDebtExpense": "None", "netIncomeFromContinuingOperations": "2031000000", "comprehensiveIncomeNetOfTax": "None", "ebit": "995000000", "ebitda": "1310000000", "netIncome": "-221000000"}, {"fiscalDateEnding": "2014-05-31", "reportedCurrency": "USD", "grossProfit": "5440000000", "totalRevenue": "19401000000", "costOfRevenue": "13961000000", "costofGoodsAndServicesSold": "13961000000", "operatingIncome": "1024000000", "sellingGeneralAndAdministrative": "4531000000", "researchAndDevelopment": "0", "operatingExpenses": "4416000000", "investmentIncomeNet": "None", "netInterestIncome": "None", "interestIncome": "None", "interestExpense": "35000000", "nonInterestIncome": "None", "otherNonOperatingIncome": "None", "depreciation": "None", "depreciationAndAmortization": "338000000", "incomeBeforeTax": "1113000000", "incomeTaxExpense": "357000000", "interestAndDebtExpense": "None", "netIncomeFromContinuingOperations": "0", "comprehensiveIncomeNetOfTax": "None", "ebit": "984000000", "ebitda": "1322000000", "netIncome": "714000000"}, {"fiscalDateEnding": "2014-02-28", "reportedCurrency": "USD", "grossProfit": "5650000000", "totalRevenue": "19605000000", "costOfRevenue": "13955000000", "costofGoodsAndServicesSold": "13955000000", "operatingIncome": "1217000000", "sellingGeneralAndAdministrative": "4550000000", "researchAndDevelopment": "0", "operatingExpenses": "4433000000", "investmentIncomeNet": "None", "netInterestIncome": "None", "interestIncome": "None", "interestExpense": "37000000", "nonInterestIncome": "None", "otherNonOperatingIncome": "None", "depreciation": "None", "depreciationAndAmortization": "331000000", "incomeBeforeTax": "1121000000", "incomeTaxExpense": "391000000", "interestAndDebtExpense": "None", "netIncomeFromContinuingOperations": "0", "comprehensiveIncomeNetOfTax": "None", "ebit": "1108000000", "ebitda": "1439000000", "netIncome": "716000000"}, {"fiscalDateEnding": "2013-11-30", "reportedCurrency": "USD", "grossProfit": "5152000000", "totalRevenue": "18329000000", "costOfRevenue": "13177000000", "costofGoodsAndServicesSold": "13177000000", "operatingIncome": "967000000", "sellingGeneralAndAdministrative": "4335000000", "researchAndDevelopment": "0", "operatingExpenses": "4228000000", "investmentIncomeNet": "None", "netInterestIncome": "None", "interestIncome": "None", "interestExpense": "41000000", "nonInterestIncome": "None", "otherNonOperatingIncome": "None", "depreciation": "None", "depreciationAndAmortization": "332000000", "incomeBeforeTax": "1151000000", "incomeTaxExpense": "419000000", "interestAndDebtExpense": "None", "netIncomeFromContinuingOperations": "0", "comprehensiveIncomeNetOfTax": "None", "ebit": "746000000", "ebitda": "1078000000", "netIncome": "723000000"}, {"fiscalDateEnding": "2013-08-31", "reportedCurrency": "USD", "grossProfit": "5191000000", "totalRevenue": "17941000000", "costOfRevenue": "12750000000", "costofGoodsAndServicesSold": "12750000000", "operatingIncome": "911000000", "sellingGeneralAndAdministrative": "4000000000", "researchAndDevelopment": "100000000", "operatingExpenses": "4162000000", "investmentIncomeNet": "None", "netInterestIncome": "None", "interestIncome": "None", "interestExpense": "55000000", "nonInterestIncome": "None", "otherNonOperatingIncome": "None", "depreciation": "None", "depreciationAndAmortization": "325000000", "incomeBeforeTax": "1017000000", "incomeTaxExpense": "360000000", "interestAndDebtExpense": "None", "netIncomeFromContinuingOperations": "0", "comprehensiveIncomeNetOfTax": "None", "ebit": "878000000", "ebitda": "1203000000", "netIncome": "657000000"}, {"fiscalDateEnding": "2013-05-31", "reportedCurrency": "USD", "grossProfit": "5222000000", "totalRevenue": "18313000000", "costOfRevenue": "13091000000", "costofGoodsAndServicesSold": "13091000000", "operatingIncome": "907000000", "sellingGeneralAndAdministrative": "4265000000", "researchAndDevelopment": "0", "operatingExpenses": "4231000000", "investmentIncomeNet": "None", "netInterestIncome": "None", "interestIncome": "None", "interestExpense": "50000000", "nonInterestIncome": "None", "otherNonOperatingIncome": "None", "depreciation": "None", "depreciationAndAmortization": "318000000", "incomeBeforeTax": "1018000000", "incomeTaxExpense": "394000000", "interestAndDebtExpense": "None", "netIncomeFromContinuingOperations": "0", "comprehensiveIncomeNetOfTax": "None", "ebit": "881000000", "ebitda": "1199000000", "netIncome": "624000000"}, {"fiscalDateEnding": "2013-02-28", "reportedCurrency": "USD", "grossProfit": "5607000000", "totalRevenue": "18647000000", "costOfRevenue": "13040000000", "costofGoodsAndServicesSold": "13040000000", "operatingIncome": "1123000000", "sellingGeneralAndAdministrative": "4489000000", "researchAndDevelopment": "0", "operatingExpenses": "4392000000", "investmentIncomeNet": "None", "netInterestIncome": "None", "interestIncome": "None", "interestExpense": "23000000", "nonInterestIncome": "None", "otherNonOperatingIncome": "None", "depreciation": "None", "depreciationAndAmortization": "327000000", "incomeBeforeTax": "1192000000", "incomeTaxExpense": "436000000", "interestAndDebtExpense": "None", "netIncomeFromContinuingOperations": "0", "comprehensiveIncomeNetOfTax": "None", "ebit": "1102000000", "ebitda": "1429000000", "netIncome": "756000000"}, {"fiscalDateEnding": "2012-11-30", "reportedCurrency": "USD", "grossProfit": "5099000000", "totalRevenue": "17316000000", "costOfRevenue": "12217000000", "costofGoodsAndServicesSold": "12217000000", "operatingIncome": "727000000", "sellingGeneralAndAdministrative": "4322000000", "researchAndDevelopment": "0", "operatingExpenses": "4394000000", "investmentIncomeNet": "None", "netInterestIncome": "None", "interestIncome": "None", "interestExpense": "37000000", "nonInterestIncome": "None", "otherNonOperatingIncome": "None", "depreciation": "None", "depreciationAndAmortization": "313000000", "incomeBeforeTax": "668000000", "incomeTaxExpense": "255000000", "interestAndDebtExpense": "None", "netIncomeFromContinuingOperations": "0", "comprehensiveIncomeNetOfTax": "None", "ebit": "707000000", "ebitda": "1020000000", "netIncome": "413000000"}, {"fiscalDateEnding": "2012-08-31", "reportedCurrency": "USD", "grossProfit": "4835000000", "totalRevenue": "17073000000", "costOfRevenue": "12238000000", "costofGoodsAndServicesSold": "12238000000", "operatingIncome": "586000000", "sellingGeneralAndAdministrative": "4199000000", "researchAndDevelopment": "0", "operatingExpenses": "4249000000", "investmentIncomeNet": "None", "netInterestIncome": "None", "interestIncome": "None", "interestExpense": "37000000", "nonInterestIncome": "None", "otherNonOperatingIncome": "None", "depreciation": "None", "depreciationAndAmortization": "310000000", "incomeBeforeTax": "549000000", "incomeTaxExpense": "196000000", "interestAndDebtExpense": "None", "netIncomeFromContinuingOperations": "0", "comprehensiveIncomeNetOfTax": "None", "ebit": "586000000", "ebitda": "896000000", "netIncome": "353000000"}, {"fiscalDateEnding": "2012-05-31", "reportedCurrency": "USD", "grossProfit": "5014000000", "totalRevenue": "17752000000", "costOfRevenue": "12738000000", "costofGoodsAndServicesSold": "12738000000", "operatingIncome": "873000000", "sellingGeneralAndAdministrative": "4122000000", "researchAndDevelopment": "0", "operatingExpenses": "4141000000", "investmentIncomeNet": "None", "netInterestIncome": "None", "interestIncome": "None", "interestExpense": "17000000", "nonInterestIncome": "None", "otherNonOperatingIncome": "None", "depreciation": "None", "depreciationAndAmortization": "296000000", "incomeBeforeTax": "856000000", "incomeTaxExpense": "319000000", "interestAndDebtExpense": "None", "netIncomeFromContinuingOperations": "0", "comprehensiveIncomeNetOfTax": "None", "ebit": "873000000", "ebitda": "1169000000", "netIncome": "537000000"}, {"fiscalDateEnding": "2012-02-29", "reportedCurrency": "USD", "grossProfit": "5389000000", "totalRevenue": "18651000000", "costOfRevenue": "13262000000", "costofGoodsAndServicesSold": "13262000000", "operatingIncome": "1105000000", "sellingGeneralAndAdministrative": "4284000000", "researchAndDevelopment": "0", "operatingExpenses": "4284000000", "investmentIncomeNet": "None", "netInterestIncome": "None", "interestIncome": "None", "interestExpense": "17000000", "nonInterestIncome": "None", "otherNonOperatingIncome": "None", "depreciation": "None", "depreciationAndAmortization": "283000000", "incomeBeforeTax": "1088000000", "incomeTaxExpense": "405000000", "interestAndDebtExpense": "None", "netIncomeFromContinuingOperations": "0", "comprehensiveIncomeNetOfTax": "None", "ebit": "1105000000", "ebitda": "1388000000", "netIncome": "683000000"}, {"fiscalDateEnding": "2011-11-30", "reportedCurrency": "USD", "grossProfit": "5104000000", "totalRevenue": "18157000000", "costOfRevenue": "13053000000", "costofGoodsAndServicesSold": "13053000000", "operatingIncome": "900000000", "sellingGeneralAndAdministrative": "4204000000", "researchAndDevelopment": "0", "operatingExpenses": "4204000000", "investmentIncomeNet": "None", "netInterestIncome": "None", "interestIncome": "None", "interestExpense": "17000000", "nonInterestIncome": "None", "otherNonOperatingIncome": "None", "depreciation": "None", "depreciationAndAmortization": "277000000", "incomeBeforeTax": "883000000", "incomeTaxExpense": "329000000", "interestAndDebtExpense": "None", "netIncomeFromContinuingOperations": "0", "comprehensiveIncomeNetOfTax": "None", "ebit": "900000000", "ebitda": "1177000000", "netIncome": "554000000"}, {"fiscalDateEnding": "2011-08-31", "reportedCurrency": "USD", "grossProfit": "5069000000", "totalRevenue": "17967000000", "costOfRevenue": "12898000000", "costofGoodsAndServicesSold": "12898000000", "operatingIncome": "1266000000", "sellingGeneralAndAdministrative": "4177000000", "researchAndDevelopment": "0", "operatingExpenses": "3803000000", "investmentIncomeNet": "None", "netInterestIncome": "None", "interestIncome": "None", "interestExpense": "15000000", "nonInterestIncome": "None", "otherNonOperatingIncome": "None", "depreciation": "None", "depreciationAndAmortization": "288000000", "incomeBeforeTax": "1251000000", "incomeTaxExpense": "459000000", "interestAndDebtExpense": "None", "netIncomeFromContinuingOperations": "0", "comprehensiveIncomeNetOfTax": "None", "ebit": "1266000000", "ebitda": "1554000000", "netIncome": "792000000"}, {"fiscalDateEnding": "2011-05-31", "reportedCurrency": "USD", "grossProfit": "5154000000", "totalRevenue": "18371000000", "costOfRevenue": "13217000000", "costofGoodsAndServicesSold": "13217000000", "operatingIncome": "951000000", "sellingGeneralAndAdministrative": "4185000000", "researchAndDevelopment": "0", "operatingExpenses": "4203000000", "investmentIncomeNet": "None", "netInterestIncome": "None", "interestIncome": "None", "interestExpense": "18000000", "nonInterestIncome": "None", "otherNonOperatingIncome": "None", "depreciation": "None", "depreciationAndAmortization": "269000000", "incomeBeforeTax": "933000000", "incomeTaxExpense": "330000000", "interestAndDebtExpense": "None", "netIncomeFromContinuingOperations": "0", "comprehensiveIncomeNetOfTax": "None", "ebit": "951000000", "ebitda": "1220000000", "netIncome": "603000000"}, {"fiscalDateEnding": "2011-02-28", "reportedCurrency": "USD", "grossProfit": "5324000000", "totalRevenue": "18502000000", "costOfRevenue": "13178000000", "costofGoodsAndServicesSold": "13178000000", "operatingIncome": "1207000000", "sellingGeneralAndAdministrative": "4099000000", "researchAndDevelopment": "0", "operatingExpenses": "4117000000", "investmentIncomeNet": "None", "netInterestIncome": "None", "interestIncome": "None", "interestExpense": "18000000", "nonInterestIncome": "None", "otherNonOperatingIncome": "None", "depreciation": "None", "depreciationAndAmortization": "256000000", "incomeBeforeTax": "1189000000", "incomeTaxExpense": "450000000", "interestAndDebtExpense": "None", "netIncomeFromContinuingOperations": "0", "comprehensiveIncomeNetOfTax": "None", "ebit": "1207000000", "ebitda": "1463000000", "netIncome": "739000000"}, {"fiscalDateEnding": "2010-11-30", "reportedCurrency": "USD", "grossProfit": "4945000000", "totalRevenue": "17344000000", "costOfRevenue": "12399000000", "costofGoodsAndServicesSold": "12399000000", "operatingIncome": "941000000", "sellingGeneralAndAdministrative": "3989000000", "researchAndDevelopment": "0", "operatingExpenses": "4004000000", "investmentIncomeNet": "None", "netInterestIncome": "None", "interestIncome": "None", "interestExpense": "20000000", "nonInterestIncome": "None", "otherNonOperatingIncome": "None", "depreciation": "None", "depreciationAndAmortization": "273000000", "incomeBeforeTax": "921000000", "incomeTaxExpense": "341000000", "interestAndDebtExpense": "None", "netIncomeFromContinuingOperations": "0", "comprehensiveIncomeNetOfTax": "None", "ebit": "941000000", "ebitda": "1214000000", "netIncome": "580000000"}, {"fiscalDateEnding": "2010-08-31", "reportedCurrency": "USD", "grossProfit": "4792000000", "totalRevenue": "16870000000", "costOfRevenue": "12078000000", "costofGoodsAndServicesSold": "12078000000", "operatingIncome": "748000000", "sellingGeneralAndAdministrative": "4027000000", "researchAndDevelopment": "0", "operatingExpenses": "4044000000", "investmentIncomeNet": "None", "netInterestIncome": "None", "interestIncome": "None", "interestExpense": "18000000", "nonInterestIncome": "None", "otherNonOperatingIncome": "None", "depreciation": "None", "depreciationAndAmortization": "262000000", "incomeBeforeTax": "730000000", "incomeTaxExpense": "260000000", "interestAndDebtExpense": "None", "netIncomeFromContinuingOperations": "0", "comprehensiveIncomeNetOfTax": "None", "ebit": "748000000", "ebitda": "1010000000", "netIncome": "470000000"}, {"fiscalDateEnding": "2010-05-31", "reportedCurrency": "USD", "grossProfit": "4749000000", "totalRevenue": "17199000000", "costOfRevenue": "12450000000", "costofGoodsAndServicesSold": "12450000000", "operatingIncome": "829000000", "sellingGeneralAndAdministrative": "3908000000", "researchAndDevelopment": "0", "operatingExpenses": "3920000000", "investmentIncomeNet": "None", "netInterestIncome": "None", "interestIncome": "None", "interestExpense": "24000000", "nonInterestIncome": "None", "otherNonOperatingIncome": "None", "depreciation": "None", "depreciationAndAmortization": "263000000", "incomeBeforeTax": "805000000", "incomeTaxExpense": "342000000", "interestAndDebtExpense": "None", "netIncomeFromContinuingOperations": "0", "comprehensiveIncomeNetOfTax": "None", "ebit": "829000000", "ebitda": "1092000000", "netIncome": "463000000"}, {"fiscalDateEnding": "2010-02-28", "reportedCurrency": "USD", "grossProfit": "4897000000", "totalRevenue": "16987000000", "costOfRevenue": "12090000000", "costofGoodsAndServicesSold": "12090000000", "operatingIncome": "1086000000", "sellingGeneralAndAdministrative": "3790000000", "researchAndDevelopment": "0", "operatingExpenses": "3811000000", "investmentIncomeNet": "None", "netInterestIncome": "None", "interestIncome": "None", "interestExpense": "22000000", "nonInterestIncome": "None", "otherNonOperatingIncome": "None", "depreciation": "None", "depreciationAndAmortization": "248000000", "incomeBeforeTax": "1064000000", "incomeTaxExpense": "395000000", "interestAndDebtExpense": "None", "netIncomeFromContinuingOperations": "0", "comprehensiveIncomeNetOfTax": "None", "ebit": "1086000000", "ebitda": "1334000000", "netIncome": "669000000"}, {"fiscalDateEnding": "2009-11-30", "reportedCurrency": "USD", "grossProfit": "4538000000", "totalRevenue": "16364000000", "costOfRevenue": "11826000000", "costofGoodsAndServicesSold": "11826000000", "operatingIncome": "797000000", "sellingGeneralAndAdministrative": "3727000000", "researchAndDevelopment": "0", "operatingExpenses": "3741000000", "investmentIncomeNet": "None", "netInterestIncome": "None", "interestIncome": "None", "interestExpense": "21000000", "nonInterestIncome": "None", "otherNonOperatingIncome": "None", "depreciation": "None", "depreciationAndAmortization": "257000000", "incomeBeforeTax": "776000000", "incomeTaxExpense": "287000000", "interestAndDebtExpense": "None", "netIncomeFromContinuingOperations": "0", "comprehensiveIncomeNetOfTax": "None", "ebit": "797000000", "ebitda": "1054000000", "netIncome": "489000000"}, {"fiscalDateEnding": "2009-08-31", "reportedCurrency": "USD", "grossProfit": "4346000000", "totalRevenue": "15703000000", "costOfRevenue": "11357000000", "costofGoodsAndServicesSold": "11357000000", "operatingIncome": "702000000", "sellingGeneralAndAdministrative": "3617000000", "researchAndDevelopment": "0", "operatingExpenses": "3644000000", "investmentIncomeNet": "None", "netInterestIncome": "None", "interestIncome": "None", "interestExpense": "23000000", "nonInterestIncome": "None", "otherNonOperatingIncome": "None", "depreciation": "None", "depreciationAndAmortization": "234000000", "incomeBeforeTax": "679000000", "incomeTaxExpense": "243000000", "interestAndDebtExpense": "None", "netIncomeFromContinuingOperations": "0", "comprehensiveIncomeNetOfTax": "None", "ebit": "702000000", "ebitda": "936000000", "netIncome": "436000000"}, {"fiscalDateEnding": "2009-05-31", "reportedCurrency": "USD", "grossProfit": "4459000000", "totalRevenue": "16210000000", "costOfRevenue": "11751000000", "costofGoodsAndServicesSold": "11751000000", "operatingIncome": "846000000", "sellingGeneralAndAdministrative": "3579000000", "researchAndDevelopment": "0", "operatingExpenses": "3613000000", "investmentIncomeNet": "None", "netInterestIncome": "None", "interestIncome": "None", "interestExpense": "25000000", "nonInterestIncome": "None", "otherNonOperatingIncome": "None", "depreciation": "None", "depreciationAndAmortization": "264000000", "incomeBeforeTax": "821000000", "incomeTaxExpense": "299000000", "interestAndDebtExpense": "None", "netIncomeFromContinuingOperations": "0", "comprehensiveIncomeNetOfTax": "None", "ebit": "846000000", "ebitda": "1110000000", "netIncome": "522000000"}, {"fiscalDateEnding": "2009-02-28", "reportedCurrency": "USD", "grossProfit": "4657000000", "totalRevenue": "16475000000", "costOfRevenue": "11818000000", "costofGoodsAndServicesSold": "11818000000", "operatingIncome": "1030000000", "sellingGeneralAndAdministrative": "3545000000", "researchAndDevelopment": "0", "operatingExpenses": "3627000000", "investmentIncomeNet": "None", "netInterestIncome": "None", "interestIncome": "None", "interestExpense": "20000000", "nonInterestIncome": "None", "otherNonOperatingIncome": "None", "depreciation": "None", "depreciationAndAmortization": "241000000", "incomeBeforeTax": "1010000000", "incomeTaxExpense": "370000000", "interestAndDebtExpense": "None", "netIncomeFromContinuingOperations": "0", "comprehensiveIncomeNetOfTax": "None", "ebit": "1030000000", "ebitda": "1271000000", "netIncome": "640000000"}, {"fiscalDateEnding": "2008-11-30", "reportedCurrency": "USD", "grossProfit": "4151000000", "totalRevenue": "14947000000", "costOfRevenue": "10796000000", "costofGoodsAndServicesSold": "10796000000", "operatingIncome": "669000000", "sellingGeneralAndAdministrative": "3468000000", "researchAndDevelopment": "0", "operatingExpenses": "3482000000", "investmentIncomeNet": "None", "netInterestIncome": "None", "interestIncome": "None", "interestExpense": "20000000", "nonInterestIncome": "None", "otherNonOperatingIncome": "None", "depreciation": "None", "depreciationAndAmortization": "236000000", "incomeBeforeTax": "654000000", "incomeTaxExpense": "246000000", "interestAndDebtExpense": "None", "netIncomeFromContinuingOperations": "0", "comprehensiveIncomeNetOfTax": "None", "ebit": "669000000", "ebitda": "905000000", "netIncome": "408000000"}, {"fiscalDateEnding": "2008-08-31", "reportedCurrency": "USD", "grossProfit": "4054900000", "totalRevenue": "14597100000", "costOfRevenue": "10542200000", "costofGoodsAndServicesSold": "10542200000", "operatingIncome": "710900000", "sellingGeneralAndAdministrative": "3402200000", "researchAndDevelopment": "0", "operatingExpenses": "3344000000", "investmentIncomeNet": "None", "netInterestIncome": "None", "interestIncome": "None", "interestExpense": "10700000", "nonInterestIncome": "None", "otherNonOperatingIncome": "None", "depreciation": "None", "depreciationAndAmortization": "232300000", "incomeBeforeTax": "703700000", "incomeTaxExpense": "260700000", "interestAndDebtExpense": "None", "netIncomeFromContinuingOperations": "0", "comprehensiveIncomeNetOfTax": "None", "ebit": "710900000", "ebitda": "943200000", "netIncome": "443000000"}, {"fiscalDateEnding": "2008-05-31", "reportedCurrency": "USD", "grossProfit": "4245000000", "totalRevenue": "15015000000", "costOfRevenue": "10770000000", "costofGoodsAndServicesSold": "10770000000", "operatingIncome": "913800000", "sellingGeneralAndAdministrative": "3345400000", "researchAndDevelopment": "0", "operatingExpenses": "3331000000", "investmentIncomeNet": "None", "netInterestIncome": "None", "interestIncome": "None", "interestExpense": "2000000", "nonInterestIncome": "None", "otherNonOperatingIncome": "None", "depreciation": "None", "depreciationAndAmortization": "211100000", "incomeBeforeTax": "912300000", "incomeTaxExpense": "340000000", "interestAndDebtExpense": "None", "netIncomeFromContinuingOperations": "0", "comprehensiveIncomeNetOfTax": "None", "ebit": "913500000", "ebitda": "1124600000", "netIncome": "572300000"}, {"fiscalDateEnding": "2008-02-29", "reportedCurrency": "USD", "grossProfit": "4436200000", "totalRevenue": "15393600000", "costOfRevenue": "10957400000", "costofGoodsAndServicesSold": "10957400000", "operatingIncome": "1088200000", "sellingGeneralAndAdministrative": "3347500000", "researchAndDevelopment": "0", "operatingExpenses": "3348000000", "investmentIncomeNet": "None", "netInterestIncome": "None", "interestIncome": "None", "interestExpense": "7700000", "nonInterestIncome": "None", "otherNonOperatingIncome": "None", "depreciation": "None", "depreciationAndAmortization": "201900000", "incomeBeforeTax": "1085700000", "incomeTaxExpense": "399800000", "interestAndDebtExpense": "None", "netIncomeFromContinuingOperations": "0", "comprehensiveIncomeNetOfTax": "None", "ebit": "1087500000", "ebitda": "1289400000", "netIncome": "685900000"}, {"fiscalDateEnding": "2007-11-30", "reportedCurrency": "USD", "grossProfit": "3921000000", "totalRevenue": "14028000000", "costOfRevenue": "10107000000", "costofGoodsAndServicesSold": "10107000000", "operatingIncome": "727800000", "sellingGeneralAndAdministrative": "3185900000", "researchAndDevelopment": "0", "operatingExpenses": "3193000000", "investmentIncomeNet": "None", "netInterestIncome": "None", "interestIncome": "None", "interestExpense": "6200000", "nonInterestIncome": "None", "otherNonOperatingIncome": "None", "depreciation": "None", "depreciationAndAmortization": "195000000", "incomeBeforeTax": "728200000", "incomeTaxExpense": "272700000", "interestAndDebtExpense": "None", "netIncomeFromContinuingOperations": "0", "comprehensiveIncomeNetOfTax": "None", "ebit": "728500000", "ebitda": "923500000", "netIncome": "455500000"}, {"fiscalDateEnding": "2007-08-31", "reportedCurrency": "USD", "grossProfit": "3755300000", "totalRevenue": "13421500000", "costOfRevenue": "9666200000", "costofGoodsAndServicesSold": "9666200000", "operatingIncome": "603500000", "sellingGeneralAndAdministrative": "3151800000", "researchAndDevelopment": "0", "operatingExpenses": "3151800000", "investmentIncomeNet": "None", "netInterestIncome": "None", "interestIncome": "None", "interestExpense": "0", "nonInterestIncome": "None", "otherNonOperatingIncome": "None", "depreciation": "None", "depreciationAndAmortization": "180000000", "incomeBeforeTax": "609900000", "incomeTaxExpense": "213400000", "interestAndDebtExpense": "None", "netIncomeFromContinuingOperations": "0", "comprehensiveIncomeNetOfTax": "None", "ebit": "603500000", "ebitda": "783500000", "netIncome": "396500000"}, {"fiscalDateEnding": "2007-05-31", "reportedCurrency": "USD", "grossProfit": "3877200000", "totalRevenue": "13698300000", "costOfRevenue": "9821100000", "costofGoodsAndServicesSold": "9821100000", "operatingIncome": "854800000", "sellingGeneralAndAdministrative": "3022400000", "researchAndDevelopment": "0", "operatingExpenses": "3022400000", "investmentIncomeNet": "None", "netInterestIncome": "None", "interestIncome": "None", "interestExpense": "0", "nonInterestIncome": "None", "otherNonOperatingIncome": "None", "depreciation": "None", "depreciationAndAmortization": "177200000", "incomeBeforeTax": "866000000", "incomeTaxExpense": "304800000", "interestAndDebtExpense": "None", "netIncomeFromContinuingOperations": "0", "comprehensiveIncomeNetOfTax": "None", "ebit": "854800000", "ebitda": "1032000000", "netIncome": "561200000"}, {"fiscalDateEnding": "2007-02-28", "reportedCurrency": "USD", "grossProfit": "4035800000", "totalRevenue": "13933700000", "costOfRevenue": "9897900000", "costofGoodsAndServicesSold": "9897900000", "operatingIncome": "1020500000", "sellingGeneralAndAdministrative": "3015300000", "researchAndDevelopment": "0", "operatingExpenses": "3015300000", "investmentIncomeNet": "None", "netInterestIncome": "None", "interestIncome": "None", "interestExpense": "0", "nonInterestIncome": "None", "otherNonOperatingIncome": "None", "depreciation": "None", "depreciationAndAmortization": "158500000", "incomeBeforeTax": "1030700000", "incomeTaxExpense": "378800000", "interestAndDebtExpense": "None", "netIncomeFromContinuingOperations": "0", "comprehensiveIncomeNetOfTax": "None", "ebit": "1020500000", "ebitda": "1179000000", "netIncome": "651900000"}, {"fiscalDateEnding": "2006-11-30", "reportedCurrency": "USD", "grossProfit": "3575600000", "totalRevenue": "12708500000", "costOfRevenue": "9132900000", "costofGoodsAndServicesSold": "9132900000", "operatingIncome": "671900000", "sellingGeneralAndAdministrative": "2903700000", "researchAndDevelopment": "0", "operatingExpenses": "2903700000", "investmentIncomeNet": "None", "netInterestIncome": "None", "interestIncome": "None", "interestExpense": "0", "nonInterestIncome": "None", "otherNonOperatingIncome": "None", "depreciation": "None", "depreciationAndAmortization": "160200000", "incomeBeforeTax": "682500000", "incomeTaxExpense": "250800000", "interestAndDebtExpense": "None", "netIncomeFromContinuingOperations": "0", "comprehensiveIncomeNetOfTax": "None", "ebit": "671900000", "ebitda": "832100000", "netIncome": "431700000"}, {"fiscalDateEnding": "2006-08-31", "reportedCurrency": "USD", "grossProfit": "3363600000", "totalRevenue": "12170300000", "costOfRevenue": "8806700000", "costofGoodsAndServicesSold": "8806700000", "operatingIncome": "631200000", "sellingGeneralAndAdministrative": "2752000000", "researchAndDevelopment": "0", "operatingExpenses": "2732400000", "investmentIncomeNet": "None", "netInterestIncome": "None", "interestIncome": "None", "interestExpense": "0", "nonInterestIncome": "None", "otherNonOperatingIncome": "None", "depreciation": "None", "depreciationAndAmortization": "163500000", "incomeBeforeTax": "651400000", "incomeTaxExpense": "239100000", "interestAndDebtExpense": "None", "netIncomeFromContinuingOperations": "0", "comprehensiveIncomeNetOfTax": "None", "ebit": "631200000", "ebitda": "794700000", "netIncome": "412300000"}, {"fiscalDateEnding": "2006-05-31", "reportedCurrency": "USD", "grossProfit": "3343200000", "totalRevenue": "12175200000", "costOfRevenue": "8832000000", "costofGoodsAndServicesSold": "8832000000", "operatingIncome": "707600000", "sellingGeneralAndAdministrative": "2635600000", "researchAndDevelopment": "0", "operatingExpenses": "2635600000", "investmentIncomeNet": "None", "netInterestIncome": "None", "interestIncome": "None", "interestExpense": "0", "nonInterestIncome": "None", "otherNonOperatingIncome": "None", "depreciation": "None", "depreciationAndAmortization": "137000000", "incomeBeforeTax": "723200000", "incomeTaxExpense": "254000000", "interestAndDebtExpense": "None", "netIncomeFromContinuingOperations": "0", "comprehensiveIncomeNetOfTax": "None", "ebit": "570600000", "ebitda": "707600000", "netIncome": "469200000"}, {"fiscalDateEnding": "2006-02-28", "reportedCurrency": "USD", "grossProfit": "3459300000", "totalRevenue": "12163100000", "costOfRevenue": "8703800000", "costofGoodsAndServicesSold": "8703800000", "operatingIncome": "820900000", "sellingGeneralAndAdministrative": "2638400000", "researchAndDevelopment": "0", "operatingExpenses": "2638400000", "investmentIncomeNet": "None", "netInterestIncome": "None", "interestIncome": "None", "interestExpense": "0", "nonInterestIncome": "None", "otherNonOperatingIncome": "None", "depreciation": "None", "depreciationAndAmortization": "138700000", "incomeBeforeTax": "830900000", "incomeTaxExpense": "307400000", "interestAndDebtExpense": "None", "netIncomeFromContinuingOperations": "0", "comprehensiveIncomeNetOfTax": "None", "ebit": "682200000", "ebitda": "820900000", "netIncome": "523500000"}, {"fiscalDateEnding": "2005-11-30", "reportedCurrency": "USD", "grossProfit": "3002500000", "totalRevenue": "10900400000", "costOfRevenue": "7897900000", "costofGoodsAndServicesSold": "7897900000", "operatingIncome": "541800000", "sellingGeneralAndAdministrative": "2460700000", "researchAndDevelopment": "0", "operatingExpenses": "2460700000", "investmentIncomeNet": "None", "netInterestIncome": "None", "interestIncome": "None", "interestExpense": "0", "nonInterestIncome": "None", "otherNonOperatingIncome": "None", "depreciation": "None", "depreciationAndAmortization": "133000000", "incomeBeforeTax": "548600000", "incomeTaxExpense": "203000000", "interestAndDebtExpense": "None", "netIncomeFromContinuingOperations": "0", "comprehensiveIncomeNetOfTax": "None", "ebit": "408800000", "ebitda": "541800000", "netIncome": "345600000"}, {"fiscalDateEnding": "2005-08-31", "reportedCurrency": "USD", "grossProfit": "2933100000", "totalRevenue": "10494900000", "costOfRevenue": "7561800000", "costofGoodsAndServicesSold": "7561800000", "operatingIncome": "524500000", "sellingGeneralAndAdministrative": "2380200000", "researchAndDevelopment": "0", "operatingExpenses": "2408600000", "investmentIncomeNet": "None", "netInterestIncome": "None", "interestIncome": "None", "interestExpense": "0", "nonInterestIncome": "None", "otherNonOperatingIncome": "None", "depreciation": "None", "depreciationAndAmortization": "None", "incomeBeforeTax": "507100000", "incomeTaxExpense": "178100000", "interestAndDebtExpense": "None", "netIncomeFromContinuingOperations": "0", "comprehensiveIncomeNetOfTax": "None", "ebit": "0", "ebitda": "524500000", "netIncome": "329000000"}, {"fiscalDateEnding": "2005-05-31", "reportedCurrency": "USD", "grossProfit": "3016200000", "totalRevenue": "10830600000", "costOfRevenue": "7814400000", "costofGoodsAndServicesSold": "7814400000", "operatingIncome": "637500000", "sellingGeneralAndAdministrative": "2378700000", "researchAndDevelopment": "0", "operatingExpenses": "2372100000", "investmentIncomeNet": "None", "netInterestIncome": "None", "interestIncome": "None", "interestExpense": "0", "nonInterestIncome": "None", "otherNonOperatingIncome": "None", "depreciation": "None", "depreciationAndAmortization": "-6600000", "incomeBeforeTax": "655000000", "incomeTaxExpense": "244000000", "interestAndDebtExpense": "None", "netIncomeFromContinuingOperations": "0", "comprehensiveIncomeNetOfTax": "None", "ebit": "637500000", "ebitda": "630900000", "netIncome": "411000000"}, {"fiscalDateEnding": "2005-02-28", "reportedCurrency": "USD", "grossProfit": "3130600000", "totalRevenue": "10987000000", "costOfRevenue": "7856400000", "costofGoodsAndServicesSold": "7856400000", "operatingIncome": "770900000", "sellingGeneralAndAdministrative": "2359700000", "researchAndDevelopment": "0", "operatingExpenses": "2359700000", "investmentIncomeNet": "None", "netInterestIncome": "None", "interestIncome": "None", "interestExpense": "0", "nonInterestIncome": "None", "otherNonOperatingIncome": "None", "depreciation": "None", "depreciationAndAmortization": "-4700000", "incomeBeforeTax": "782300000", "incomeTaxExpense": "291400000", "interestAndDebtExpense": "None", "netIncomeFromContinuingOperations": "0", "comprehensiveIncomeNetOfTax": "None", "ebit": "770900000", "ebitda": "766200000", "netIncome": "490900000"}]}