{"symbol": "TPL", "annualReports": [{"fiscalDateEnding": "2024-12-31", "reportedCurrency": "USD", "grossProfit": "705823000", "totalRevenue": "705823000", "costOfRevenue": "71286000", "costofGoodsAndServicesSold": "71286000", "operatingIncome": "539138000", "sellingGeneralAndAdministrative": "34483000", "researchAndDevelopment": "None", "operatingExpenses": "166685000", "investmentIncomeNet": "None", "netInterestIncome": "32140000", "interestIncome": "32140000", "interestExpense": "None", "nonInterestIncome": "None", "otherNonOperatingIncome": "None", "depreciation": "None", "depreciationAndAmortization": "25162000", "incomeBeforeTax": "578821000", "incomeTaxExpense": "124861000", "interestAndDebtExpense": "None", "netIncomeFromContinuingOperations": "453960000", "comprehensiveIncomeNetOfTax": "None", "ebit": "539138000", "ebitda": "564300000", "netIncome": "453960000"}, {"fiscalDateEnding": "2023-12-31", "reportedCurrency": "USD", "grossProfit": "583272000", "totalRevenue": "631595000", "costOfRevenue": "48323000", "costofGoodsAndServicesSold": "48323000", "operatingIncome": "486053000", "sellingGeneralAndAdministrative": "89834000", "researchAndDevelopment": "0.82", "operatingExpenses": "97219000", "investmentIncomeNet": "None", "netInterestIncome": "28630000", "interestIncome": "28630000", "interestExpense": "None", "nonInterestIncome": "None", "otherNonOperatingIncome": "None", "depreciation": "None", "depreciationAndAmortization": "14757000", "incomeBeforeTax": "517561000", "incomeTaxExpense": "111916000", "interestAndDebtExpense": "None", "netIncomeFromContinuingOperations": "405645000", "comprehensiveIncomeNetOfTax": "None", "ebit": "486053000", "ebitda": "500810000", "netIncome": "405645000"}, {"fiscalDateEnding": "2022-12-31", "reportedCurrency": "USD", "grossProfit": "634528000", "totalRevenue": "667422000", "costOfRevenue": "32894000", "costofGoodsAndServicesSold": "32894000", "operatingIncome": "562307000", "sellingGeneralAndAdministrative": "63487000", "researchAndDevelopment": "0.85", "operatingExpenses": "72221000", "investmentIncomeNet": "None", "netInterestIncome": "6207000", "interestIncome": "6207000", "interestExpense": "6548000", "nonInterestIncome": "None", "otherNonOperatingIncome": "None", "depreciation": "None", "depreciationAndAmortization": "15376000", "incomeBeforeTax": "568855000", "incomeTaxExpense": "122493000", "interestAndDebtExpense": "None", "netIncomeFromContinuingOperations": "446362000", "comprehensiveIncomeNetOfTax": "None", "ebit": "562307000", "ebitda": "577683000", "netIncome": "446362000"}, {"fiscalDateEnding": "2021-12-31", "reportedCurrency": "USD", "grossProfit": "421468000", "totalRevenue": "450958000", "costOfRevenue": "29490000", "costofGoodsAndServicesSold": "29490000", "operatingIncome": "362393000", "sellingGeneralAndAdministrative": "59075000", "researchAndDevelopment": "0.80", "operatingExpenses": "59075000", "investmentIncomeNet": "None", "netInterestIncome": "None", "interestIncome": "None", "interestExpense": "16881000", "nonInterestIncome": "None", "otherNonOperatingIncome": "None", "depreciation": "None", "depreciationAndAmortization": "16257000", "incomeBeforeTax": "363017000", "incomeTaxExpense": "93037000", "interestAndDebtExpense": "None", "netIncomeFromContinuingOperations": "269980000", "comprehensiveIncomeNetOfTax": "None", "ebit": "362393000", "ebitda": "378650000", "netIncome": "269980000"}, {"fiscalDateEnding": "2020-12-31", "reportedCurrency": "USD", "grossProfit": "269953000", "totalRevenue": "302554000", "costOfRevenue": "32601000", "costofGoodsAndServicesSold": "32601000", "operatingIncome": "217251000", "sellingGeneralAndAdministrative": "52702000", "researchAndDevelopment": "0.73", "operatingExpenses": "52702000", "investmentIncomeNet": "None", "netInterestIncome": "None", "interestIncome": "None", "interestExpense": "16806000", "nonInterestIncome": "None", "otherNonOperatingIncome": "None", "depreciation": "None", "depreciationAndAmortization": "14395000", "incomeBeforeTax": "219662000", "incomeTaxExpense": "43613000", "interestAndDebtExpense": "None", "netIncomeFromContinuingOperations": "176049000", "comprehensiveIncomeNetOfTax": "None", "ebit": "217251000", "ebitda": "231646000", "netIncome": "176049000"}, {"fiscalDateEnding": "2019-12-31", "reportedCurrency": "USD", "grossProfit": "460782000", "totalRevenue": "490496000", "costOfRevenue": "29714000", "costofGoodsAndServicesSold": "29714000", "operatingIncome": "401773000", "sellingGeneralAndAdministrative": "59009000", "researchAndDevelopment": "0.82", "operatingExpenses": "59009000", "investmentIncomeNet": "None", "netInterestIncome": "None", "interestIncome": "None", "interestExpense": "11588000", "nonInterestIncome": "None", "otherNonOperatingIncome": "2682000", "depreciation": "None", "depreciationAndAmortization": "8906000", "incomeBeforeTax": "404455000", "incomeTaxExpense": "83527000", "interestAndDebtExpense": "None", "netIncomeFromContinuingOperations": "318728000", "comprehensiveIncomeNetOfTax": "None", "ebit": "401773000", "ebitda": "410679000", "netIncome": "320928000"}, {"fiscalDateEnding": "2018-12-31", "reportedCurrency": "USD", "grossProfit": "286469000", "totalRevenue": "300220000", "costOfRevenue": "13751000", "costofGoodsAndServicesSold": "13751000", "operatingIncome": "260834000", "sellingGeneralAndAdministrative": "25635000", "researchAndDevelopment": "0.87", "operatingExpenses": "25635000", "investmentIncomeNet": "None", "netInterestIncome": "None", "interestIncome": "None", "interestExpense": "0", "nonInterestIncome": "None", "otherNonOperatingIncome": "916000", "depreciation": "None", "depreciationAndAmortization": "39386000", "incomeBeforeTax": "261750000", "incomeTaxExpense": "52014000", "interestAndDebtExpense": "None", "netIncomeFromContinuingOperations": "209736000", "comprehensiveIncomeNetOfTax": "None", "ebit": "224031000", "ebitda": "263417000", "netIncome": "209736000"}, {"fiscalDateEnding": "2017-12-31", "reportedCurrency": "USD", "grossProfit": "131462000", "totalRevenue": "132329000", "costOfRevenue": "867000", "costofGoodsAndServicesSold": "867000", "operatingIncome": "119776000", "sellingGeneralAndAdministrative": "8517000", "researchAndDevelopment": "0.94", "operatingExpenses": "11686000", "investmentIncomeNet": "None", "netInterestIncome": "84000", "interestIncome": "84000", "interestExpense": "84000", "nonInterestIncome": "None", "otherNonOperatingIncome": "84000", "depreciation": "None", "depreciationAndAmortization": "9687000", "incomeBeforeTax": "119860000", "incomeTaxExpense": "43499000", "interestAndDebtExpense": "None", "netIncomeFromContinuingOperations": "76361000", "comprehensiveIncomeNetOfTax": "None", "ebit": "135636000", "ebitda": "145323000", "netIncome": "76361000"}, {"fiscalDateEnding": "2016-12-31", "reportedCurrency": "USD", "grossProfit": "59868107", "totalRevenue": "59911397", "costOfRevenue": "43290", "costofGoodsAndServicesSold": "43290", "operatingIncome": "55057850", "sellingGeneralAndAdministrative": "3023480", "researchAndDevelopment": "0.92", "operatingExpenses": "4810257", "investmentIncomeNet": "None", "netInterestIncome": "29070", "interestIncome": "29070", "interestExpense": "29070", "nonInterestIncome": "None", "otherNonOperatingIncome": "29070", "depreciation": "None", "depreciationAndAmortization": "4853547", "incomeBeforeTax": "55086920", "incomeTaxExpense": "17847370", "interestAndDebtExpense": "None", "netIncomeFromContinuingOperations": "37239550", "comprehensiveIncomeNetOfTax": "None", "ebit": "50247593", "ebitda": "55101140", "netIncome": "37239550"}, {"fiscalDateEnding": "2015-12-31", "reportedCurrency": "USD", "grossProfit": "79379021", "totalRevenue": "79414853", "costOfRevenue": "35832", "costofGoodsAndServicesSold": "35832", "operatingIncome": "75255582", "sellingGeneralAndAdministrative": "2638863", "researchAndDevelopment": "0", "operatingExpenses": "4123439", "investmentIncomeNet": "None", "netInterestIncome": "None", "interestIncome": "27440", "interestExpense": "27440", "nonInterestIncome": "None", "otherNonOperatingIncome": "27440", "depreciation": "None", "depreciationAndAmortization": "25374", "incomeBeforeTax": "75283022", "incomeTaxExpense": "25244515", "interestAndDebtExpense": "None", "netIncomeFromContinuingOperations": "50038507", "comprehensiveIncomeNetOfTax": "None", "ebit": "75255582", "ebitda": "75280956", "netIncome": "50038507"}, {"fiscalDateEnding": "2014-12-31", "reportedCurrency": "USD", "grossProfit": "55182500", "totalRevenue": "55202230", "costOfRevenue": "19730", "costofGoodsAndServicesSold": "19730", "operatingIncome": "51417031", "sellingGeneralAndAdministrative": "2065213", "researchAndDevelopment": "0", "operatingExpenses": "3765469", "investmentIncomeNet": "None", "netInterestIncome": "None", "interestIncome": "None", "interestExpense": "14523", "nonInterestIncome": "None", "otherNonOperatingIncome": "14523", "depreciation": "None", "depreciationAndAmortization": "19730", "incomeBeforeTax": "51431554", "incomeTaxExpense": "16666534", "interestAndDebtExpense": "None", "netIncomeFromContinuingOperations": "34765020", "comprehensiveIncomeNetOfTax": "None", "ebit": "51417031", "ebitda": "51436761", "netIncome": "34765020"}, {"fiscalDateEnding": "2013-12-31", "reportedCurrency": "USD", "grossProfit": "44092788", "totalRevenue": "44109074", "costOfRevenue": "16286", "costofGoodsAndServicesSold": "16286", "operatingIncome": "40130573", "sellingGeneralAndAdministrative": "2533580", "researchAndDevelopment": "0", "operatingExpenses": "3962215", "investmentIncomeNet": "None", "netInterestIncome": "None", "interestIncome": "None", "interestExpense": "12005", "nonInterestIncome": "None", "otherNonOperatingIncome": "12005", "depreciation": "None", "depreciationAndAmortization": "16286", "incomeBeforeTax": "40142578", "incomeTaxExpense": "12924070", "interestAndDebtExpense": "None", "netIncomeFromContinuingOperations": "27218508", "comprehensiveIncomeNetOfTax": "None", "ebit": "40130573", "ebitda": "40146859", "netIncome": "27218508"}, {"fiscalDateEnding": "2012-12-31", "reportedCurrency": "USD", "grossProfit": "32570952", "totalRevenue": "32587456", "costOfRevenue": "16504", "costofGoodsAndServicesSold": "16504", "operatingIncome": "29303451", "sellingGeneralAndAdministrative": "2317744", "researchAndDevelopment": "0", "operatingExpenses": "3267501", "investmentIncomeNet": "None", "netInterestIncome": "None", "interestIncome": "None", "interestExpense": "19435", "nonInterestIncome": "None", "otherNonOperatingIncome": "19435", "depreciation": "None", "depreciationAndAmortization": "16504", "incomeBeforeTax": "29322886", "incomeTaxExpense": "9675068", "interestAndDebtExpense": "None", "netIncomeFromContinuingOperations": "19647818", "comprehensiveIncomeNetOfTax": "None", "ebit": "29303451", "ebitda": "29319955", "netIncome": "19647818"}, {"fiscalDateEnding": "2011-12-31", "reportedCurrency": "USD", "grossProfit": "33420759", "totalRevenue": "33420759", "costOfRevenue": "3550000", "costofGoodsAndServicesSold": "3550000", "operatingIncome": "30737390", "sellingGeneralAndAdministrative": "2583047", "researchAndDevelopment": "0", "operatingExpenses": "3563118", "investmentIncomeNet": "None", "netInterestIncome": "None", "interestIncome": "None", "interestExpense": "898277", "nonInterestIncome": "None", "otherNonOperatingIncome": "18528", "depreciation": "None", "depreciationAndAmortization": "12675", "incomeBeforeTax": "30755918", "incomeTaxExpense": "10161149", "interestAndDebtExpense": "None", "netIncomeFromContinuingOperations": "20594769", "comprehensiveIncomeNetOfTax": "None", "ebit": "30737390", "ebitda": "30750065", "netIncome": "20594769"}, {"fiscalDateEnding": "2010-12-31", "reportedCurrency": "USD", "grossProfit": "20065965", "totalRevenue": "20065965", "costOfRevenue": "3653000", "costofGoodsAndServicesSold": "3653000", "operatingIncome": "16398474", "sellingGeneralAndAdministrative": "2876720", "researchAndDevelopment": "None", "operatingExpenses": "3667491", "investmentIncomeNet": "None", "netInterestIncome": "None", "interestIncome": "None", "interestExpense": "25707", "nonInterestIncome": "None", "otherNonOperatingIncome": "None", "depreciation": "None", "depreciationAndAmortization": "15391", "incomeBeforeTax": "16424181", "incomeTaxExpense": "5115470", "interestAndDebtExpense": "None", "netIncomeFromContinuingOperations": "None", "comprehensiveIncomeNetOfTax": "None", "ebit": "16398474", "ebitda": "16413865", "netIncome": "11308711"}, {"fiscalDateEnding": "2009-12-31", "reportedCurrency": "USD", "grossProfit": "13084860", "totalRevenue": "13084860", "costOfRevenue": "3051000", "costofGoodsAndServicesSold": "3051000", "operatingIncome": "9991336", "sellingGeneralAndAdministrative": "2439935", "researchAndDevelopment": "None", "operatingExpenses": "3093524", "investmentIncomeNet": "None", "netInterestIncome": "None", "interestIncome": "None", "interestExpense": "1269907", "nonInterestIncome": "None", "otherNonOperatingIncome": "None", "depreciation": "None", "depreciationAndAmortization": "42142", "incomeBeforeTax": "10044763", "incomeTaxExpense": "3130720", "interestAndDebtExpense": "None", "netIncomeFromContinuingOperations": "None", "comprehensiveIncomeNetOfTax": "None", "ebit": "9991335", "ebitda": "10033477", "netIncome": "6914043"}, {"fiscalDateEnding": "2008-12-31", "reportedCurrency": "USD", "grossProfit": "19296266", "totalRevenue": "19296266", "costOfRevenue": "3683000", "costofGoodsAndServicesSold": "3683000", "operatingIncome": "15576220", "sellingGeneralAndAdministrative": "2784624", "researchAndDevelopment": "None", "operatingExpenses": "3720046", "investmentIncomeNet": "None", "netInterestIncome": "None", "interestIncome": "None", "interestExpense": "1590110", "nonInterestIncome": "None", "otherNonOperatingIncome": "None", "depreciation": "None", "depreciationAndAmortization": "36803", "incomeBeforeTax": "15804966", "incomeTaxExpense": "4865193", "interestAndDebtExpense": "None", "netIncomeFromContinuingOperations": "None", "comprehensiveIncomeNetOfTax": "None", "ebit": "15576220", "ebitda": "15613023", "netIncome": "10939773"}, {"fiscalDateEnding": "2007-12-31", "reportedCurrency": "USD", "grossProfit": "15465111", "totalRevenue": "15465111", "costOfRevenue": "3921000", "costofGoodsAndServicesSold": "3921000", "operatingIncome": "11507714", "sellingGeneralAndAdministrative": "579690", "researchAndDevelopment": "None", "operatingExpenses": "3957397", "investmentIncomeNet": "None", "netInterestIncome": "None", "interestIncome": "None", "interestExpense": "0", "nonInterestIncome": "None", "otherNonOperatingIncome": "None", "depreciation": "None", "depreciationAndAmortization": "35999", "incomeBeforeTax": "11877714", "incomeTaxExpense": "3628026", "interestAndDebtExpense": "None", "netIncomeFromContinuingOperations": "None", "comprehensiveIncomeNetOfTax": "None", "ebit": "11507714", "ebitda": "11543713", "netIncome": "8249688"}, {"fiscalDateEnding": "2006-12-31", "reportedCurrency": "USD", "grossProfit": "22461198", "totalRevenue": "22461198", "costOfRevenue": "6106000", "costofGoodsAndServicesSold": "6106000", "operatingIncome": "16317731", "sellingGeneralAndAdministrative": "555367", "researchAndDevelopment": "None", "operatingExpenses": "6143467", "investmentIncomeNet": "None", "netInterestIncome": "None", "interestIncome": "None", "interestExpense": "0", "nonInterestIncome": "None", "otherNonOperatingIncome": "None", "depreciation": "None", "depreciationAndAmortization": "37134", "incomeBeforeTax": "16879015", "incomeTaxExpense": "5309153", "interestAndDebtExpense": "None", "netIncomeFromContinuingOperations": "None", "comprehensiveIncomeNetOfTax": "None", "ebit": "16317731", "ebitda": "16354865", "netIncome": "11569862"}, {"fiscalDateEnding": "2005-12-31", "reportedCurrency": "USD", "grossProfit": "15407641", "totalRevenue": "15407641", "costOfRevenue": "3206000", "costofGoodsAndServicesSold": "3206000", "operatingIncome": "12172728", "sellingGeneralAndAdministrative": "487231", "researchAndDevelopment": "None", "operatingExpenses": "3234913", "investmentIncomeNet": "None", "netInterestIncome": "None", "interestIncome": "None", "interestExpense": "0", "nonInterestIncome": "None", "otherNonOperatingIncome": "None", "depreciation": "None", "depreciationAndAmortization": "28791", "incomeBeforeTax": "12172728", "incomeTaxExpense": "3660141", "interestAndDebtExpense": "None", "netIncomeFromContinuingOperations": "None", "comprehensiveIncomeNetOfTax": "None", "ebit": "12172728", "ebitda": "12201519", "netIncome": "8512587"}], "quarterlyReports": [{"fiscalDateEnding": "2024-12-31", "reportedCurrency": "USD", "grossProfit": "165385000", "totalRevenue": "185784000", "costOfRevenue": "20399000", "costofGoodsAndServicesSold": "20399000", "operatingIncome": "142544000", "sellingGeneralAndAdministrative": "21536000", "researchAndDevelopment": "None", "operatingExpenses": "22841000", "investmentIncomeNet": "None", "netInterestIncome": "3665000", "interestIncome": "3665000", "interestExpense": "None", "nonInterestIncome": "None", "otherNonOperatingIncome": "None", "depreciation": "None", "depreciationAndAmortization": "11467000", "incomeBeforeTax": "150978000", "incomeTaxExpense": "32618000", "interestAndDebtExpense": "None", "netIncomeFromContinuingOperations": "118360000", "comprehensiveIncomeNetOfTax": "None", "ebit": "142544000", "ebitda": "154011000", "netIncome": "118360000"}, {"fiscalDateEnding": "2024-09-30", "reportedCurrency": "USD", "grossProfit": "161832000", "totalRevenue": "173563000", "costOfRevenue": "11731000", "costofGoodsAndServicesSold": "11731000", "operatingIncome": "127331000", "sellingGeneralAndAdministrative": "12345000", "researchAndDevelopment": "None", "operatingExpenses": "34501000", "investmentIncomeNet": "None", "netInterestIncome": "7913000", "interestIncome": "7913000", "interestExpense": "None", "nonInterestIncome": "None", "otherNonOperatingIncome": "None", "depreciation": "None", "depreciationAndAmortization": "5762000", "incomeBeforeTax": "135417000", "incomeTaxExpense": "28823000", "interestAndDebtExpense": "None", "netIncomeFromContinuingOperations": "106594000", "comprehensiveIncomeNetOfTax": "None", "ebit": "127331000", "ebitda": "133093000", "netIncome": "106594000"}, {"fiscalDateEnding": "2024-06-30", "reportedCurrency": "USD", "grossProfit": "153417000", "totalRevenue": "172334000", "costOfRevenue": "18917000", "costofGoodsAndServicesSold": "18917000", "operatingIncome": "133222000", "sellingGeneralAndAdministrative": "18608000", "researchAndDevelopment": "None", "operatingExpenses": "20052000", "investmentIncomeNet": "None", "netInterestIncome": "10761000", "interestIncome": "10761000", "interestExpense": "None", "nonInterestIncome": "None", "otherNonOperatingIncome": "None", "depreciation": "None", "depreciationAndAmortization": "4093000", "incomeBeforeTax": "146442000", "incomeTaxExpense": "31853000", "interestAndDebtExpense": "None", "netIncomeFromContinuingOperations": "114589000", "comprehensiveIncomeNetOfTax": "None", "ebit": "133222000", "ebitda": "137315000", "netIncome": "114589000"}, {"fiscalDateEnding": "2024-03-31", "reportedCurrency": "USD", "grossProfit": "159840000", "totalRevenue": "174142000", "costOfRevenue": "14302000", "costofGoodsAndServicesSold": "14302000", "operatingIncome": "136041000", "sellingGeneralAndAdministrative": "21442000", "researchAndDevelopment": "None", "operatingExpenses": "23799000", "investmentIncomeNet": "None", "netInterestIncome": "None", "interestIncome": "None", "interestExpense": "None", "nonInterestIncome": "None", "otherNonOperatingIncome": "None", "depreciation": "None", "depreciationAndAmortization": "3840000", "incomeBeforeTax": "145984000", "incomeTaxExpense": "31567000", "interestAndDebtExpense": "None", "netIncomeFromContinuingOperations": "114417000", "comprehensiveIncomeNetOfTax": "None", "ebit": "136041000", "ebitda": "139881000", "netIncome": "114417000"}, {"fiscalDateEnding": "2023-12-31", "reportedCurrency": "USD", "grossProfit": "153711000", "totalRevenue": "166657000", "costOfRevenue": "12946000", "costofGoodsAndServicesSold": "12946000", "operatingIncome": "133863000", "sellingGeneralAndAdministrative": "17888000", "researchAndDevelopment": "None", "operatingExpenses": "19848000", "investmentIncomeNet": "None", "netInterestIncome": "None", "interestIncome": "None", "interestExpense": "8793000", "nonInterestIncome": "None", "otherNonOperatingIncome": "None", "depreciation": "None", "depreciationAndAmortization": "3876000", "incomeBeforeTax": "145132000", "incomeTaxExpense": "32022000", "interestAndDebtExpense": "None", "netIncomeFromContinuingOperations": "113110000", "comprehensiveIncomeNetOfTax": "None", "ebit": "133863000", "ebitda": "137739000", "netIncome": "113110000"}, {"fiscalDateEnding": "2023-09-30", "reportedCurrency": "USD", "grossProfit": "145830000", "totalRevenue": "157967000", "costOfRevenue": "12137000", "costofGoodsAndServicesSold": "12137000", "operatingIncome": "126958000", "sellingGeneralAndAdministrative": "17091000", "researchAndDevelopment": "None", "operatingExpenses": "18872000", "investmentIncomeNet": "None", "netInterestIncome": "7850000", "interestIncome": "7850000", "interestExpense": "None", "nonInterestIncome": "None", "otherNonOperatingIncome": "None", "depreciation": "None", "depreciationAndAmortization": "3584000", "incomeBeforeTax": "134937000", "incomeTaxExpense": "29363000", "interestAndDebtExpense": "None", "netIncomeFromContinuingOperations": "105574000", "comprehensiveIncomeNetOfTax": "None", "ebit": "126958000", "ebitda": "130542000", "netIncome": "105574000"}, {"fiscalDateEnding": "2023-06-30", "reportedCurrency": "USD", "grossProfit": "146429000", "totalRevenue": "160609000", "costOfRevenue": "14180000", "costofGoodsAndServicesSold": "14180000", "operatingIncome": "120280000", "sellingGeneralAndAdministrative": "24079000", "researchAndDevelopment": "None", "operatingExpenses": "26149000", "investmentIncomeNet": "None", "netInterestIncome": "6741000", "interestIncome": "6741000", "interestExpense": "None", "nonInterestIncome": "None", "otherNonOperatingIncome": "None", "depreciation": "None", "depreciationAndAmortization": "3893000", "incomeBeforeTax": "127151000", "incomeTaxExpense": "26758000", "interestAndDebtExpense": "None", "netIncomeFromContinuingOperations": "100393000", "comprehensiveIncomeNetOfTax": "None", "ebit": "120280000", "ebitda": "124173000", "netIncome": "100393000"}, {"fiscalDateEnding": "2023-03-31", "reportedCurrency": "USD", "grossProfit": "137299000", "totalRevenue": "146362000", "costOfRevenue": "9063000", "costofGoodsAndServicesSold": "9063000", "operatingIncome": "104952000", "sellingGeneralAndAdministrative": "30773000", "researchAndDevelopment": "None", "operatingExpenses": "32347000", "investmentIncomeNet": "None", "netInterestIncome": "None", "interestIncome": "None", "interestExpense": "8793000", "nonInterestIncome": "None", "otherNonOperatingIncome": "None", "depreciation": "None", "depreciationAndAmortization": "3404000", "incomeBeforeTax": "110341000", "incomeTaxExpense": "23773000", "interestAndDebtExpense": "None", "netIncomeFromContinuingOperations": "86568000", "comprehensiveIncomeNetOfTax": "None", "ebit": "104952000", "ebitda": "108356000", "netIncome": "86568000"}, {"fiscalDateEnding": "2022-12-31", "reportedCurrency": "USD", "grossProfit": "145080000", "totalRevenue": "152706000", "costOfRevenue": "7626000", "costofGoodsAndServicesSold": "7626000", "operatingIncome": "124231000", "sellingGeneralAndAdministrative": "18971000", "researchAndDevelopment": "None", "operatingExpenses": "20849000", "investmentIncomeNet": "None", "netInterestIncome": "None", "interestIncome": "None", "interestExpense": "3922000", "nonInterestIncome": "None", "otherNonOperatingIncome": "None", "depreciation": "None", "depreciationAndAmortization": "3153000", "incomeBeforeTax": "128153000", "incomeTaxExpense": "28422000", "interestAndDebtExpense": "None", "netIncomeFromContinuingOperations": "99731000", "comprehensiveIncomeNetOfTax": "None", "ebit": "124231000", "ebitda": "127384000", "netIncome": "99731000"}, {"fiscalDateEnding": "2022-09-30", "reportedCurrency": "USD", "grossProfit": "180846000", "totalRevenue": "191111000", "costOfRevenue": "10265000", "costofGoodsAndServicesSold": "10265000", "operatingIncome": "162055000", "sellingGeneralAndAdministrative": "15956000", "researchAndDevelopment": "None", "operatingExpenses": "18791000", "investmentIncomeNet": "None", "netInterestIncome": "None", "interestIncome": "None", "interestExpense": "1920000", "nonInterestIncome": "None", "otherNonOperatingIncome": "None", "depreciation": "None", "depreciationAndAmortization": "3917000", "incomeBeforeTax": "163975000", "incomeTaxExpense": "34138000", "interestAndDebtExpense": "None", "netIncomeFromContinuingOperations": "129837000", "comprehensiveIncomeNetOfTax": "None", "ebit": "162055000", "ebitda": "165972000", "netIncome": "129837000"}, {"fiscalDateEnding": "2022-06-30", "reportedCurrency": "USD", "grossProfit": "168175000", "totalRevenue": "176270000", "costOfRevenue": "8095000", "costofGoodsAndServicesSold": "8095000", "operatingIncome": "151708000", "sellingGeneralAndAdministrative": "14456000", "researchAndDevelopment": "None", "operatingExpenses": "16467000", "investmentIncomeNet": "None", "netInterestIncome": "None", "interestIncome": "None", "interestExpense": "630000", "nonInterestIncome": "None", "otherNonOperatingIncome": "None", "depreciation": "None", "depreciationAndAmortization": "4179999", "incomeBeforeTax": "152338000", "incomeTaxExpense": "33444000", "interestAndDebtExpense": "None", "netIncomeFromContinuingOperations": "118894000", "comprehensiveIncomeNetOfTax": "None", "ebit": "151708001", "ebitda": "155888000", "netIncome": "118894000"}, {"fiscalDateEnding": "2022-03-31", "reportedCurrency": "USD", "grossProfit": "140427000", "totalRevenue": "147335000", "costOfRevenue": "6908000", "costofGoodsAndServicesSold": "6908000", "operatingIncome": "124313000", "sellingGeneralAndAdministrative": "14104000", "researchAndDevelopment": "None", "operatingExpenses": "16114000", "investmentIncomeNet": "None", "netInterestIncome": "None", "interestIncome": "None", "interestExpense": "76000", "nonInterestIncome": "None", "otherNonOperatingIncome": "None", "depreciation": "None", "depreciationAndAmortization": "4126000", "incomeBeforeTax": "124389000", "incomeTaxExpense": "26489000", "interestAndDebtExpense": "None", "netIncomeFromContinuingOperations": "97900000", "comprehensiveIncomeNetOfTax": "None", "ebit": "124313000", "ebitda": "128439000", "netIncome": "97900000"}, {"fiscalDateEnding": "2021-12-31", "reportedCurrency": "USD", "grossProfit": "139749000", "totalRevenue": "147178000", "costOfRevenue": "7429000", "costofGoodsAndServicesSold": "7429000", "operatingIncome": "125861000", "sellingGeneralAndAdministrative": "13888000", "researchAndDevelopment": "None", "operatingExpenses": "13888000", "investmentIncomeNet": "None", "netInterestIncome": "None", "interestIncome": "None", "interestExpense": "None", "nonInterestIncome": "None", "otherNonOperatingIncome": "None", "depreciation": "None", "depreciationAndAmortization": "4695000", "incomeBeforeTax": "125561000", "incomeTaxExpense": "46516000", "interestAndDebtExpense": "None", "netIncomeFromContinuingOperations": "79045000", "comprehensiveIncomeNetOfTax": "None", "ebit": "125861000", "ebitda": "130556000", "netIncome": "79045000"}, {"fiscalDateEnding": "2021-09-30", "reportedCurrency": "USD", "grossProfit": "116177000", "totalRevenue": "123693000", "costOfRevenue": "7516000", "costofGoodsAndServicesSold": "7516000", "operatingIncome": "103240000", "sellingGeneralAndAdministrative": "12937000", "researchAndDevelopment": "None", "operatingExpenses": "12937000", "investmentIncomeNet": "None", "netInterestIncome": "None", "interestIncome": "None", "interestExpense": "None", "nonInterestIncome": "None", "otherNonOperatingIncome": "None", "depreciation": "None", "depreciationAndAmortization": "3866000", "incomeBeforeTax": "103753000", "incomeTaxExpense": "19916000", "interestAndDebtExpense": "None", "netIncomeFromContinuingOperations": "83837000", "comprehensiveIncomeNetOfTax": "None", "ebit": "103240000", "ebitda": "107106000", "netIncome": "83837000"}, {"fiscalDateEnding": "2021-06-30", "reportedCurrency": "USD", "grossProfit": "88523000", "totalRevenue": "95932000", "costOfRevenue": "7409000", "costofGoodsAndServicesSold": "7409000", "operatingIncome": "71270000", "sellingGeneralAndAdministrative": "17253000", "researchAndDevelopment": "None", "operatingExpenses": "17253000", "investmentIncomeNet": "None", "netInterestIncome": "None", "interestIncome": "None", "interestExpense": "None", "nonInterestIncome": "None", "otherNonOperatingIncome": "None", "depreciation": "None", "depreciationAndAmortization": "3858000", "incomeBeforeTax": "71676000", "incomeTaxExpense": "14630000", "interestAndDebtExpense": "None", "netIncomeFromContinuingOperations": "57046000", "comprehensiveIncomeNetOfTax": "None", "ebit": "71270000", "ebitda": "75128000", "netIncome": "57046000"}, {"fiscalDateEnding": "2021-03-31", "reportedCurrency": "USD", "grossProfit": "77019000", "totalRevenue": "84155000", "costOfRevenue": "7136000", "costofGoodsAndServicesSold": "7136000", "operatingIncome": "62022000", "sellingGeneralAndAdministrative": "14997000", "researchAndDevelopment": "None", "operatingExpenses": "14997000", "investmentIncomeNet": "None", "netInterestIncome": "None", "interestIncome": "None", "interestExpense": "None", "nonInterestIncome": "None", "otherNonOperatingIncome": "None", "depreciation": "None", "depreciationAndAmortization": "3838000", "incomeBeforeTax": "62027000", "incomeTaxExpense": "11975000", "interestAndDebtExpense": "None", "netIncomeFromContinuingOperations": "50052000", "comprehensiveIncomeNetOfTax": "None", "ebit": "62022000", "ebitda": "65860000", "netIncome": "50052000"}, {"fiscalDateEnding": "2020-12-31", "reportedCurrency": "USD", "grossProfit": "66454000", "totalRevenue": "74304000", "costOfRevenue": "7850000", "costofGoodsAndServicesSold": "7850000", "operatingIncome": "55232000", "sellingGeneralAndAdministrative": "11222000", "researchAndDevelopment": "None", "operatingExpenses": "11222000", "investmentIncomeNet": "None", "netInterestIncome": "None", "interestIncome": "None", "interestExpense": "None", "nonInterestIncome": "None", "otherNonOperatingIncome": "None", "depreciation": "None", "depreciationAndAmortization": "3622000", "incomeBeforeTax": "55337000", "incomeTaxExpense": "10546000", "interestAndDebtExpense": "None", "netIncomeFromContinuingOperations": "44791000", "comprehensiveIncomeNetOfTax": "None", "ebit": "55232000", "ebitda": "58854000", "netIncome": "44791000"}, {"fiscalDateEnding": "2020-09-30", "reportedCurrency": "USD", "grossProfit": "68296000", "totalRevenue": "74383000", "costOfRevenue": "6087000", "costofGoodsAndServicesSold": "6087000", "operatingIncome": "56748000", "sellingGeneralAndAdministrative": "11548000", "researchAndDevelopment": "None", "operatingExpenses": "11548000", "investmentIncomeNet": "None", "netInterestIncome": "None", "interestIncome": "None", "interestExpense": "None", "nonInterestIncome": "None", "otherNonOperatingIncome": "1287000", "depreciation": "None", "depreciationAndAmortization": "3760000", "incomeBeforeTax": "58035000", "incomeTaxExpense": "11760000", "interestAndDebtExpense": "None", "netIncomeFromContinuingOperations": "46275000", "comprehensiveIncomeNetOfTax": "None", "ebit": "56748000", "ebitda": "60508000", "netIncome": "46275000"}, {"fiscalDateEnding": "2020-06-30", "reportedCurrency": "USD", "grossProfit": "48725000", "totalRevenue": "54568000", "costOfRevenue": "5843000", "costofGoodsAndServicesSold": "5843000", "operatingIncome": "34730000", "sellingGeneralAndAdministrative": "13995000", "researchAndDevelopment": "None", "operatingExpenses": "13995000", "investmentIncomeNet": "None", "netInterestIncome": "None", "interestIncome": "None", "interestExpense": "None", "nonInterestIncome": "None", "otherNonOperatingIncome": "193000", "depreciation": "None", "depreciationAndAmortization": "3678000", "incomeBeforeTax": "34923000", "incomeTaxExpense": "7340000", "interestAndDebtExpense": "None", "netIncomeFromContinuingOperations": "27583000", "comprehensiveIncomeNetOfTax": "None", "ebit": "34740000", "ebitda": "38418000", "netIncome": "27583000"}, {"fiscalDateEnding": "2020-03-31", "reportedCurrency": "USD", "grossProfit": "86479000", "totalRevenue": "96594000", "costOfRevenue": "10115000", "costofGoodsAndServicesSold": "10115000", "operatingIncome": "70542000", "sellingGeneralAndAdministrative": "15937000", "researchAndDevelopment": "None", "operatingExpenses": "15937000", "investmentIncomeNet": "None", "netInterestIncome": "None", "interestIncome": "None", "interestExpense": "None", "nonInterestIncome": "None", "otherNonOperatingIncome": "826000", "depreciation": "None", "depreciationAndAmortization": "3335000", "incomeBeforeTax": "71368000", "incomeTaxExpense": "13967000", "interestAndDebtExpense": "None", "netIncomeFromContinuingOperations": "57401000", "comprehensiveIncomeNetOfTax": "None", "ebit": "70542000", "ebitda": "73877000", "netIncome": "57401000"}, {"fiscalDateEnding": "2019-12-31", "reportedCurrency": "USD", "grossProfit": "104327000", "totalRevenue": "113332000", "costOfRevenue": "9005000", "costofGoodsAndServicesSold": "9005000", "operatingIncome": "90360000", "sellingGeneralAndAdministrative": "13967000", "researchAndDevelopment": "None", "operatingExpenses": "13967000", "investmentIncomeNet": "None", "netInterestIncome": "None", "interestIncome": "None", "interestExpense": "None", "nonInterestIncome": "None", "otherNonOperatingIncome": "911000", "depreciation": "None", "depreciationAndAmortization": "3620000", "incomeBeforeTax": "91271000", "incomeTaxExpense": "19949000", "interestAndDebtExpense": "None", "netIncomeFromContinuingOperations": "69122000", "comprehensiveIncomeNetOfTax": "None", "ebit": "88160000", "ebitda": "91780000", "netIncome": "69122000"}, {"fiscalDateEnding": "2019-09-30", "reportedCurrency": "USD", "grossProfit": "90777000", "totalRevenue": "98530000", "costOfRevenue": "7753000", "costofGoodsAndServicesSold": "7753000", "operatingIncome": "73818000", "sellingGeneralAndAdministrative": "16959000", "researchAndDevelopment": "None", "operatingExpenses": "16959000", "investmentIncomeNet": "None", "netInterestIncome": "None", "interestIncome": "None", "interestExpense": "None", "nonInterestIncome": "None", "otherNonOperatingIncome": "941000", "depreciation": "None", "depreciationAndAmortization": "2631000", "incomeBeforeTax": "74759000", "incomeTaxExpense": "14737000", "interestAndDebtExpense": "None", "netIncomeFromContinuingOperations": "60022000", "comprehensiveIncomeNetOfTax": "None", "ebit": "73818000", "ebitda": "76449000", "netIncome": "60022000"}, {"fiscalDateEnding": "2019-06-30", "reportedCurrency": "USD", "grossProfit": "80136000", "totalRevenue": "87310000", "costOfRevenue": "7174000", "costofGoodsAndServicesSold": "7174000", "operatingIncome": "62442000", "sellingGeneralAndAdministrative": "17694000", "researchAndDevelopment": "None", "operatingExpenses": "17694000", "investmentIncomeNet": "None", "netInterestIncome": "None", "interestIncome": "None", "interestExpense": "None", "nonInterestIncome": "None", "otherNonOperatingIncome": "437000", "depreciation": "None", "depreciationAndAmortization": "1451000", "incomeBeforeTax": "62879000", "incomeTaxExpense": "13293000", "interestAndDebtExpense": "None", "netIncomeFromContinuingOperations": "49586000", "comprehensiveIncomeNetOfTax": "None", "ebit": "62442000", "ebitda": "63893000", "netIncome": "49586000"}, {"fiscalDateEnding": "2019-03-31", "reportedCurrency": "USD", "grossProfit": "185542000", "totalRevenue": "191324000", "costOfRevenue": "5782000", "costofGoodsAndServicesSold": "5782000", "operatingIncome": "175153000", "sellingGeneralAndAdministrative": "10389000", "researchAndDevelopment": "None", "operatingExpenses": "10389000", "investmentIncomeNet": "None", "netInterestIncome": "None", "interestIncome": "None", "interestExpense": "None", "nonInterestIncome": "None", "otherNonOperatingIncome": "393000", "depreciation": "None", "depreciationAndAmortization": "1204000", "incomeBeforeTax": "175546000", "incomeTaxExpense": "35548000", "interestAndDebtExpense": "None", "netIncomeFromContinuingOperations": "139998000", "comprehensiveIncomeNetOfTax": "None", "ebit": "175153000", "ebitda": "176357000", "netIncome": "139998000"}, {"fiscalDateEnding": "2018-12-31", "reportedCurrency": "USD", "grossProfit": "88570000", "totalRevenue": "93201000", "costOfRevenue": "4631000", "costofGoodsAndServicesSold": "4631000", "operatingIncome": "77889000", "sellingGeneralAndAdministrative": "11074000", "researchAndDevelopment": "0", "operatingExpenses": "10681000", "investmentIncomeNet": "None", "netInterestIncome": "None", "interestIncome": "None", "interestExpense": "0", "nonInterestIncome": "None", "otherNonOperatingIncome": "390000", "depreciation": "None", "depreciationAndAmortization": "1064000", "incomeBeforeTax": "78279000", "incomeTaxExpense": "15599000", "interestAndDebtExpense": "None", "netIncomeFromContinuingOperations": "62680000", "comprehensiveIncomeNetOfTax": "None", "ebit": "77889000", "ebitda": "78953000", "netIncome": "62680000"}, {"fiscalDateEnding": "2018-09-30", "reportedCurrency": "USD", "grossProfit": "68755000", "totalRevenue": "73168000", "costOfRevenue": "4413000", "costofGoodsAndServicesSold": "4413000", "operatingIncome": "62959000", "sellingGeneralAndAdministrative": "5664000", "researchAndDevelopment": "0", "operatingExpenses": "5796000", "investmentIncomeNet": "None", "netInterestIncome": "None", "interestIncome": "None", "interestExpense": "0", "nonInterestIncome": "None", "otherNonOperatingIncome": "236000", "depreciation": "None", "depreciationAndAmortization": "706000", "incomeBeforeTax": "63195000", "incomeTaxExpense": "12433000", "interestAndDebtExpense": "None", "netIncomeFromContinuingOperations": "50762000", "comprehensiveIncomeNetOfTax": "None", "ebit": "62959000", "ebitda": "63665000", "netIncome": "50762000"}, {"fiscalDateEnding": "2018-06-30", "reportedCurrency": "USD", "grossProfit": "70773000", "totalRevenue": "73844000", "costOfRevenue": "3071000", "costofGoodsAndServicesSold": "3071000", "operatingIncome": "65505000", "sellingGeneralAndAdministrative": "5153000", "researchAndDevelopment": "0", "operatingExpenses": "5268000", "investmentIncomeNet": "None", "netInterestIncome": "None", "interestIncome": "None", "interestExpense": "0", "nonInterestIncome": "None", "otherNonOperatingIncome": "160000", "depreciation": "None", "depreciationAndAmortization": "483000", "incomeBeforeTax": "65665000", "incomeTaxExpense": "13162000", "interestAndDebtExpense": "None", "netIncomeFromContinuingOperations": "52503000", "comprehensiveIncomeNetOfTax": "None", "ebit": "65505000", "ebitda": "65988000", "netIncome": "52503000"}, {"fiscalDateEnding": "2018-03-31", "reportedCurrency": "USD", "grossProfit": "58371000", "totalRevenue": "60007000", "costOfRevenue": "1636000", "costofGoodsAndServicesSold": "1636000", "operatingIncome": "54481000", "sellingGeneralAndAdministrative": "3744000", "researchAndDevelopment": "0", "operatingExpenses": "3890000", "investmentIncomeNet": "None", "netInterestIncome": "None", "interestIncome": "None", "interestExpense": "0", "nonInterestIncome": "None", "otherNonOperatingIncome": "130000", "depreciation": "None", "depreciationAndAmortization": "330000", "incomeBeforeTax": "54611000", "incomeTaxExpense": "10820000", "interestAndDebtExpense": "None", "netIncomeFromContinuingOperations": "43791000", "comprehensiveIncomeNetOfTax": "None", "ebit": "54481000", "ebitda": "54811000", "netIncome": "43791000"}, {"fiscalDateEnding": "2017-12-31", "reportedCurrency": "USD", "grossProfit": "37995224", "totalRevenue": "38275224", "costOfRevenue": "280000", "costofGoodsAndServicesSold": "280000", "operatingIncome": "33868685", "sellingGeneralAndAdministrative": "2589138", "researchAndDevelopment": "0", "operatingExpenses": "3539539", "investmentIncomeNet": "None", "netInterestIncome": "None", "interestIncome": "None", "interestExpense": "44868", "nonInterestIncome": "None", "otherNonOperatingIncome": "44868", "depreciation": "None", "depreciationAndAmortization": "63469", "incomeBeforeTax": "33913553", "incomeTaxExpense": "15554140", "interestAndDebtExpense": "None", "netIncomeFromContinuingOperations": "18359414", "comprehensiveIncomeNetOfTax": "None", "ebit": "33868685", "ebitda": "33932154", "netIncome": "18359413"}, {"fiscalDateEnding": "2017-09-30", "reportedCurrency": "USD", "grossProfit": "42066454", "totalRevenue": "42476454", "costOfRevenue": "410000", "costofGoodsAndServicesSold": "410000", "operatingIncome": "39071366", "sellingGeneralAndAdministrative": "2608455", "researchAndDevelopment": "0", "operatingExpenses": "3405088", "investmentIncomeNet": "None", "netInterestIncome": "None", "interestIncome": "None", "interestExpense": "20073", "nonInterestIncome": "None", "otherNonOperatingIncome": "20073", "depreciation": "None", "depreciationAndAmortization": "208801", "incomeBeforeTax": "39091439", "incomeTaxExpense": "12686727", "interestAndDebtExpense": "None", "netIncomeFromContinuingOperations": "26404712", "comprehensiveIncomeNetOfTax": "None", "ebit": "39071366", "ebitda": "39280167", "netIncome": "33002000"}, {"fiscalDateEnding": "2017-06-30", "reportedCurrency": "USD", "grossProfit": "27253554", "totalRevenue": "27348554", "costOfRevenue": "95000", "costofGoodsAndServicesSold": "95000", "operatingIncome": "24731884", "sellingGeneralAndAdministrative": "1854463", "researchAndDevelopment": "0", "operatingExpenses": "2616670", "investmentIncomeNet": "None", "netInterestIncome": "None", "interestIncome": "None", "interestExpense": "9565", "nonInterestIncome": "None", "otherNonOperatingIncome": "9565", "depreciation": "None", "depreciationAndAmortization": "84611", "incomeBeforeTax": "24741449", "incomeTaxExpense": "8029997", "interestAndDebtExpense": "None", "netIncomeFromContinuingOperations": "16711452", "comprehensiveIncomeNetOfTax": "None", "ebit": "24731884", "ebitda": "24816495", "netIncome": "20350000"}, {"fiscalDateEnding": "2017-03-31", "reportedCurrency": "USD", "grossProfit": "24209768", "totalRevenue": "24228768", "costOfRevenue": "19000", "costofGoodsAndServicesSold": "19000", "operatingIncome": "22104065", "sellingGeneralAndAdministrative": "1464944", "researchAndDevelopment": "0", "operatingExpenses": "2124703", "investmentIncomeNet": "None", "netInterestIncome": "None", "interestIncome": "None", "interestExpense": "9494", "nonInterestIncome": "None", "otherNonOperatingIncome": "9494", "depreciation": "None", "depreciationAndAmortization": "19119", "incomeBeforeTax": "22113559", "incomeTaxExpense": "7228137", "interestAndDebtExpense": "None", "netIncomeFromContinuingOperations": "14885422", "comprehensiveIncomeNetOfTax": "None", "ebit": "22104065", "ebitda": "22123184", "netIncome": "14885422"}, {"fiscalDateEnding": "2016-12-31", "reportedCurrency": "USD", "grossProfit": "15963217", "totalRevenue": "17563217", "costOfRevenue": "1600000", "costofGoodsAndServicesSold": "1600000", "operatingIncome": "16071576", "sellingGeneralAndAdministrative": "899620", "researchAndDevelopment": "0", "operatingExpenses": "1448351", "investmentIncomeNet": "None", "netInterestIncome": "None", "interestIncome": "None", "interestExpense": "9784", "nonInterestIncome": "None", "otherNonOperatingIncome": "9784", "depreciation": "None", "depreciationAndAmortization": "24616", "incomeBeforeTax": "16081360", "incomeTaxExpense": "5174390", "interestAndDebtExpense": "None", "netIncomeFromContinuingOperations": "10906970", "comprehensiveIncomeNetOfTax": "None", "ebit": "16071576", "ebitda": "16096192", "netIncome": "10906970"}, {"fiscalDateEnding": "2016-09-30", "reportedCurrency": "USD", "grossProfit": "14265752", "totalRevenue": "14265752", "costOfRevenue": "1167000", "costofGoodsAndServicesSold": "1167000", "operatingIncome": "13092176", "sellingGeneralAndAdministrative": "676332", "researchAndDevelopment": "0", "operatingExpenses": "1173576", "investmentIncomeNet": "None", "netInterestIncome": "None", "interestIncome": "None", "interestExpense": "7500", "nonInterestIncome": "None", "otherNonOperatingIncome": "7500", "depreciation": "None", "depreciationAndAmortization": "5700", "incomeBeforeTax": "13099676", "incomeTaxExpense": "4170264", "interestAndDebtExpense": "None", "netIncomeFromContinuingOperations": "8929412", "comprehensiveIncomeNetOfTax": "None", "ebit": "13092176", "ebitda": "13097876", "netIncome": "8929412"}, {"fiscalDateEnding": "2016-06-30", "reportedCurrency": "USD", "grossProfit": "16190266", "totalRevenue": "16190266", "costOfRevenue": "1086000", "costofGoodsAndServicesSold": "1086000", "operatingIncome": "15097626", "sellingGeneralAndAdministrative": "698423", "researchAndDevelopment": "0", "operatingExpenses": "1092640", "investmentIncomeNet": "None", "netInterestIncome": "None", "interestIncome": "None", "interestExpense": "5844", "nonInterestIncome": "None", "otherNonOperatingIncome": "5844", "depreciation": "None", "depreciationAndAmortization": "5700", "incomeBeforeTax": "15103470", "incomeTaxExpense": "4980353", "interestAndDebtExpense": "None", "netIncomeFromContinuingOperations": "10123117", "comprehensiveIncomeNetOfTax": "None", "ebit": "15097626", "ebitda": "15103326", "netIncome": "10123117"}, {"fiscalDateEnding": "2016-03-31", "reportedCurrency": "USD", "grossProfit": "11892161", "totalRevenue": "11892161", "costOfRevenue": "1089000", "costofGoodsAndServicesSold": "1089000", "operatingIncome": "10796472", "sellingGeneralAndAdministrative": "749105", "researchAndDevelopment": "0", "operatingExpenses": "1095689", "investmentIncomeNet": "None", "netInterestIncome": "None", "interestIncome": "None", "interestExpense": "5942", "nonInterestIncome": "None", "otherNonOperatingIncome": "5942", "depreciation": "None", "depreciationAndAmortization": "7274", "incomeBeforeTax": "10802414", "incomeTaxExpense": "3522363", "interestAndDebtExpense": "None", "netIncomeFromContinuingOperations": "7280051", "comprehensiveIncomeNetOfTax": "None", "ebit": "10796472", "ebitda": "10803746", "netIncome": "7280051"}, {"fiscalDateEnding": "2015-12-31", "reportedCurrency": "USD", "grossProfit": "13400410", "totalRevenue": "14714861", "costOfRevenue": "1314451", "costofGoodsAndServicesSold": "1314451", "operatingIncome": "13338974", "sellingGeneralAndAdministrative": "936615", "researchAndDevelopment": "0", "operatingExpenses": "1340055", "investmentIncomeNet": "None", "netInterestIncome": "None", "interestIncome": "None", "interestExpense": "6197", "nonInterestIncome": "None", "otherNonOperatingIncome": "6198", "depreciation": "None", "depreciationAndAmortization": "11575", "incomeBeforeTax": "13345171", "incomeTaxExpense": "4350114", "interestAndDebtExpense": "None", "netIncomeFromContinuingOperations": "8995057", "comprehensiveIncomeNetOfTax": "None", "ebit": "13338974", "ebitda": "13350549", "netIncome": "8995057"}, {"fiscalDateEnding": "2015-09-30", "reportedCurrency": "USD", "grossProfit": "18179458", "totalRevenue": "18179458", "costOfRevenue": "590984", "costofGoodsAndServicesSold": "590984", "operatingIncome": "17225918", "sellingGeneralAndAdministrative": "590984", "researchAndDevelopment": "0", "operatingExpenses": "953540", "investmentIncomeNet": "None", "netInterestIncome": "None", "interestIncome": "None", "interestExpense": "7290", "nonInterestIncome": "None", "otherNonOperatingIncome": "7290", "depreciation": "None", "depreciationAndAmortization": "4500", "incomeBeforeTax": "17233208", "incomeTaxExpense": "5771859", "interestAndDebtExpense": "None", "netIncomeFromContinuingOperations": "11461349", "comprehensiveIncomeNetOfTax": "None", "ebit": "17225918", "ebitda": "17230418", "netIncome": "11461349"}, {"fiscalDateEnding": "2015-06-30", "reportedCurrency": "USD", "grossProfit": "11787875", "totalRevenue": "11787875", "costOfRevenue": "503799", "costofGoodsAndServicesSold": "503799", "operatingIncome": "10941774", "sellingGeneralAndAdministrative": "503799", "researchAndDevelopment": "0", "operatingExpenses": "846101", "investmentIncomeNet": "None", "netInterestIncome": "None", "interestIncome": "None", "interestExpense": "7259", "nonInterestIncome": "None", "otherNonOperatingIncome": "7259", "depreciation": "None", "depreciationAndAmortization": "4500", "incomeBeforeTax": "10949033", "incomeTaxExpense": "3533021", "interestAndDebtExpense": "None", "netIncomeFromContinuingOperations": "7416012", "comprehensiveIncomeNetOfTax": "None", "ebit": "10941774", "ebitda": "10946274", "netIncome": "7416012"}, {"fiscalDateEnding": "2015-03-31", "reportedCurrency": "USD", "grossProfit": "34732660", "totalRevenue": "34732660", "costOfRevenue": "607464", "costofGoodsAndServicesSold": "607464", "operatingIncome": "33748918", "sellingGeneralAndAdministrative": "607464", "researchAndDevelopment": "0", "operatingExpenses": "983742", "investmentIncomeNet": "None", "netInterestIncome": "None", "interestIncome": "None", "interestExpense": "6693", "nonInterestIncome": "None", "otherNonOperatingIncome": "6693", "depreciation": "None", "depreciationAndAmortization": "4799", "incomeBeforeTax": "33755611", "incomeTaxExpense": "11589522", "interestAndDebtExpense": "None", "netIncomeFromContinuingOperations": "22166089", "comprehensiveIncomeNetOfTax": "None", "ebit": "33748918", "ebitda": "33753717", "netIncome": "22166089"}, {"fiscalDateEnding": "2014-12-31", "reportedCurrency": "USD", "grossProfit": "11750283", "totalRevenue": "13291018", "costOfRevenue": "1540735", "costofGoodsAndServicesSold": "1540735", "operatingIncome": "12196497", "sellingGeneralAndAdministrative": "682663", "researchAndDevelopment": "0", "operatingExpenses": "1074791", "investmentIncomeNet": "None", "netInterestIncome": "None", "interestIncome": "None", "interestExpense": "4050", "nonInterestIncome": "None", "otherNonOperatingIncome": "4050", "depreciation": "None", "depreciationAndAmortization": "2137", "incomeBeforeTax": "12200547", "incomeTaxExpense": "3965655", "interestAndDebtExpense": "None", "netIncomeFromContinuingOperations": "8234892", "comprehensiveIncomeNetOfTax": "None", "ebit": "12196497", "ebitda": "12198634", "netIncome": "8234892"}, {"fiscalDateEnding": "2014-09-30", "reportedCurrency": "USD", "grossProfit": "14752719", "totalRevenue": "14752719", "costOfRevenue": "872000", "costofGoodsAndServicesSold": "872000", "operatingIncome": "13874798", "sellingGeneralAndAdministrative": "444173", "researchAndDevelopment": "0", "operatingExpenses": "877921", "investmentIncomeNet": "None", "netInterestIncome": "None", "interestIncome": "None", "interestExpense": "3749", "nonInterestIncome": "None", "otherNonOperatingIncome": "3749", "depreciation": "None", "depreciationAndAmortization": "5655", "incomeBeforeTax": "13878547", "incomeTaxExpense": "4512504", "interestAndDebtExpense": "None", "netIncomeFromContinuingOperations": "9366043", "comprehensiveIncomeNetOfTax": "None", "ebit": "13874798", "ebitda": "13880453", "netIncome": "9366043"}, {"fiscalDateEnding": "2014-06-30", "reportedCurrency": "USD", "grossProfit": "15579884", "totalRevenue": "15579884", "costOfRevenue": "864000", "costofGoodsAndServicesSold": "864000", "operatingIncome": "14709532", "sellingGeneralAndAdministrative": "422649", "researchAndDevelopment": "0", "operatingExpenses": "870352", "investmentIncomeNet": "None", "netInterestIncome": "None", "interestIncome": "None", "interestExpense": "3380", "nonInterestIncome": "None", "otherNonOperatingIncome": "3380", "depreciation": "None", "depreciationAndAmortization": "6283", "incomeBeforeTax": "14712912", "incomeTaxExpense": "4798745", "interestAndDebtExpense": "None", "netIncomeFromContinuingOperations": "9914167", "comprehensiveIncomeNetOfTax": "None", "ebit": "14709532", "ebitda": "14715815", "netIncome": "9914167"}, {"fiscalDateEnding": "2014-03-31", "reportedCurrency": "USD", "grossProfit": "11578609", "totalRevenue": "11578609", "costOfRevenue": "937000", "costofGoodsAndServicesSold": "937000", "operatingIncome": "10636204", "sellingGeneralAndAdministrative": "515728", "researchAndDevelopment": "0", "operatingExpenses": "942405", "investmentIncomeNet": "None", "netInterestIncome": "None", "interestIncome": "None", "interestExpense": "3344", "nonInterestIncome": "None", "otherNonOperatingIncome": "3344", "depreciation": "None", "depreciationAndAmortization": "5655", "incomeBeforeTax": "10639548", "incomeTaxExpense": "3389630", "interestAndDebtExpense": "None", "netIncomeFromContinuingOperations": "7249918", "comprehensiveIncomeNetOfTax": "None", "ebit": "10636204", "ebitda": "10641859", "netIncome": "7249918"}, {"fiscalDateEnding": "2013-12-31", "reportedCurrency": "USD", "grossProfit": "11241314", "totalRevenue": "12500601", "costOfRevenue": "1259287", "costofGoodsAndServicesSold": "1259287", "operatingIncome": "11142193", "sellingGeneralAndAdministrative": "878546", "researchAndDevelopment": "0", "operatingExpenses": "1342122", "investmentIncomeNet": "None", "netInterestIncome": "None", "interestIncome": "None", "interestExpense": "3082", "nonInterestIncome": "None", "otherNonOperatingIncome": "3082", "depreciation": "None", "depreciationAndAmortization": "2965", "incomeBeforeTax": "11145275", "incomeTaxExpense": "3626169", "interestAndDebtExpense": "None", "netIncomeFromContinuingOperations": "7519106", "comprehensiveIncomeNetOfTax": "None", "ebit": "11142193", "ebitda": "11145158", "netIncome": "7519106"}, {"fiscalDateEnding": "2013-09-30", "reportedCurrency": "USD", "grossProfit": "14933866", "totalRevenue": "14933866", "costOfRevenue": "828000", "costofGoodsAndServicesSold": "828000", "operatingIncome": "14101172", "sellingGeneralAndAdministrative": "493338", "researchAndDevelopment": "0", "operatingExpenses": "832694", "investmentIncomeNet": "None", "netInterestIncome": "None", "interestIncome": "None", "interestExpense": "2743", "nonInterestIncome": "None", "otherNonOperatingIncome": "2743", "depreciation": "None", "depreciationAndAmortization": "4095", "incomeBeforeTax": "14103915", "incomeTaxExpense": "4672797", "interestAndDebtExpense": "None", "netIncomeFromContinuingOperations": "9431118", "comprehensiveIncomeNetOfTax": "None", "ebit": "14101172", "ebitda": "14105267", "netIncome": "9431118"}, {"fiscalDateEnding": "2013-06-30", "reportedCurrency": "USD", "grossProfit": "9950824", "totalRevenue": "9950824", "costOfRevenue": "900000", "costofGoodsAndServicesSold": "900000", "operatingIncome": "9046569", "sellingGeneralAndAdministrative": "520140", "researchAndDevelopment": "0", "operatingExpenses": "904255", "investmentIncomeNet": "None", "netInterestIncome": "None", "interestIncome": "None", "interestExpense": "3109", "nonInterestIncome": "None", "otherNonOperatingIncome": "3109", "depreciation": "None", "depreciationAndAmortization": "5131", "incomeBeforeTax": "9049678", "incomeTaxExpense": "2919238", "interestAndDebtExpense": "None", "netIncomeFromContinuingOperations": "6130440", "comprehensiveIncomeNetOfTax": "None", "ebit": "9046569", "ebitda": "9051700", "netIncome": "6130440"}, {"fiscalDateEnding": "2013-03-31", "reportedCurrency": "USD", "grossProfit": "6723783", "totalRevenue": "6723783", "costOfRevenue": "16504", "costofGoodsAndServicesSold": "16504", "operatingIncome": "5840639", "sellingGeneralAndAdministrative": "641557", "researchAndDevelopment": "0", "operatingExpenses": "883144", "investmentIncomeNet": "None", "netInterestIncome": "None", "interestIncome": "None", "interestExpense": "3071", "nonInterestIncome": "None", "otherNonOperatingIncome": "3071", "depreciation": "None", "depreciationAndAmortization": "4095", "incomeBeforeTax": "5843710", "incomeTaxExpense": "1705866", "interestAndDebtExpense": "None", "netIncomeFromContinuingOperations": "4137844", "comprehensiveIncomeNetOfTax": "None", "ebit": "5840639", "ebitda": "5844734", "netIncome": "4137844"}, {"fiscalDateEnding": "2012-12-31", "reportedCurrency": "USD", "grossProfit": "7799557", "totalRevenue": "7816061", "costOfRevenue": "16504", "costofGoodsAndServicesSold": "16504", "operatingIncome": "6214074", "sellingGeneralAndAdministrative": "899319", "researchAndDevelopment": "0", "operatingExpenses": "1041781", "investmentIncomeNet": "None", "netInterestIncome": "None", "interestIncome": "None", "interestExpense": "539268", "nonInterestIncome": "None", "otherNonOperatingIncome": "4434", "depreciation": "None", "depreciationAndAmortization": "6940", "incomeBeforeTax": "6218508", "incomeTaxExpense": "2104711", "interestAndDebtExpense": "None", "netIncomeFromContinuingOperations": "4113797", "comprehensiveIncomeNetOfTax": "None", "ebit": "6757776", "ebitda": "6764716", "netIncome": "4113797"}, {"fiscalDateEnding": "2012-09-30", "reportedCurrency": "USD", "grossProfit": "6857629", "totalRevenue": "6857629", "costOfRevenue": "670000", "costofGoodsAndServicesSold": "670000", "operatingIncome": "6365183", "sellingGeneralAndAdministrative": "427963", "researchAndDevelopment": "0", "operatingExpenses": "673298", "investmentIncomeNet": "None", "netInterestIncome": "None", "interestIncome": "None", "interestExpense": "185652", "nonInterestIncome": "None", "otherNonOperatingIncome": "4800", "depreciation": "None", "depreciationAndAmortization": "3021", "incomeBeforeTax": "6369983", "incomeTaxExpense": "2058891", "interestAndDebtExpense": "None", "netIncomeFromContinuingOperations": "4311092", "comprehensiveIncomeNetOfTax": "None", "ebit": "6365183", "ebitda": "6368204", "netIncome": "4311092"}, {"fiscalDateEnding": "2012-06-30", "reportedCurrency": "USD", "grossProfit": "8521245", "totalRevenue": "8521245", "costOfRevenue": "747000", "costofGoodsAndServicesSold": "747000", "operatingIncome": "7951105", "sellingGeneralAndAdministrative": "530733", "researchAndDevelopment": "0", "operatingExpenses": "750629", "investmentIncomeNet": "None", "netInterestIncome": "None", "interestIncome": "None", "interestExpense": "185493", "nonInterestIncome": "None", "otherNonOperatingIncome": "5004", "depreciation": "None", "depreciationAndAmortization": "3522", "incomeBeforeTax": "7956109", "incomeTaxExpense": "2671435", "interestAndDebtExpense": "None", "netIncomeFromContinuingOperations": "5284674", "comprehensiveIncomeNetOfTax": "None", "ebit": "7951105", "ebitda": "7954627", "netIncome": "5284674"}, {"fiscalDateEnding": "2012-03-31", "reportedCurrency": "USD", "grossProfit": "9392521", "totalRevenue": "9392521", "costOfRevenue": "799000", "costofGoodsAndServicesSold": "799000", "operatingIncome": "8773089", "sellingGeneralAndAdministrative": "558178", "researchAndDevelopment": "0", "operatingExpenses": "801793", "investmentIncomeNet": "None", "netInterestIncome": "None", "interestIncome": "None", "interestExpense": "187558", "nonInterestIncome": "None", "otherNonOperatingIncome": "5197", "depreciation": "None", "depreciationAndAmortization": "3021", "incomeBeforeTax": "8778286", "incomeTaxExpense": "2840031", "interestAndDebtExpense": "None", "netIncomeFromContinuingOperations": "5938255", "comprehensiveIncomeNetOfTax": "None", "ebit": "8773089", "ebitda": "8776110", "netIncome": "5938255"}, {"fiscalDateEnding": "2011-12-31", "reportedCurrency": "USD", "grossProfit": "11043258", "totalRevenue": "11043258", "costOfRevenue": "1226000", "costofGoodsAndServicesSold": "1226000", "operatingIncome": "10004548", "sellingGeneralAndAdministrative": "955617", "researchAndDevelopment": "0", "operatingExpenses": "1229802", "investmentIncomeNet": "None", "netInterestIncome": "None", "interestIncome": "None", "interestExpense": "196304", "nonInterestIncome": "None", "otherNonOperatingIncome": "None", "depreciation": "None", "depreciationAndAmortization": "3315", "incomeBeforeTax": "10009760", "incomeTaxExpense": "3449425", "interestAndDebtExpense": "None", "netIncomeFromContinuingOperations": "0", "comprehensiveIncomeNetOfTax": "None", "ebit": "9813456", "ebitda": "9816771", "netIncome": "6560335"}, {"fiscalDateEnding": "2011-09-30", "reportedCurrency": "USD", "grossProfit": "8344463", "totalRevenue": "8344463", "costOfRevenue": "709000", "costofGoodsAndServicesSold": "709000", "operatingIncome": "7843529", "sellingGeneralAndAdministrative": "470305", "researchAndDevelopment": "0", "operatingExpenses": "712265", "investmentIncomeNet": "None", "netInterestIncome": "None", "interestIncome": "None", "interestExpense": "215916", "nonInterestIncome": "None", "otherNonOperatingIncome": "4585", "depreciation": "None", "depreciationAndAmortization": "3120", "incomeBeforeTax": "7848114", "incomeTaxExpense": "2589178", "interestAndDebtExpense": "None", "netIncomeFromContinuingOperations": "5258936", "comprehensiveIncomeNetOfTax": "None", "ebit": "7632198", "ebitda": "7635318", "netIncome": "5258936"}, {"fiscalDateEnding": "2011-06-30", "reportedCurrency": "USD", "grossProfit": "8566282", "totalRevenue": "8566282", "costOfRevenue": "784000", "costofGoodsAndServicesSold": "784000", "operatingIncome": "8008160", "sellingGeneralAndAdministrative": "551968", "researchAndDevelopment": "0", "operatingExpenses": "786436", "investmentIncomeNet": "None", "netInterestIncome": "None", "interestIncome": "None", "interestExpense": "232705", "nonInterestIncome": "None", "otherNonOperatingIncome": "4391", "depreciation": "None", "depreciationAndAmortization": "3120", "incomeBeforeTax": "8012551", "incomeTaxExpense": "2596622", "interestAndDebtExpense": "None", "netIncomeFromContinuingOperations": "5415929", "comprehensiveIncomeNetOfTax": "None", "ebit": "7779846", "ebitda": "7782966", "netIncome": "5415929"}, {"fiscalDateEnding": "2011-03-31", "reportedCurrency": "USD", "grossProfit": "5715768", "totalRevenue": "5715768", "costOfRevenue": "831000", "costofGoodsAndServicesSold": "831000", "operatingIncome": "4881153", "sellingGeneralAndAdministrative": "605157", "researchAndDevelopment": "0", "operatingExpenses": "834615", "investmentIncomeNet": "None", "netInterestIncome": "None", "interestIncome": "None", "interestExpense": "4340", "nonInterestIncome": "None", "otherNonOperatingIncome": "None", "depreciation": "None", "depreciationAndAmortization": "3120", "incomeBeforeTax": "4885493", "incomeTaxExpense": "1525924", "interestAndDebtExpense": "None", "netIncomeFromContinuingOperations": "0", "comprehensiveIncomeNetOfTax": "None", "ebit": "4881153", "ebitda": "4884273", "netIncome": "3359569"}, {"fiscalDateEnding": "2010-12-31", "reportedCurrency": "USD", "grossProfit": "5460446", "totalRevenue": "5460446", "costOfRevenue": "1335000", "costofGoodsAndServicesSold": "1335000", "operatingIncome": "4120452", "sellingGeneralAndAdministrative": "1127449", "researchAndDevelopment": "0", "operatingExpenses": "1339994", "investmentIncomeNet": "None", "netInterestIncome": "None", "interestIncome": "None", "interestExpense": "816393", "nonInterestIncome": "None", "otherNonOperatingIncome": "None", "depreciation": "None", "depreciationAndAmortization": "5929", "incomeBeforeTax": "4125314", "incomeTaxExpense": "1292781", "interestAndDebtExpense": "None", "netIncomeFromContinuingOperations": "0", "comprehensiveIncomeNetOfTax": "None", "ebit": "4120452", "ebitda": "4126381", "netIncome": "2832533"}, {"fiscalDateEnding": "2010-09-30", "reportedCurrency": "USD", "grossProfit": "3885821", "totalRevenue": "3885821", "costOfRevenue": "679000", "costofGoodsAndServicesSold": "679000", "operatingIncome": "3203125", "sellingGeneralAndAdministrative": "497505", "researchAndDevelopment": "0", "operatingExpenses": "682696", "investmentIncomeNet": "None", "netInterestIncome": "None", "interestIncome": "None", "interestExpense": "277628", "nonInterestIncome": "None", "otherNonOperatingIncome": "None", "depreciation": "None", "depreciationAndAmortization": "3000", "incomeBeforeTax": "3211679", "incomeTaxExpense": "983502", "interestAndDebtExpense": "None", "netIncomeFromContinuingOperations": "0", "comprehensiveIncomeNetOfTax": "None", "ebit": "3203125", "ebitda": "3206125", "netIncome": "2228177"}, {"fiscalDateEnding": "2010-06-30", "reportedCurrency": "USD", "grossProfit": "6474516", "totalRevenue": "6474516", "costOfRevenue": "884000", "costofGoodsAndServicesSold": "884000", "operatingIncome": "5587952", "sellingGeneralAndAdministrative": "697983", "researchAndDevelopment": "0", "operatingExpenses": "886564", "investmentIncomeNet": "None", "netInterestIncome": "None", "interestIncome": "None", "interestExpense": "280309", "nonInterestIncome": "None", "otherNonOperatingIncome": "None", "depreciation": "None", "depreciationAndAmortization": "3000", "incomeBeforeTax": "5594027", "incomeTaxExpense": "1788493", "interestAndDebtExpense": "None", "netIncomeFromContinuingOperations": "0", "comprehensiveIncomeNetOfTax": "None", "ebit": "5587952", "ebitda": "5590952", "netIncome": "3805534"}, {"fiscalDateEnding": "2010-03-31", "reportedCurrency": "USD", "grossProfit": "4245182", "totalRevenue": "4245182", "costOfRevenue": "755000", "costofGoodsAndServicesSold": "755000", "operatingIncome": "3486945", "sellingGeneralAndAdministrative": "553783", "researchAndDevelopment": "0", "operatingExpenses": "758237", "investmentIncomeNet": "None", "netInterestIncome": "None", "interestIncome": "None", "interestExpense": "284163", "nonInterestIncome": "None", "otherNonOperatingIncome": "None", "depreciation": "None", "depreciationAndAmortization": "3462", "incomeBeforeTax": "3493161", "incomeTaxExpense": "1050694", "interestAndDebtExpense": "None", "netIncomeFromContinuingOperations": "0", "comprehensiveIncomeNetOfTax": "None", "ebit": "3486945", "ebitda": "3490407", "netIncome": "2442467"}, {"fiscalDateEnding": "2009-12-31", "reportedCurrency": "USD", "grossProfit": "3634794", "totalRevenue": "3634794", "costOfRevenue": "1101000", "costofGoodsAndServicesSold": "1101000", "operatingIncome": "2508668", "sellingGeneralAndAdministrative": "901413", "researchAndDevelopment": "0", "operatingExpenses": "1126126", "investmentIncomeNet": "None", "netInterestIncome": "None", "interestIncome": "None", "interestExpense": "1223890", "nonInterestIncome": "None", "otherNonOperatingIncome": "None", "depreciation": "None", "depreciationAndAmortization": "24142", "incomeBeforeTax": "2516078", "incomeTaxExpense": "746736", "interestAndDebtExpense": "None", "netIncomeFromContinuingOperations": "0", "comprehensiveIncomeNetOfTax": "None", "ebit": "2508668", "ebitda": "2532810", "netIncome": "1769342"}, {"fiscalDateEnding": "2009-09-30", "reportedCurrency": "USD", "grossProfit": "3358264", "totalRevenue": "3358264", "costOfRevenue": "558000", "costofGoodsAndServicesSold": "558000", "operatingIncome": "2794549", "sellingGeneralAndAdministrative": "406512", "researchAndDevelopment": "0", "operatingExpenses": "563715", "investmentIncomeNet": "None", "netInterestIncome": "None", "interestIncome": "None", "interestExpense": "11855", "nonInterestIncome": "None", "otherNonOperatingIncome": "None", "depreciation": "None", "depreciationAndAmortization": "6000", "incomeBeforeTax": "2806404", "incomeTaxExpense": "852704", "interestAndDebtExpense": "None", "netIncomeFromContinuingOperations": "0", "comprehensiveIncomeNetOfTax": "None", "ebit": "2794549", "ebitda": "2800549", "netIncome": "1953700"}, {"fiscalDateEnding": "2009-06-30", "reportedCurrency": "USD", "grossProfit": "4242824", "totalRevenue": "4242824", "costOfRevenue": "747000", "costofGoodsAndServicesSold": "747000", "operatingIncome": "3491688", "sellingGeneralAndAdministrative": "589081", "researchAndDevelopment": "0", "operatingExpenses": "751136", "investmentIncomeNet": "None", "netInterestIncome": "None", "interestIncome": "None", "interestExpense": "325757", "nonInterestIncome": "None", "otherNonOperatingIncome": "None", "depreciation": "None", "depreciationAndAmortization": "6000", "incomeBeforeTax": "3508751", "incomeTaxExpense": "1079902", "interestAndDebtExpense": "None", "netIncomeFromContinuingOperations": "0", "comprehensiveIncomeNetOfTax": "None", "ebit": "3491688", "ebitda": "3497688", "netIncome": "2428849"}, {"fiscalDateEnding": "2009-03-31", "reportedCurrency": "USD", "grossProfit": "1848978", "totalRevenue": "1848978", "costOfRevenue": "645000", "costofGoodsAndServicesSold": "645000", "operatingIncome": "1196431", "sellingGeneralAndAdministrative": "542929", "researchAndDevelopment": "0", "operatingExpenses": "652547", "investmentIncomeNet": "None", "netInterestIncome": "None", "interestIncome": "None", "interestExpense": "329518", "nonInterestIncome": "None", "otherNonOperatingIncome": "None", "depreciation": "None", "depreciationAndAmortization": "6000", "incomeBeforeTax": "1213530", "incomeTaxExpense": "451378", "interestAndDebtExpense": "None", "netIncomeFromContinuingOperations": "0", "comprehensiveIncomeNetOfTax": "None", "ebit": "1196431", "ebitda": "1202431", "netIncome": "762152"}, {"fiscalDateEnding": "2008-12-31", "reportedCurrency": "USD", "grossProfit": "2995442", "totalRevenue": "2995442", "costOfRevenue": "1288000", "costofGoodsAndServicesSold": "1288000", "operatingIncome": "1915819", "sellingGeneralAndAdministrative": "1126826", "researchAndDevelopment": "0", "operatingExpenses": "1079623", "investmentIncomeNet": "None", "netInterestIncome": "None", "interestIncome": "None", "interestExpense": "1385531", "nonInterestIncome": "None", "otherNonOperatingIncome": "None", "depreciation": "None", "depreciationAndAmortization": "13403", "incomeBeforeTax": "1939986", "incomeTaxExpense": "742106", "interestAndDebtExpense": "None", "netIncomeFromContinuingOperations": "0", "comprehensiveIncomeNetOfTax": "None", "ebit": "1915819", "ebitda": "1929222", "netIncome": "1197880"}, {"fiscalDateEnding": "2008-09-30", "reportedCurrency": "USD", "grossProfit": "5992923", "totalRevenue": "5992923", "costOfRevenue": "868000", "costofGoodsAndServicesSold": "868000", "operatingIncome": "5090415", "sellingGeneralAndAdministrative": "587937", "researchAndDevelopment": "0", "operatingExpenses": "902508", "investmentIncomeNet": "None", "netInterestIncome": "None", "interestIncome": "None", "interestExpense": "41255", "nonInterestIncome": "None", "otherNonOperatingIncome": "None", "depreciation": "None", "depreciationAndAmortization": "7800", "incomeBeforeTax": "5131670", "incomeTaxExpense": "1538156", "interestAndDebtExpense": "None", "netIncomeFromContinuingOperations": "0", "comprehensiveIncomeNetOfTax": "None", "ebit": "5090415", "ebitda": "5098215", "netIncome": "3593514"}, {"fiscalDateEnding": "2008-06-30", "reportedCurrency": "USD", "grossProfit": "5352963", "totalRevenue": "5352963", "costOfRevenue": "678000", "costofGoodsAndServicesSold": "678000", "operatingIncome": "4471615", "sellingGeneralAndAdministrative": "430084", "researchAndDevelopment": "0", "operatingExpenses": "881348", "investmentIncomeNet": "None", "netInterestIncome": "None", "interestIncome": "None", "interestExpense": "82735", "nonInterestIncome": "None", "otherNonOperatingIncome": "None", "depreciation": "None", "depreciationAndAmortization": "7800", "incomeBeforeTax": "4554350", "incomeTaxExpense": "1336728", "interestAndDebtExpense": "None", "netIncomeFromContinuingOperations": "0", "comprehensiveIncomeNetOfTax": "None", "ebit": "4471615", "ebitda": "4479415", "netIncome": "3217622"}, {"fiscalDateEnding": "2008-03-31", "reportedCurrency": "USD", "grossProfit": "4954938", "totalRevenue": "4954938", "costOfRevenue": "849000", "costofGoodsAndServicesSold": "849000", "operatingIncome": "4098371", "sellingGeneralAndAdministrative": "639777", "researchAndDevelopment": "0", "operatingExpenses": "856567", "investmentIncomeNet": "None", "netInterestIncome": "None", "interestIncome": "None", "interestExpense": "0", "nonInterestIncome": "None", "otherNonOperatingIncome": "None", "depreciation": "None", "depreciationAndAmortization": "7800", "incomeBeforeTax": "4178960", "incomeTaxExpense": "1248203", "interestAndDebtExpense": "None", "netIncomeFromContinuingOperations": "0", "comprehensiveIncomeNetOfTax": "None", "ebit": "4098371", "ebitda": "4106171", "netIncome": "2930757"}, {"fiscalDateEnding": "2007-12-31", "reportedCurrency": "USD", "grossProfit": "4117390", "totalRevenue": "4117390", "costOfRevenue": "1006000", "costofGoodsAndServicesSold": "1006000", "operatingIncome": "3100946", "sellingGeneralAndAdministrative": "1167015", "researchAndDevelopment": "0", "operatingExpenses": "1016444", "investmentIncomeNet": "None", "netInterestIncome": "None", "interestIncome": "None", "interestExpense": "0", "nonInterestIncome": "None", "otherNonOperatingIncome": "None", "depreciation": "None", "depreciationAndAmortization": "9899", "incomeBeforeTax": "3187938", "incomeTaxExpense": "1016949", "interestAndDebtExpense": "None", "netIncomeFromContinuingOperations": "0", "comprehensiveIncomeNetOfTax": "None", "ebit": "3100946", "ebitda": "3110845", "netIncome": "2170989"}, {"fiscalDateEnding": "2007-09-30", "reportedCurrency": "USD", "grossProfit": "5008768", "totalRevenue": "5008768", "costOfRevenue": "1417000", "costofGoodsAndServicesSold": "1417000", "operatingIncome": "3582480", "sellingGeneralAndAdministrative": "573478", "researchAndDevelopment": "0", "operatingExpenses": "1426288", "investmentIncomeNet": "None", "netInterestIncome": "None", "interestIncome": "None", "interestExpense": "0", "nonInterestIncome": "None", "otherNonOperatingIncome": "None", "depreciation": "None", "depreciationAndAmortization": "8700", "incomeBeforeTax": "3658544", "incomeTaxExpense": "1123409", "interestAndDebtExpense": "None", "netIncomeFromContinuingOperations": "0", "comprehensiveIncomeNetOfTax": "None", "ebit": "3582480", "ebitda": "3591180", "netIncome": "2535135"}, {"fiscalDateEnding": "2007-06-30", "reportedCurrency": "USD", "grossProfit": "3483887", "totalRevenue": "3483887", "costOfRevenue": "760000", "costofGoodsAndServicesSold": "760000", "operatingIncome": "2716296", "sellingGeneralAndAdministrative": "580597", "researchAndDevelopment": "0", "operatingExpenses": "767591", "investmentIncomeNet": "None", "netInterestIncome": "None", "interestIncome": "None", "interestExpense": "0", "nonInterestIncome": "None", "otherNonOperatingIncome": "None", "depreciation": "None", "depreciationAndAmortization": "8700", "incomeBeforeTax": "2814070", "incomeTaxExpense": "841119", "interestAndDebtExpense": "None", "netIncomeFromContinuingOperations": "0", "comprehensiveIncomeNetOfTax": "None", "ebit": "2716296", "ebitda": "2724996", "netIncome": "1972951"}, {"fiscalDateEnding": "2007-03-31", "reportedCurrency": "USD", "grossProfit": "2855066", "totalRevenue": "2855066", "costOfRevenue": "738000", "costofGoodsAndServicesSold": "738000", "operatingIncome": "2107992", "sellingGeneralAndAdministrative": "592630", "researchAndDevelopment": "0", "operatingExpenses": "747074", "investmentIncomeNet": "None", "netInterestIncome": "None", "interestIncome": "None", "interestExpense": "0", "nonInterestIncome": "None", "otherNonOperatingIncome": "None", "depreciation": "None", "depreciationAndAmortization": "8700", "incomeBeforeTax": "2217162", "incomeTaxExpense": "646549", "interestAndDebtExpense": "None", "netIncomeFromContinuingOperations": "0", "comprehensiveIncomeNetOfTax": "None", "ebit": "2107992", "ebitda": "2116692", "netIncome": "1570613"}, {"fiscalDateEnding": "2006-12-31", "reportedCurrency": "USD", "grossProfit": "9147413", "totalRevenue": "9147413", "costOfRevenue": "4118000", "costofGoodsAndServicesSold": "4118000", "operatingIncome": "5013372", "sellingGeneralAndAdministrative": "876252", "researchAndDevelopment": "0", "operatingExpenses": "4134041", "investmentIncomeNet": "None", "netInterestIncome": "None", "interestIncome": "None", "interestExpense": "0", "nonInterestIncome": "None", "otherNonOperatingIncome": "None", "depreciation": "None", "depreciationAndAmortization": "15534", "incomeBeforeTax": "5574656", "incomeTaxExpense": "1774434", "interestAndDebtExpense": "None", "netIncomeFromContinuingOperations": "0", "comprehensiveIncomeNetOfTax": "None", "ebit": "5013372", "ebitda": "5028906", "netIncome": "3800222"}, {"fiscalDateEnding": "2006-09-30", "reportedCurrency": "USD", "grossProfit": "4802539", "totalRevenue": "4802539", "costOfRevenue": "617000", "costofGoodsAndServicesSold": "617000", "operatingIncome": "4178133", "sellingGeneralAndAdministrative": "462955", "researchAndDevelopment": "0", "operatingExpenses": "624406", "investmentIncomeNet": "None", "netInterestIncome": "None", "interestIncome": "None", "interestExpense": "0", "nonInterestIncome": "None", "otherNonOperatingIncome": "None", "depreciation": "None", "depreciationAndAmortization": "7200", "incomeBeforeTax": "4178133", "incomeTaxExpense": "1320431", "interestAndDebtExpense": "None", "netIncomeFromContinuingOperations": "0", "comprehensiveIncomeNetOfTax": "None", "ebit": "4178133", "ebitda": "4185333", "netIncome": "2857702"}, {"fiscalDateEnding": "2006-06-30", "reportedCurrency": "USD", "grossProfit": "5012478", "totalRevenue": "5012478", "costOfRevenue": "694000", "costofGoodsAndServicesSold": "694000", "operatingIncome": "4311222", "sellingGeneralAndAdministrative": "480263", "researchAndDevelopment": "0", "operatingExpenses": "701256", "investmentIncomeNet": "None", "netInterestIncome": "None", "interestIncome": "None", "interestExpense": "0", "nonInterestIncome": "None", "otherNonOperatingIncome": "None", "depreciation": "None", "depreciationAndAmortization": "7200", "incomeBeforeTax": "4311222", "incomeTaxExpense": "1351903", "interestAndDebtExpense": "None", "netIncomeFromContinuingOperations": "0", "comprehensiveIncomeNetOfTax": "None", "ebit": "4311222", "ebitda": "4318422", "netIncome": "2959319"}, {"fiscalDateEnding": "2006-03-31", "reportedCurrency": "USD", "grossProfit": "3498768", "totalRevenue": "3498768", "costOfRevenue": "677000", "costofGoodsAndServicesSold": "677000", "operatingIncome": "2815004", "sellingGeneralAndAdministrative": "488401", "researchAndDevelopment": "0", "operatingExpenses": "683764", "investmentIncomeNet": "None", "netInterestIncome": "None", "interestIncome": "None", "interestExpense": "0", "nonInterestIncome": "None", "otherNonOperatingIncome": "None", "depreciation": "None", "depreciationAndAmortization": "7200", "incomeBeforeTax": "2815004", "incomeTaxExpense": "862385", "interestAndDebtExpense": "None", "netIncomeFromContinuingOperations": "0", "comprehensiveIncomeNetOfTax": "None", "ebit": "2815004", "ebitda": "2822204", "netIncome": "1952619"}, {"fiscalDateEnding": "2005-12-31", "reportedCurrency": "USD", "grossProfit": "5552051", "totalRevenue": "5552051", "costOfRevenue": "1175000", "costofGoodsAndServicesSold": "1175000", "operatingIncome": "4369010", "sellingGeneralAndAdministrative": "1081111", "researchAndDevelopment": "0", "operatingExpenses": "1183041", "investmentIncomeNet": "None", "netInterestIncome": "None", "interestIncome": "None", "interestExpense": "0", "nonInterestIncome": "None", "otherNonOperatingIncome": "None", "depreciation": "None", "depreciationAndAmortization": "8091", "incomeBeforeTax": "3057043", "incomeTaxExpense": "876035", "interestAndDebtExpense": "None", "netIncomeFromContinuingOperations": "0", "comprehensiveIncomeNetOfTax": "None", "ebit": "4369010", "ebitda": "4377101", "netIncome": "2181008"}, {"fiscalDateEnding": "2005-09-30", "reportedCurrency": "USD", "grossProfit": "4101361", "totalRevenue": "4101361", "costOfRevenue": "751000", "costofGoodsAndServicesSold": "751000", "operatingIncome": "3344312", "sellingGeneralAndAdministrative": "590845", "researchAndDevelopment": "0", "operatingExpenses": "757049", "investmentIncomeNet": "None", "netInterestIncome": "None", "interestIncome": "None", "interestExpense": "0", "nonInterestIncome": "None", "otherNonOperatingIncome": "None", "depreciation": "None", "depreciationAndAmortization": "6900", "incomeBeforeTax": "3766027", "incomeTaxExpense": "1165224", "interestAndDebtExpense": "None", "netIncomeFromContinuingOperations": "0", "comprehensiveIncomeNetOfTax": "None", "ebit": "3344312", "ebitda": "3351212", "netIncome": "2600803"}, {"fiscalDateEnding": "2005-06-30", "reportedCurrency": "USD", "grossProfit": "4065220", "totalRevenue": "4065220", "costOfRevenue": "641000", "costofGoodsAndServicesSold": "641000", "operatingIncome": "3416582", "sellingGeneralAndAdministrative": "487621", "researchAndDevelopment": "0", "operatingExpenses": "648638", "investmentIncomeNet": "None", "netInterestIncome": "None", "interestIncome": "None", "interestExpense": "0", "nonInterestIncome": "None", "otherNonOperatingIncome": "None", "depreciation": "None", "depreciationAndAmortization": "6899", "incomeBeforeTax": "3416582", "incomeTaxExpense": "1038379", "interestAndDebtExpense": "None", "netIncomeFromContinuingOperations": "0", "comprehensiveIncomeNetOfTax": "None", "ebit": "3416582", "ebitda": "3423481", "netIncome": "2378203"}, {"fiscalDateEnding": "2005-03-31", "reportedCurrency": "USD", "grossProfit": "2579261", "totalRevenue": "2579261", "costOfRevenue": "639000", "costofGoodsAndServicesSold": "639000", "operatingIncome": "1933076", "sellingGeneralAndAdministrative": "489876", "researchAndDevelopment": "0", "operatingExpenses": "646185", "investmentIncomeNet": "None", "netInterestIncome": "None", "interestIncome": "None", "interestExpense": "0", "nonInterestIncome": "None", "otherNonOperatingIncome": "None", "depreciation": "None", "depreciationAndAmortization": "6901", "incomeBeforeTax": "1933076", "incomeTaxExpense": "580503", "interestAndDebtExpense": "None", "netIncomeFromContinuingOperations": "0", "comprehensiveIncomeNetOfTax": "None", "ebit": "1933076", "ebitda": "1939977", "netIncome": "1352573"}, {"fiscalDateEnding": "2004-12-31", "reportedCurrency": "USD", "grossProfit": "2672496", "totalRevenue": "2672496", "costOfRevenue": "841000", "costofGoodsAndServicesSold": "841000", "operatingIncome": "1819609", "sellingGeneralAndAdministrative": "902357", "researchAndDevelopment": "0", "operatingExpenses": "1568599", "investmentIncomeNet": "None", "netInterestIncome": "None", "interestIncome": "None", "interestExpense": "0", "nonInterestIncome": "None", "otherNonOperatingIncome": "None", "depreciation": "None", "depreciationAndAmortization": "12074", "incomeBeforeTax": "1819609", "incomeTaxExpense": "488307", "interestAndDebtExpense": "None", "netIncomeFromContinuingOperations": "0", "comprehensiveIncomeNetOfTax": "None", "ebit": "1103897", "ebitda": "1115971", "netIncome": "1331302"}]}