{"symbol": "SLB", "annualReports": [{"fiscalDateEnding": "2024-12-31", "reportedCurrency": "USD", "grossProfit": "7460000000", "totalRevenue": "36289000000", "costOfRevenue": "28829000000", "costofGoodsAndServicesSold": "28829000000", "operatingIncome": "6326000000", "sellingGeneralAndAdministrative": "385000000", "researchAndDevelopment": "749000000", "operatingExpenses": "1134000000", "investmentIncomeNet": "None", "netInterestIncome": "-338000000", "interestIncome": "174000000", "interestExpense": "512000000", "nonInterestIncome": "None", "otherNonOperatingIncome": "None", "depreciation": "None", "depreciationAndAmortization": "1885000000", "incomeBeforeTax": "5672000000", "incomeTaxExpense": "1211000000", "interestAndDebtExpense": "None", "netIncomeFromContinuingOperations": "4579000000", "comprehensiveIncomeNetOfTax": "None", "ebit": "6184000000", "ebitda": "8069000000", "netIncome": "4461000000"}, {"fiscalDateEnding": "2023-12-31", "reportedCurrency": "USD", "grossProfit": "6563000000", "totalRevenue": "33135000000", "costOfRevenue": "26572000000", "costofGoodsAndServicesSold": "26572000000", "operatingIncome": "5499000000", "sellingGeneralAndAdministrative": "364000000", "researchAndDevelopment": "711000000", "operatingExpenses": "1075000000", "investmentIncomeNet": "None", "netInterestIncome": "-402000000", "interestIncome": "92000000", "interestExpense": "503000000", "nonInterestIncome": "None", "otherNonOperatingIncome": "None", "depreciation": "None", "depreciationAndAmortization": "1759000000", "incomeBeforeTax": "5282000000", "incomeTaxExpense": "1007000000", "interestAndDebtExpense": "None", "netIncomeFromContinuingOperations": "4209000000", "comprehensiveIncomeNetOfTax": "None", "ebit": "5785000000", "ebitda": "7544000000", "netIncome": "4203000000"}, {"fiscalDateEnding": "2022-12-31", "reportedCurrency": "USD", "grossProfit": "5161000000", "totalRevenue": "28091000000", "costOfRevenue": "22930000000", "costofGoodsAndServicesSold": "22930000000", "operatingIncome": "4761000000", "sellingGeneralAndAdministrative": "376000000", "researchAndDevelopment": "634000000", "operatingExpenses": "1010000000", "investmentIncomeNet": "None", "netInterestIncome": "120000000", "interestIncome": "120000000", "interestExpense": "490000000", "nonInterestIncome": "None", "otherNonOperatingIncome": "610000000", "depreciation": "None", "depreciationAndAmortization": "1669000000", "incomeBeforeTax": "4271000000", "incomeTaxExpense": "779000000", "interestAndDebtExpense": "None", "netIncomeFromContinuingOperations": "3492000000", "comprehensiveIncomeNetOfTax": "None", "ebit": "4761000000", "ebitda": "6430000000", "netIncome": "3441000000"}, {"fiscalDateEnding": "2021-12-31", "reportedCurrency": "USD", "grossProfit": "3658000000", "totalRevenue": "22929000000", "costOfRevenue": "19271000000", "costofGoodsAndServicesSold": "19271000000", "operatingIncome": "793000000", "sellingGeneralAndAdministrative": "339000000", "researchAndDevelopment": "554000000", "operatingExpenses": "893000000", "investmentIncomeNet": "None", "netInterestIncome": "-391000000", "interestIncome": "148000000", "interestExpense": "539000000", "nonInterestIncome": "None", "otherNonOperatingIncome": "148000000", "depreciation": "None", "depreciationAndAmortization": "2120000000", "incomeBeforeTax": "2374000000", "incomeTaxExpense": "446000000", "interestAndDebtExpense": "None", "netIncomeFromContinuingOperations": "1928000000", "comprehensiveIncomeNetOfTax": "None", "ebit": "793000000", "ebitda": "2913000000", "netIncome": "1881000000"}, {"fiscalDateEnding": "2020-12-31", "reportedCurrency": "USD", "grossProfit": "2601000000", "totalRevenue": "23601000000", "costOfRevenue": "21000000000", "costofGoodsAndServicesSold": "21000000000", "operatingIncome": "-747000000", "sellingGeneralAndAdministrative": "365000000", "researchAndDevelopment": "580000000", "operatingExpenses": "945000000", "investmentIncomeNet": "None", "netInterestIncome": "-400000000", "interestIncome": "163000000", "interestExpense": "563000000", "nonInterestIncome": "None", "otherNonOperatingIncome": "267000000", "depreciation": "None", "depreciationAndAmortization": "1971000000", "incomeBeforeTax": "-11298000000", "incomeTaxExpense": "-812000000", "interestAndDebtExpense": "None", "netIncomeFromContinuingOperations": "-10486000000", "comprehensiveIncomeNetOfTax": "None", "ebit": "-10735000000", "ebitda": "-8764000000", "netIncome": "-10486000000"}, {"fiscalDateEnding": "2019-12-31", "reportedCurrency": "USD", "grossProfit": "4197000000", "totalRevenue": "32917000000", "costOfRevenue": "28720000000", "costofGoodsAndServicesSold": "28720000000", "operatingIncome": "-497000000", "sellingGeneralAndAdministrative": "474000000", "researchAndDevelopment": "717000000", "operatingExpenses": "1191000000", "investmentIncomeNet": "None", "netInterestIncome": "-568000000", "interestIncome": "41000000", "interestExpense": "609000000", "nonInterestIncome": "None", "otherNonOperatingIncome": "86000000", "depreciation": "None", "depreciationAndAmortization": "3589000000", "incomeBeforeTax": "-10418000000", "incomeTaxExpense": "-311000000", "interestAndDebtExpense": "None", "netIncomeFromContinuingOperations": "-10107000000", "comprehensiveIncomeNetOfTax": "None", "ebit": "-9844000000", "ebitda": "-6255000000", "netIncome": "-10107000000"}, {"fiscalDateEnding": "2018-12-31", "reportedCurrency": "USD", "grossProfit": "4337000000", "totalRevenue": "32815000000", "costOfRevenue": "28478000000", "costofGoodsAndServicesSold": "28478000000", "operatingIncome": "3191000000", "sellingGeneralAndAdministrative": "444000000", "researchAndDevelopment": "702000000", "operatingExpenses": "1146000000", "investmentIncomeNet": "None", "netInterestIncome": "-515000000", "interestIncome": "60000000", "interestExpense": "575000000", "nonInterestIncome": "None", "otherNonOperatingIncome": "364000000", "depreciation": "None", "depreciationAndAmortization": "3556000000", "incomeBeforeTax": "2624000000", "incomeTaxExpense": "447000000", "interestAndDebtExpense": "None", "netIncomeFromContinuingOperations": "2177000000", "comprehensiveIncomeNetOfTax": "None", "ebit": "3191000000", "ebitda": "6747000000", "netIncome": "2138000000"}, {"fiscalDateEnding": "2017-12-31", "reportedCurrency": "USD", "grossProfit": "3897000000", "totalRevenue": "30440000000", "costOfRevenue": "26543000000", "costofGoodsAndServicesSold": "26543000000", "operatingIncome": "2678000000", "sellingGeneralAndAdministrative": "432000000", "researchAndDevelopment": "787000000", "operatingExpenses": "1219000000", "investmentIncomeNet": "None", "netInterestIncome": "-438000000", "interestIncome": "128000000", "interestExpense": "566000000", "nonInterestIncome": "None", "otherNonOperatingIncome": "224000000", "depreciation": "None", "depreciationAndAmortization": "3837000000", "incomeBeforeTax": "-1183000000", "incomeTaxExpense": "330000000", "interestAndDebtExpense": "None", "netIncomeFromContinuingOperations": "-1513000000", "comprehensiveIncomeNetOfTax": "None", "ebit": "2923000000", "ebitda": "6760000000", "netIncome": "-1505000000"}, {"fiscalDateEnding": "2016-12-31", "reportedCurrency": "USD", "grossProfit": "3700000000", "totalRevenue": "27810000000", "costOfRevenue": "24110000000", "costofGoodsAndServicesSold": "24110000000", "operatingIncome": "2285000000", "sellingGeneralAndAdministrative": "403000000", "researchAndDevelopment": "1012000000", "operatingExpenses": "1415000000", "investmentIncomeNet": "None", "netInterestIncome": "-460000000", "interestIncome": "110000000", "interestExpense": "570000000", "nonInterestIncome": "None", "otherNonOperatingIncome": "200000000", "depreciation": "None", "depreciationAndAmortization": "4094000000", "incomeBeforeTax": "-1905000000", "incomeTaxExpense": "-278000000", "interestAndDebtExpense": "None", "netIncomeFromContinuingOperations": "-1627000000", "comprehensiveIncomeNetOfTax": "None", "ebit": "2285000000", "ebitda": "6379000000", "netIncome": "-1687000000"}, {"fiscalDateEnding": "2015-12-31", "reportedCurrency": "USD", "grossProfit": "7154000000", "totalRevenue": "35475000000", "costOfRevenue": "28321000000", "costofGoodsAndServicesSold": "28321000000", "operatingIncome": "5566000000", "sellingGeneralAndAdministrative": "494000000", "researchAndDevelopment": "1094000000", "operatingExpenses": "1588000000", "investmentIncomeNet": "None", "netInterestIncome": "None", "interestIncome": "264000000", "interestExpense": "346000000", "nonInterestIncome": "None", "otherNonOperatingIncome": "236000000", "depreciation": "None", "depreciationAndAmortization": "4078000000", "incomeBeforeTax": "2881000000", "incomeTaxExpense": "746000000", "interestAndDebtExpense": "None", "netIncomeFromContinuingOperations": "2135000000", "comprehensiveIncomeNetOfTax": "None", "ebit": "5566000000", "ebitda": "9644000000", "netIncome": "2072000000"}, {"fiscalDateEnding": "2014-12-31", "reportedCurrency": "USD", "grossProfit": "11182000000", "totalRevenue": "48580000000", "costOfRevenue": "37398000000", "costofGoodsAndServicesSold": "37398000000", "operatingIncome": "9490000000", "sellingGeneralAndAdministrative": "475000000", "researchAndDevelopment": "1217000000", "operatingExpenses": "1692000000", "investmentIncomeNet": "None", "netInterestIncome": "None", "interestIncome": "None", "interestExpense": "369000000", "nonInterestIncome": "None", "otherNonOperatingIncome": "291000000", "depreciation": "None", "depreciationAndAmortization": "4094000000", "incomeBeforeTax": "7639000000", "incomeTaxExpense": "1928000000", "interestAndDebtExpense": "None", "netIncomeFromContinuingOperations": "5711000000", "comprehensiveIncomeNetOfTax": "None", "ebit": "9490000000", "ebitda": "13584000000", "netIncome": "5438000000"}, {"fiscalDateEnding": "2013-12-31", "reportedCurrency": "USD", "grossProfit": "9935000000", "totalRevenue": "45266000000", "costOfRevenue": "35331000000", "costofGoodsAndServicesSold": "35331000000", "operatingIncome": "7987000000", "sellingGeneralAndAdministrative": "416000000", "researchAndDevelopment": "1174000000", "operatingExpenses": "1590000000", "investmentIncomeNet": "None", "netInterestIncome": "None", "interestIncome": "None", "interestExpense": "391000000", "nonInterestIncome": "None", "otherNonOperatingIncome": "1193000000", "depreciation": "None", "depreciationAndAmortization": "3666000000", "incomeBeforeTax": "8691000000", "incomeTaxExpense": "1848000000", "interestAndDebtExpense": "None", "netIncomeFromContinuingOperations": "6843000000", "comprehensiveIncomeNetOfTax": "None", "ebit": "9097000000", "ebitda": "12763000000", "netIncome": "6732000000"}, {"fiscalDateEnding": "2012-12-31", "reportedCurrency": "USD", "grossProfit": "9093000000", "totalRevenue": "42149000000", "costOfRevenue": "33056000000", "costofGoodsAndServicesSold": "33056000000", "operatingIncome": "7520000000", "sellingGeneralAndAdministrative": "405000000", "researchAndDevelopment": "1168000000", "operatingExpenses": "1573000000", "investmentIncomeNet": "None", "netInterestIncome": "None", "interestIncome": "None", "interestExpense": "340000000", "nonInterestIncome": "None", "otherNonOperatingIncome": "172000000", "depreciation": "None", "depreciationAndAmortization": "3500000000", "incomeBeforeTax": "7191000000", "incomeTaxExpense": "1723000000", "interestAndDebtExpense": "None", "netIncomeFromContinuingOperations": "5468000000", "comprehensiveIncomeNetOfTax": "None", "ebit": "7300000000", "ebitda": "10800000000", "netIncome": "5490000000"}, {"fiscalDateEnding": "2011-12-31", "reportedCurrency": "USD", "grossProfit": "8122000000", "totalRevenue": "39540000000", "costOfRevenue": "31418000000", "costofGoodsAndServicesSold": "31418000000", "operatingIncome": "6622000000", "sellingGeneralAndAdministrative": "427000000", "researchAndDevelopment": "1073000000", "operatingExpenses": "1461000000", "investmentIncomeNet": "None", "netInterestIncome": "None", "interestIncome": "None", "interestExpense": "298000000", "nonInterestIncome": "None", "otherNonOperatingIncome": "129000000", "depreciation": "None", "depreciationAndAmortization": "3281000000", "incomeBeforeTax": "6338000000", "incomeTaxExpense": "1545000000", "interestAndDebtExpense": "None", "netIncomeFromContinuingOperations": "4793000000", "comprehensiveIncomeNetOfTax": "None", "ebit": "6645000000", "ebitda": "9926000000", "netIncome": "4997000000"}, {"fiscalDateEnding": "2010-12-31", "reportedCurrency": "USD", "grossProfit": "5948000000", "totalRevenue": "27447000000", "costOfRevenue": "21499000000", "costofGoodsAndServicesSold": "21499000000", "operatingIncome": "4379000000", "sellingGeneralAndAdministrative": "650000000", "researchAndDevelopment": "919000000", "operatingExpenses": "1569000000", "investmentIncomeNet": "None", "netInterestIncome": "None", "interestIncome": "None", "interestExpense": "207000000", "nonInterestIncome": "None", "otherNonOperatingIncome": "1484000000", "depreciation": "None", "depreciationAndAmortization": "2759000000", "incomeBeforeTax": "5156000000", "incomeTaxExpense": "890000000", "interestAndDebtExpense": "None", "netIncomeFromContinuingOperations": "4266000000", "comprehensiveIncomeNetOfTax": "None", "ebit": "5385000000", "ebitda": "8144000000", "netIncome": "4267000000"}, {"fiscalDateEnding": "2009-12-31", "reportedCurrency": "USD", "grossProfit": "5580000000", "totalRevenue": "22975000000", "costOfRevenue": "17395000000", "costofGoodsAndServicesSold": "17395000000", "operatingIncome": "3885000000", "sellingGeneralAndAdministrative": "535000000", "researchAndDevelopment": "802000000", "operatingExpenses": "1425000000", "investmentIncomeNet": "None", "netInterestIncome": "None", "interestIncome": "None", "interestExpense": "221000000", "nonInterestIncome": "None", "otherNonOperatingIncome": "273000000", "depreciation": "None", "depreciationAndAmortization": "2476000000", "incomeBeforeTax": "3934000000", "incomeTaxExpense": "770000000", "interestAndDebtExpense": "None", "netIncomeFromContinuingOperations": "3164000000", "comprehensiveIncomeNetOfTax": "None", "ebit": "4161000000", "ebitda": "6637000000", "netIncome": "3134000000"}, {"fiscalDateEnding": "2008-12-31", "reportedCurrency": "USD", "grossProfit": "8185736000", "totalRevenue": "27152767000", "costOfRevenue": "18967031000", "costofGoodsAndServicesSold": "18967031000", "operatingIncome": "6687707000", "sellingGeneralAndAdministrative": "584118000", "researchAndDevelopment": "818791000", "operatingExpenses": "1498029000", "investmentIncomeNet": "None", "netInterestIncome": "None", "interestIncome": "None", "interestExpense": "247252000", "nonInterestIncome": "None", "otherNonOperatingIncome": "None", "depreciation": "None", "depreciationAndAmortization": "2268508000", "incomeBeforeTax": "6852455000", "incomeTaxExpense": "1430124000", "interestAndDebtExpense": "None", "netIncomeFromContinuingOperations": "None", "comprehensiveIncomeNetOfTax": "None", "ebit": "7099707000", "ebitda": "9368215000", "netIncome": "5434801000"}, {"fiscalDateEnding": "2007-12-31", "reportedCurrency": "USD", "grossProfit": "7794796000", "totalRevenue": "23276542000", "costOfRevenue": "15481746000", "costofGoodsAndServicesSold": "15481746000", "operatingIncome": "6467512000", "sellingGeneralAndAdministrative": "598793000", "researchAndDevelopment": "728491000", "operatingExpenses": "1327284000", "investmentIncomeNet": "None", "netInterestIncome": "None", "interestIncome": "None", "interestExpense": "274558000", "nonInterestIncome": "None", "otherNonOperatingIncome": "None", "depreciation": "None", "depreciationAndAmortization": "1953987000", "incomeBeforeTax": "6624449000", "incomeTaxExpense": "1447933000", "interestAndDebtExpense": "None", "netIncomeFromContinuingOperations": "None", "comprehensiveIncomeNetOfTax": "None", "ebit": "6899407000", "ebitda": "8853394000", "netIncome": "5176516000"}, {"fiscalDateEnding": "2006-12-31", "reportedCurrency": "USD", "grossProfit": "6016435000", "totalRevenue": "19230478000", "costOfRevenue": "13214043000", "costofGoodsAndServicesSold": "13214043000", "operatingIncome": "4896358000", "sellingGeneralAndAdministrative": "500761000", "researchAndDevelopment": "619316000", "operatingExpenses": "1120077000", "investmentIncomeNet": "None", "netInterestIncome": "None", "interestIncome": "None", "interestExpense": "0", "nonInterestIncome": "None", "otherNonOperatingIncome": "None", "depreciation": "None", "depreciationAndAmortization": "1561410000", "incomeBeforeTax": "4948158000", "incomeTaxExpense": "1189568000", "interestAndDebtExpense": "None", "netIncomeFromContinuingOperations": "None", "comprehensiveIncomeNetOfTax": "None", "ebit": "4896358000", "ebitda": "6457768000", "netIncome": "3709851000"}, {"fiscalDateEnding": "2005-12-31", "reportedCurrency": "USD", "grossProfit": "3686086000", "totalRevenue": "14309182000", "costOfRevenue": "10623096000", "costofGoodsAndServicesSold": "10623096000", "operatingIncome": "2761051000", "sellingGeneralAndAdministrative": "419522000", "researchAndDevelopment": "505513000", "operatingExpenses": "925035000", "investmentIncomeNet": "None", "netInterestIncome": "None", "interestIncome": "None", "interestExpense": "0", "nonInterestIncome": "None", "otherNonOperatingIncome": "None", "depreciation": "None", "depreciationAndAmortization": "1350969000", "incomeBeforeTax": "2971730000", "incomeTaxExpense": "681927000", "interestAndDebtExpense": "None", "netIncomeFromContinuingOperations": "None", "comprehensiveIncomeNetOfTax": "None", "ebit": "2761051000", "ebitda": "4112020000", "netIncome": "2206967000"}], "quarterlyReports": [{"fiscalDateEnding": "2024-12-31", "reportedCurrency": "USD", "grossProfit": "1961000000", "totalRevenue": "9284000000", "costOfRevenue": "7323000000", "costofGoodsAndServicesSold": "7323000000", "operatingIncome": "1689000000", "sellingGeneralAndAdministrative": "80000000", "researchAndDevelopment": "192000000", "operatingExpenses": "272000000", "investmentIncomeNet": "None", "netInterestIncome": "-86000000", "interestIncome": "45000000", "interestExpense": "131000000", "nonInterestIncome": "None", "otherNonOperatingIncome": "None", "depreciation": "None", "depreciationAndAmortization": "14000000", "incomeBeforeTax": "1387000000", "incomeTaxExpense": "269000000", "interestAndDebtExpense": "None", "netIncomeFromContinuingOperations": "1118000000", "comprehensiveIncomeNetOfTax": "None", "ebit": "1518000000", "ebitda": "1532000000", "netIncome": "1095000000"}, {"fiscalDateEnding": "2024-09-30", "reportedCurrency": "USD", "grossProfit": "1922000000", "totalRevenue": "9159000000", "costOfRevenue": "7237000000", "costofGoodsAndServicesSold": "7237000000", "operatingIncome": "1645000000", "sellingGeneralAndAdministrative": "90000000", "researchAndDevelopment": "187000000", "operatingExpenses": "277000000", "investmentIncomeNet": "None", "netInterestIncome": "-84000000", "interestIncome": "52000000", "interestExpense": "136000000", "nonInterestIncome": "None", "otherNonOperatingIncome": "None", "depreciation": "None", "depreciationAndAmortization": "640000000", "incomeBeforeTax": "1507000000", "incomeTaxExpense": "289000000", "interestAndDebtExpense": "None", "netIncomeFromContinuingOperations": "1218000000", "comprehensiveIncomeNetOfTax": "None", "ebit": "1643000000", "ebitda": "2283000000", "netIncome": "1186000000"}, {"fiscalDateEnding": "2024-06-30", "reportedCurrency": "USD", "grossProfit": "1917000000", "totalRevenue": "9147000000", "costOfRevenue": "7230000000", "costofGoodsAndServicesSold": "7230000000", "operatingIncome": "1635000000", "sellingGeneralAndAdministrative": "94000000", "researchAndDevelopment": "188000000", "operatingExpenses": "282000000", "investmentIncomeNet": "None", "netInterestIncome": "-94000000", "interestIncome": "38000000", "interestExpense": "132000000", "nonInterestIncome": "None", "otherNonOperatingIncome": "None", "depreciation": "None", "depreciationAndAmortization": "466000000", "incomeBeforeTax": "1421000000", "incomeTaxExpense": "276000000", "interestAndDebtExpense": "None", "netIncomeFromContinuingOperations": "1145000000", "comprehensiveIncomeNetOfTax": "None", "ebit": "1635000000", "ebitda": "2101000000", "netIncome": "1112000000"}, {"fiscalDateEnding": "2024-03-31", "reportedCurrency": "USD", "grossProfit": "1588000000", "totalRevenue": "8710000000", "costOfRevenue": "7122000000", "costofGoodsAndServicesSold": "7122000000", "operatingIncome": "1285000000", "sellingGeneralAndAdministrative": "121000000", "researchAndDevelopment": "182000000", "operatingExpenses": "303000000", "investmentIncomeNet": "None", "netInterestIncome": "-75000000", "interestIncome": "38000000", "interestExpense": "113000000", "nonInterestIncome": "None", "otherNonOperatingIncome": "None", "depreciation": "None", "depreciationAndAmortization": "458000000", "incomeBeforeTax": "1357000000", "incomeTaxExpense": "259000000", "interestAndDebtExpense": "None", "netIncomeFromContinuingOperations": "1098000000", "comprehensiveIncomeNetOfTax": "None", "ebit": "1285000000", "ebitda": "1743000000", "netIncome": "1068000000"}, {"fiscalDateEnding": "2023-12-31", "reportedCurrency": "USD", "grossProfit": "1796000000", "totalRevenue": "8990000000", "costOfRevenue": "7194000000", "costofGoodsAndServicesSold": "7194000000", "operatingIncome": "1608000000", "sellingGeneralAndAdministrative": "96000000", "researchAndDevelopment": "187000000", "operatingExpenses": "283000000", "investmentIncomeNet": "None", "netInterestIncome": "-89000000", "interestIncome": "41000000", "interestExpense": "130000000", "nonInterestIncome": "None", "otherNonOperatingIncome": "None", "depreciation": "None", "depreciationAndAmortization": "463000000", "incomeBeforeTax": "1433000000", "incomeTaxExpense": "285000000", "interestAndDebtExpense": "None", "netIncomeFromContinuingOperations": "1148000000", "comprehensiveIncomeNetOfTax": "None", "ebit": "1201000000", "ebitda": "1664000000", "netIncome": "1112000000"}, {"fiscalDateEnding": "2023-09-30", "reportedCurrency": "USD", "grossProfit": "1718000000", "totalRevenue": "8310000000", "costOfRevenue": "6592000000", "costofGoodsAndServicesSold": "6592000000", "operatingIncome": "1451000000", "sellingGeneralAndAdministrative": "81000000", "researchAndDevelopment": "186000000", "operatingExpenses": "267000000", "investmentIncomeNet": "None", "netInterestIncome": "-107000000", "interestIncome": "56000000", "interestExpense": "129000000", "nonInterestIncome": "None", "otherNonOperatingIncome": "None", "depreciation": "None", "depreciationAndAmortization": "579000000", "incomeBeforeTax": "1395000000", "incomeTaxExpense": "259000000", "interestAndDebtExpense": "None", "netIncomeFromContinuingOperations": "1136000000", "comprehensiveIncomeNetOfTax": "None", "ebit": "1451000000", "ebitda": "2030000000", "netIncome": "1123000000"}, {"fiscalDateEnding": "2023-06-30", "reportedCurrency": "USD", "grossProfit": "1597000000", "totalRevenue": "8099000000", "costOfRevenue": "6502000000", "costofGoodsAndServicesSold": "6502000000", "operatingIncome": "1420000000", "sellingGeneralAndAdministrative": "96000000", "researchAndDevelopment": "163000000", "operatingExpenses": "259000000", "investmentIncomeNet": "None", "netInterestIncome": "-45000000", "interestIncome": "45000000", "interestExpense": "127000000", "nonInterestIncome": "None", "otherNonOperatingIncome": "None", "depreciation": "None", "depreciationAndAmortization": "701000000", "incomeBeforeTax": "1293000000", "incomeTaxExpense": "246000000", "interestAndDebtExpense": "None", "netIncomeFromContinuingOperations": "1047000000", "comprehensiveIncomeNetOfTax": "None", "ebit": "1280000000", "ebitda": "1981000000", "netIncome": "1033000000"}, {"fiscalDateEnding": "2023-03-31", "reportedCurrency": "USD", "grossProfit": "1451000000", "totalRevenue": "7736000000", "costOfRevenue": "6285000000", "costofGoodsAndServicesSold": "6285000000", "operatingIncome": "1186000000", "sellingGeneralAndAdministrative": "91000000", "researchAndDevelopment": "174000000", "operatingExpenses": "1451000000", "investmentIncomeNet": "None", "netInterestIncome": "-25000000", "interestIncome": "92000000", "interestExpense": "117000000", "nonInterestIncome": "None", "otherNonOperatingIncome": "92000000", "depreciation": "None", "depreciationAndAmortization": "563000000", "incomeBeforeTax": "1161000000", "incomeTaxExpense": "217000000", "interestAndDebtExpense": "None", "netIncomeFromContinuingOperations": "944000000", "comprehensiveIncomeNetOfTax": "None", "ebit": "1278000000", "ebitda": "1841000000", "netIncome": "934000000"}, {"fiscalDateEnding": "2022-12-31", "reportedCurrency": "USD", "grossProfit": "1571000000", "totalRevenue": "7879000000", "costOfRevenue": "6308000000", "costofGoodsAndServicesSold": "6308000000", "operatingIncome": "1468000000", "sellingGeneralAndAdministrative": "99000000", "researchAndDevelopment": "178000000", "operatingExpenses": "277000000", "investmentIncomeNet": "None", "netInterestIncome": "53000000", "interestIncome": "53000000", "interestExpense": "121000000", "nonInterestIncome": "None", "otherNonOperatingIncome": "174000000", "depreciation": "None", "depreciationAndAmortization": "422000000", "incomeBeforeTax": "1347000000", "incomeTaxExpense": "264000000", "interestAndDebtExpense": "None", "netIncomeFromContinuingOperations": "1083000000", "comprehensiveIncomeNetOfTax": "None", "ebit": "943000000", "ebitda": "1365000000", "netIncome": "1064000000"}, {"fiscalDateEnding": "2022-09-30", "reportedCurrency": "USD", "grossProfit": "1435000000", "totalRevenue": "7477000000", "costOfRevenue": "6042000000", "costofGoodsAndServicesSold": "6042000000", "operatingIncome": "723000000", "sellingGeneralAndAdministrative": "94000000", "researchAndDevelopment": "160000000", "operatingExpenses": "254000000", "investmentIncomeNet": "None", "netInterestIncome": "-47000000", "interestIncome": "47000000", "interestExpense": "122000000", "nonInterestIncome": "None", "otherNonOperatingIncome": "75000000", "depreciation": "None", "depreciationAndAmortization": "419000000", "incomeBeforeTax": "1134000000", "incomeTaxExpense": "215000000", "interestAndDebtExpense": "None", "netIncomeFromContinuingOperations": "919000000", "comprehensiveIncomeNetOfTax": "None", "ebit": "1295000000", "ebitda": "1714000000", "netIncome": "907000000"}, {"fiscalDateEnding": "2022-06-30", "reportedCurrency": "USD", "grossProfit": "1205000000", "totalRevenue": "6773000000", "costOfRevenue": "5568000000", "costofGoodsAndServicesSold": "5568000000", "operatingIncome": "744000000", "sellingGeneralAndAdministrative": "86000000", "researchAndDevelopment": "154000000", "operatingExpenses": "240000000", "investmentIncomeNet": "None", "netInterestIncome": "187000000", "interestIncome": "311000000", "interestExpense": "124000000", "nonInterestIncome": "None", "otherNonOperatingIncome": "311000000", "depreciation": "None", "depreciationAndAmortization": "415000000", "incomeBeforeTax": "1152000000", "incomeTaxExpense": "182000000", "interestAndDebtExpense": "None", "netIncomeFromContinuingOperations": "970000000", "comprehensiveIncomeNetOfTax": "None", "ebit": "861000000", "ebitda": "1276000000", "netIncome": "959000000"}, {"fiscalDateEnding": "2022-03-31", "reportedCurrency": "USD", "grossProfit": "949000000", "totalRevenue": "5962000000", "costOfRevenue": "5013000000", "costofGoodsAndServicesSold": "5013000000", "operatingIncome": "228000000", "sellingGeneralAndAdministrative": "97000000", "researchAndDevelopment": "141000000", "operatingExpenses": "238000000", "investmentIncomeNet": "None", "netInterestIncome": "-73000000", "interestIncome": "50000000", "interestExpense": "123000000", "nonInterestIncome": "None", "otherNonOperatingIncome": "50000000", "depreciation": "None", "depreciationAndAmortization": "413000000", "incomeBeforeTax": "638000000", "incomeTaxExpense": "118000000", "interestAndDebtExpense": "None", "netIncomeFromContinuingOperations": "520000000", "comprehensiveIncomeNetOfTax": "None", "ebit": "348000000", "ebitda": "761000000", "netIncome": "510000000"}, {"fiscalDateEnding": "2021-12-31", "reportedCurrency": "USD", "grossProfit": "1089000000", "totalRevenue": "6225000000", "costOfRevenue": "5136000000", "costofGoodsAndServicesSold": "5136000000", "operatingIncome": "883000000", "sellingGeneralAndAdministrative": "109000000", "researchAndDevelopment": "145000000", "operatingExpenses": "254000000", "investmentIncomeNet": "None", "netInterestIncome": "-80000000", "interestIncome": "57000000", "interestExpense": "137000000", "nonInterestIncome": "None", "otherNonOperatingIncome": "57000000", "depreciation": "None", "depreciationAndAmortization": "837000000", "incomeBeforeTax": "755000000", "incomeTaxExpense": "144000000", "interestAndDebtExpense": "None", "netIncomeFromContinuingOperations": "611000000", "comprehensiveIncomeNetOfTax": "None", "ebit": "115000000", "ebitda": "952000000", "netIncome": "601000000"}, {"fiscalDateEnding": "2021-09-30", "reportedCurrency": "USD", "grossProfit": "985000000", "totalRevenue": "5847000000", "costOfRevenue": "4862000000", "costofGoodsAndServicesSold": "4862000000", "operatingIncome": "765000000", "sellingGeneralAndAdministrative": "80000000", "researchAndDevelopment": "140000000", "operatingExpenses": "220000000", "investmentIncomeNet": "None", "netInterestIncome": "-74000000", "interestIncome": "74000000", "interestExpense": "130000000", "nonInterestIncome": "None", "otherNonOperatingIncome": "56000000", "depreciation": "None", "depreciationAndAmortization": "425000000", "incomeBeforeTax": "691000000", "incomeTaxExpense": "129000000", "interestAndDebtExpense": "None", "netIncomeFromContinuingOperations": "562000000", "comprehensiveIncomeNetOfTax": "None", "ebit": "870000000", "ebitda": "1295000000", "netIncome": "550000000"}, {"fiscalDateEnding": "2021-06-30", "reportedCurrency": "USD", "grossProfit": "866000000", "totalRevenue": "5634000000", "costOfRevenue": "4768000000", "costofGoodsAndServicesSold": "4768000000", "operatingIncome": "662000000", "sellingGeneralAndAdministrative": "70000000", "researchAndDevelopment": "134000000", "operatingExpenses": "204000000", "investmentIncomeNet": "None", "netInterestIncome": "-120000000", "interestIncome": "16000000", "interestExpense": "136000000", "nonInterestIncome": "None", "otherNonOperatingIncome": "16000000", "depreciation": "None", "depreciationAndAmortization": "427000000", "incomeBeforeTax": "542000000", "incomeTaxExpense": "99000000", "interestAndDebtExpense": "None", "netIncomeFromContinuingOperations": "443000000", "comprehensiveIncomeNetOfTax": "None", "ebit": "761000000", "ebitda": "1188000000", "netIncome": "431000000"}, {"fiscalDateEnding": "2021-03-31", "reportedCurrency": "USD", "grossProfit": "719000000", "totalRevenue": "5223000000", "costOfRevenue": "4504000000", "costofGoodsAndServicesSold": "4504000000", "operatingIncome": "503000000", "sellingGeneralAndAdministrative": "81000000", "researchAndDevelopment": "135000000", "operatingExpenses": "216000000", "investmentIncomeNet": "None", "netInterestIncome": "-131000000", "interestIncome": "5000000", "interestExpense": "136000000", "nonInterestIncome": "None", "otherNonOperatingIncome": "19000000", "depreciation": "None", "depreciationAndAmortization": "532000000", "incomeBeforeTax": "386000000", "incomeTaxExpense": "74000000", "interestAndDebtExpense": "None", "netIncomeFromContinuingOperations": "312000000", "comprehensiveIncomeNetOfTax": "None", "ebit": "503000000", "ebitda": "1035000000", "netIncome": "299000000"}, {"fiscalDateEnding": "2020-12-31", "reportedCurrency": "USD", "grossProfit": "704000000", "totalRevenue": "5532000000", "costOfRevenue": "4828000000", "costofGoodsAndServicesSold": "4828000000", "operatingIncome": "504000000", "sellingGeneralAndAdministrative": "71000000", "researchAndDevelopment": "129000000", "operatingExpenses": "200000000", "investmentIncomeNet": "None", "netInterestIncome": "-9000000", "interestIncome": "135000000", "interestExpense": "144000000", "nonInterestIncome": "None", "otherNonOperatingIncome": "173000000", "depreciation": "None", "depreciationAndAmortization": "583000000", "incomeBeforeTax": "471000000", "incomeTaxExpense": "89000000", "interestAndDebtExpense": "None", "netIncomeFromContinuingOperations": "383000000", "comprehensiveIncomeNetOfTax": "None", "ebit": "-66000000", "ebitda": "517000000", "netIncome": "374000000"}, {"fiscalDateEnding": "2020-09-30", "reportedCurrency": "USD", "grossProfit": "634000000", "totalRevenue": "5258000000", "costOfRevenue": "4624000000", "costofGoodsAndServicesSold": "4624000000", "operatingIncome": "412000000", "sellingGeneralAndAdministrative": "85000000", "researchAndDevelopment": "137000000", "operatingExpenses": "222000000", "investmentIncomeNet": "None", "netInterestIncome": "-135000000", "interestIncome": "116000000", "interestExpense": "138000000", "nonInterestIncome": "None", "otherNonOperatingIncome": "22000000", "depreciation": "None", "depreciationAndAmortization": "587000000", "incomeBeforeTax": "-54000000", "incomeTaxExpense": "19000000", "interestAndDebtExpense": "None", "netIncomeFromContinuingOperations": "-73000000", "comprehensiveIncomeNetOfTax": "None", "ebit": "412000000", "ebitda": "999000000", "netIncome": "-82000000"}, {"fiscalDateEnding": "2020-06-30", "reportedCurrency": "USD", "grossProfit": "431000000", "totalRevenue": "5356000000", "costOfRevenue": "4925000000", "costofGoodsAndServicesSold": "4925000000", "operatingIncome": "208000000", "sellingGeneralAndAdministrative": "81000000", "researchAndDevelopment": "142000000", "operatingExpenses": "223000000", "investmentIncomeNet": "None", "netInterestIncome": "-137000000", "interestIncome": "7000000", "interestExpense": "144000000", "nonInterestIncome": "None", "otherNonOperatingIncome": "33000000", "depreciation": "None", "depreciationAndAmortization": "604000000", "incomeBeforeTax": "-3627000000", "incomeTaxExpense": "-199000000", "interestAndDebtExpense": "None", "netIncomeFromContinuingOperations": "-3428000000", "comprehensiveIncomeNetOfTax": "None", "ebit": "-3498000000", "ebitda": "-2894000000", "netIncome": "-3434000000"}, {"fiscalDateEnding": "2020-03-31", "reportedCurrency": "USD", "grossProfit": "831000000", "totalRevenue": "7455000000", "costOfRevenue": "6624000000", "costofGoodsAndServicesSold": "6624000000", "operatingIncome": "531000000", "sellingGeneralAndAdministrative": "127000000", "researchAndDevelopment": "173000000", "operatingExpenses": "300000000", "investmentIncomeNet": "None", "netInterestIncome": "-121000000", "interestIncome": "15000000", "interestExpense": "136000000", "nonInterestIncome": "None", "otherNonOperatingIncome": "39000000", "depreciation": "None", "depreciationAndAmortization": "792000000", "incomeBeforeTax": "-8089000000", "incomeTaxExpense": "-721000000", "interestAndDebtExpense": "None", "netIncomeFromContinuingOperations": "-7368000000", "comprehensiveIncomeNetOfTax": "None", "ebit": "-7895000000", "ebitda": "-7103000000", "netIncome": "-7376000000"}, {"fiscalDateEnding": "2019-12-31", "reportedCurrency": "USD", "grossProfit": "1101000000", "totalRevenue": "8228000000", "costOfRevenue": "7127000000", "costofGoodsAndServicesSold": "7127000000", "operatingIncome": "783000000", "sellingGeneralAndAdministrative": "129000000", "researchAndDevelopment": "190000000", "operatingExpenses": "319000000", "investmentIncomeNet": "None", "netInterestIncome": "-137000000", "interestIncome": "10000000", "interestExpense": "146000000", "nonInterestIncome": "None", "otherNonOperatingIncome": "26000000", "depreciation": "None", "depreciationAndAmortization": "848000000", "incomeBeforeTax": "452000000", "incomeTaxExpense": "109000000", "interestAndDebtExpense": "None", "netIncomeFromContinuingOperations": "342000000", "comprehensiveIncomeNetOfTax": "None", "ebit": "892000000", "ebitda": "1740000000", "netIncome": "333000000"}, {"fiscalDateEnding": "2019-09-30", "reportedCurrency": "USD", "grossProfit": "1156000000", "totalRevenue": "8541000000", "costOfRevenue": "7385000000", "costofGoodsAndServicesSold": "7385000000", "operatingIncome": "860000000", "sellingGeneralAndAdministrative": "120000000", "researchAndDevelopment": "176000000", "operatingExpenses": "296000000", "investmentIncomeNet": "None", "netInterestIncome": "-152000000", "interestIncome": "8000000", "interestExpense": "160000000", "nonInterestIncome": "None", "otherNonOperatingIncome": "21000000", "depreciation": "None", "depreciationAndAmortization": "900000000", "incomeBeforeTax": "-11971000000", "incomeTaxExpense": "-598000000", "interestAndDebtExpense": "None", "netIncomeFromContinuingOperations": "-11373000000", "comprehensiveIncomeNetOfTax": "None", "ebit": "-11813000000", "ebitda": "-10913000000", "netIncome": "-11383000000"}, {"fiscalDateEnding": "2019-06-30", "reportedCurrency": "USD", "grossProfit": "1017000000", "totalRevenue": "8269000000", "costOfRevenue": "7252000000", "costofGoodsAndServicesSold": "7252000000", "operatingIncome": "724000000", "sellingGeneralAndAdministrative": "114000000", "researchAndDevelopment": "179000000", "operatingExpenses": "293000000", "investmentIncomeNet": "None", "netInterestIncome": "-145000000", "interestIncome": "11000000", "interestExpense": "156000000", "nonInterestIncome": "None", "otherNonOperatingIncome": "25000000", "depreciation": "None", "depreciationAndAmortization": "938000000", "incomeBeforeTax": "593000000", "incomeTaxExpense": "99000000", "interestAndDebtExpense": "None", "netIncomeFromContinuingOperations": "494000000", "comprehensiveIncomeNetOfTax": "None", "ebit": "724000000", "ebitda": "1662000000", "netIncome": "492000000"}, {"fiscalDateEnding": "2019-03-31", "reportedCurrency": "USD", "grossProfit": "927000000", "totalRevenue": "7879000000", "costOfRevenue": "6952000000", "costofGoodsAndServicesSold": "6952000000", "operatingIncome": "642000000", "sellingGeneralAndAdministrative": "112000000", "researchAndDevelopment": "173000000", "operatingExpenses": "285000000", "investmentIncomeNet": "None", "netInterestIncome": "-136000000", "interestIncome": "11000000", "interestExpense": "147000000", "nonInterestIncome": "None", "otherNonOperatingIncome": "14000000", "depreciation": "None", "depreciationAndAmortization": "903000000", "incomeBeforeTax": "509000000", "incomeTaxExpense": "79000000", "interestAndDebtExpense": "None", "netIncomeFromContinuingOperations": "430000000", "comprehensiveIncomeNetOfTax": "None", "ebit": "642000000", "ebitda": "1545000000", "netIncome": "421000000"}, {"fiscalDateEnding": "2018-12-31", "reportedCurrency": "USD", "grossProfit": "1008000000", "totalRevenue": "8180000000", "costOfRevenue": "7172000000", "costofGoodsAndServicesSold": "7172000000", "operatingIncome": "715000000", "sellingGeneralAndAdministrative": "114000000", "researchAndDevelopment": "178000000", "operatingExpenses": "292000000", "investmentIncomeNet": "None", "netInterestIncome": "None", "interestIncome": "None", "interestExpense": "142000000", "nonInterestIncome": "None", "otherNonOperatingIncome": "246000000", "depreciation": "None", "depreciationAndAmortization": "919000000", "incomeBeforeTax": "648000000", "incomeTaxExpense": "100000000", "interestAndDebtExpense": "None", "netIncomeFromContinuingOperations": "548000000", "comprehensiveIncomeNetOfTax": "None", "ebit": "715000000", "ebitda": "1634000000", "netIncome": "538000000"}, {"fiscalDateEnding": "2018-09-30", "reportedCurrency": "USD", "grossProfit": "1180000000", "totalRevenue": "8504000000", "costOfRevenue": "7324000000", "costofGoodsAndServicesSold": "7324000000", "operatingIncome": "898000000", "sellingGeneralAndAdministrative": "105000000", "researchAndDevelopment": "177000000", "operatingExpenses": "282000000", "investmentIncomeNet": "None", "netInterestIncome": "None", "interestIncome": "None", "interestExpense": "147000000", "nonInterestIncome": "None", "otherNonOperatingIncome": "36000000", "depreciation": "None", "depreciationAndAmortization": "887000000", "incomeBeforeTax": "787000000", "incomeTaxExpense": "129000000", "interestAndDebtExpense": "None", "netIncomeFromContinuingOperations": "658000000", "comprehensiveIncomeNetOfTax": "None", "ebit": "898000000", "ebitda": "1785000000", "netIncome": "644000000"}, {"fiscalDateEnding": "2018-06-30", "reportedCurrency": "USD", "grossProfit": "1124000000", "totalRevenue": "8303000000", "costOfRevenue": "7179000000", "costofGoodsAndServicesSold": "7179000000", "operatingIncome": "835000000", "sellingGeneralAndAdministrative": "114000000", "researchAndDevelopment": "175000000", "operatingExpenses": "289000000", "investmentIncomeNet": "None", "netInterestIncome": "None", "interestIncome": "None", "interestExpense": "144000000", "nonInterestIncome": "None", "otherNonOperatingIncome": "40000000", "depreciation": "None", "depreciationAndAmortization": "876000000", "incomeBeforeTax": "547000000", "incomeTaxExpense": "106000000", "interestAndDebtExpense": "None", "netIncomeFromContinuingOperations": "441000000", "comprehensiveIncomeNetOfTax": "None", "ebit": "835000000", "ebitda": "1711000000", "netIncome": "430000000"}, {"fiscalDateEnding": "2018-03-31", "reportedCurrency": "USD", "grossProfit": "1027000000", "totalRevenue": "7829000000", "costOfRevenue": "6802000000", "costofGoodsAndServicesSold": "6802000000", "operatingIncome": "744000000", "sellingGeneralAndAdministrative": "111000000", "researchAndDevelopment": "172000000", "operatingExpenses": "283000000", "investmentIncomeNet": "None", "netInterestIncome": "None", "interestIncome": "None", "interestExpense": "143000000", "nonInterestIncome": "None", "otherNonOperatingIncome": "42000000", "depreciation": "None", "depreciationAndAmortization": "874000000", "incomeBeforeTax": "643000000", "incomeTaxExpense": "113000000", "interestAndDebtExpense": "None", "netIncomeFromContinuingOperations": "530000000", "comprehensiveIncomeNetOfTax": "None", "ebit": "744000000", "ebitda": "1618000000", "netIncome": "525000000"}, {"fiscalDateEnding": "2017-12-31", "reportedCurrency": "USD", "grossProfit": "978000000", "totalRevenue": "8179000000", "costOfRevenue": "7201000000", "costofGoodsAndServicesSold": "7201000000", "operatingIncome": "678000000", "sellingGeneralAndAdministrative": "109000000", "researchAndDevelopment": "192000000", "operatingExpenses": "301000000", "investmentIncomeNet": "None", "netInterestIncome": "None", "interestIncome": "None", "interestExpense": "143000000", "nonInterestIncome": "None", "otherNonOperatingIncome": "52000000", "depreciation": "None", "depreciationAndAmortization": "906000000", "incomeBeforeTax": "-2210000000", "incomeTaxExpense": "62000000", "interestAndDebtExpense": "None", "netIncomeFromContinuingOperations": "-2272000000", "comprehensiveIncomeNetOfTax": "None", "ebit": "-2060000000", "ebitda": "-1154000000", "netIncome": "-2255000000"}, {"fiscalDateEnding": "2017-09-30", "reportedCurrency": "USD", "grossProfit": "1108000000", "totalRevenue": "7905000000", "costOfRevenue": "6797000000", "costofGoodsAndServicesSold": "6797000000", "operatingIncome": "804000000", "sellingGeneralAndAdministrative": "115000000", "researchAndDevelopment": "189000000", "operatingExpenses": "304000000", "investmentIncomeNet": "None", "netInterestIncome": "None", "interestIncome": "None", "interestExpense": "142000000", "nonInterestIncome": "None", "otherNonOperatingIncome": "64000000", "depreciation": "None", "depreciationAndAmortization": "956000000", "incomeBeforeTax": "677000000", "incomeTaxExpense": "121000000", "interestAndDebtExpense": "None", "netIncomeFromContinuingOperations": "556000000", "comprehensiveIncomeNetOfTax": "None", "ebit": "804000000", "ebitda": "1760000000", "netIncome": "545000000"}, {"fiscalDateEnding": "2017-06-30", "reportedCurrency": "USD", "grossProfit": "994000000", "totalRevenue": "7462000000", "costOfRevenue": "6468000000", "costofGoodsAndServicesSold": "6468000000", "operatingIncome": "688000000", "sellingGeneralAndAdministrative": "110000000", "researchAndDevelopment": "196000000", "operatingExpenses": "306000000", "investmentIncomeNet": "None", "netInterestIncome": "None", "interestIncome": "None", "interestExpense": "142000000", "nonInterestIncome": "None", "otherNonOperatingIncome": "62000000", "depreciation": "None", "depreciationAndAmortization": "986000000", "incomeBeforeTax": "17000000", "incomeTaxExpense": "98000000", "interestAndDebtExpense": "None", "netIncomeFromContinuingOperations": "-81000000", "comprehensiveIncomeNetOfTax": "None", "ebit": "688000000", "ebitda": "1674000000", "netIncome": "-74000000"}, {"fiscalDateEnding": "2017-03-31", "reportedCurrency": "USD", "grossProfit": "818000000", "totalRevenue": "6894000000", "costOfRevenue": "6076000000", "costofGoodsAndServicesSold": "6076000000", "operatingIncome": "509000000", "sellingGeneralAndAdministrative": "98000000", "researchAndDevelopment": "211000000", "operatingExpenses": "309000000", "investmentIncomeNet": "None", "netInterestIncome": "None", "interestIncome": "None", "interestExpense": "139000000", "nonInterestIncome": "None", "otherNonOperatingIncome": "46000000", "depreciation": "None", "depreciationAndAmortization": "989000000", "incomeBeforeTax": "334000000", "incomeTaxExpense": "50000000", "interestAndDebtExpense": "None", "netIncomeFromContinuingOperations": "284000000", "comprehensiveIncomeNetOfTax": "None", "ebit": "509000000", "ebitda": "1498000000", "netIncome": "279000000"}, {"fiscalDateEnding": "2016-12-31", "reportedCurrency": "USD", "grossProfit": "914000000", "totalRevenue": "7107000000", "costOfRevenue": "6193000000", "costofGoodsAndServicesSold": "6193000000", "operatingIncome": "554000000", "sellingGeneralAndAdministrative": "99000000", "researchAndDevelopment": "261000000", "operatingExpenses": "360000000", "investmentIncomeNet": "None", "netInterestIncome": "None", "interestIncome": "None", "interestExpense": "139000000", "nonInterestIncome": "None", "otherNonOperatingIncome": "47000000", "depreciation": "None", "depreciationAndAmortization": "1016000000", "incomeBeforeTax": "-213000000", "incomeTaxExpense": "-19000000", "interestAndDebtExpense": "None", "netIncomeFromContinuingOperations": "-194000000", "comprehensiveIncomeNetOfTax": "None", "ebit": "554000000", "ebitda": "1570000000", "netIncome": "-204000000"}, {"fiscalDateEnding": "2016-09-30", "reportedCurrency": "USD", "grossProfit": "877000000", "totalRevenue": "7019000000", "costOfRevenue": "6142000000", "costofGoodsAndServicesSold": "6142000000", "operatingIncome": "532000000", "sellingGeneralAndAdministrative": "92000000", "researchAndDevelopment": "253000000", "operatingExpenses": "345000000", "investmentIncomeNet": "None", "netInterestIncome": "None", "interestIncome": "None", "interestExpense": "149000000", "nonInterestIncome": "None", "otherNonOperatingIncome": "54000000", "depreciation": "None", "depreciationAndAmortization": "998000000", "incomeBeforeTax": "200000000", "incomeTaxExpense": "10000000", "interestAndDebtExpense": "None", "netIncomeFromContinuingOperations": "190000000", "comprehensiveIncomeNetOfTax": "None", "ebit": "532000000", "ebitda": "1530000000", "netIncome": "176000000"}, {"fiscalDateEnding": "2016-06-30", "reportedCurrency": "USD", "grossProfit": "849000000", "totalRevenue": "7164000000", "costOfRevenue": "6315000000", "costofGoodsAndServicesSold": "6315000000", "operatingIncome": "489000000", "sellingGeneralAndAdministrative": "103000000", "researchAndDevelopment": "257000000", "operatingExpenses": "360000000", "investmentIncomeNet": "None", "netInterestIncome": "None", "interestIncome": "None", "interestExpense": "149000000", "nonInterestIncome": "None", "otherNonOperatingIncome": "54000000", "depreciation": "None", "depreciationAndAmortization": "1113000000", "incomeBeforeTax": "-2514000000", "incomeTaxExpense": "-368000000", "interestAndDebtExpense": "None", "netIncomeFromContinuingOperations": "-2146000000", "comprehensiveIncomeNetOfTax": "None", "ebit": "-624000000", "ebitda": "489000000", "netIncome": "-2160000000"}, {"fiscalDateEnding": "2016-03-31", "reportedCurrency": "USD", "grossProfit": "1060000000", "totalRevenue": "6520000000", "costOfRevenue": "5460000000", "costofGoodsAndServicesSold": "5460000000", "operatingIncome": "710000000", "sellingGeneralAndAdministrative": "110000000", "researchAndDevelopment": "240000000", "operatingExpenses": "350000000", "investmentIncomeNet": "None", "netInterestIncome": "None", "interestIncome": "None", "interestExpense": "133000000", "nonInterestIncome": "None", "otherNonOperatingIncome": "45000000", "depreciation": "None", "depreciationAndAmortization": "967000000", "incomeBeforeTax": "622000000", "incomeTaxExpense": "99000000", "interestAndDebtExpense": "None", "netIncomeFromContinuingOperations": "523000000", "comprehensiveIncomeNetOfTax": "None", "ebit": "710000000", "ebitda": "1677000000", "netIncome": "501000000"}, {"fiscalDateEnding": "2015-12-31", "reportedCurrency": "USD", "grossProfit": "1452000000", "totalRevenue": "7744000000", "costOfRevenue": "6292000000", "costofGoodsAndServicesSold": "6292000000", "operatingIncome": "1044000000", "sellingGeneralAndAdministrative": "132000000", "researchAndDevelopment": "276000000", "operatingExpenses": "408000000", "investmentIncomeNet": "None", "netInterestIncome": "None", "interestIncome": "None", "interestExpense": "91000000", "nonInterestIncome": "None", "otherNonOperatingIncome": "80000000", "depreciation": "None", "depreciationAndAmortization": "963000000", "incomeBeforeTax": "-1102000000", "incomeTaxExpense": "-113000000", "interestAndDebtExpense": "None", "netIncomeFromContinuingOperations": "-990000000", "comprehensiveIncomeNetOfTax": "None", "ebit": "-1011000000", "ebitda": "-48000000", "netIncome": "-1016000000"}, {"fiscalDateEnding": "2015-09-30", "reportedCurrency": "USD", "grossProfit": "1674000000", "totalRevenue": "8472000000", "costOfRevenue": "6798000000", "costofGoodsAndServicesSold": "6798000000", "operatingIncome": "1279000000", "sellingGeneralAndAdministrative": "122000000", "researchAndDevelopment": "273000000", "operatingExpenses": "395000000", "investmentIncomeNet": "None", "netInterestIncome": "None", "interestIncome": "None", "interestExpense": "86000000", "nonInterestIncome": "None", "otherNonOperatingIncome": "60000000", "depreciation": "None", "depreciationAndAmortization": "1026000000", "incomeBeforeTax": "1253000000", "incomeTaxExpense": "250000000", "interestAndDebtExpense": "None", "netIncomeFromContinuingOperations": "1003000000", "comprehensiveIncomeNetOfTax": "None", "ebit": "1279000000", "ebitda": "2305000000", "netIncome": "989000000"}, {"fiscalDateEnding": "2015-06-30", "reportedCurrency": "USD", "grossProfit": "1874000000", "totalRevenue": "9010000000", "costOfRevenue": "7136000000", "costofGoodsAndServicesSold": "7136000000", "operatingIncome": "1475000000", "sellingGeneralAndAdministrative": "120000000", "researchAndDevelopment": "279000000", "operatingExpenses": "399000000", "investmentIncomeNet": "None", "netInterestIncome": "None", "interestIncome": "None", "interestExpense": "86000000", "nonInterestIncome": "None", "otherNonOperatingIncome": "47000000", "depreciation": "None", "depreciationAndAmortization": "1047000000", "incomeBeforeTax": "1436000000", "incomeTaxExpense": "302000000", "interestAndDebtExpense": "None", "netIncomeFromContinuingOperations": "1134000000", "comprehensiveIncomeNetOfTax": "None", "ebit": "1475000000", "ebitda": "2522000000", "netIncome": "1124000000"}, {"fiscalDateEnding": "2015-03-31", "reportedCurrency": "USD", "grossProfit": "2152000000", "totalRevenue": "10248000000", "costOfRevenue": "8096000000", "costofGoodsAndServicesSold": "8096000000", "operatingIncome": "1766000000", "sellingGeneralAndAdministrative": "119000000", "researchAndDevelopment": "267000000", "operatingExpenses": "386000000", "investmentIncomeNet": "None", "netInterestIncome": "None", "interestIncome": "None", "interestExpense": "82000000", "nonInterestIncome": "None", "otherNonOperatingIncome": "49000000", "depreciation": "None", "depreciationAndAmortization": "1042000000", "incomeBeforeTax": "1294000000", "incomeTaxExpense": "306000000", "interestAndDebtExpense": "None", "netIncomeFromContinuingOperations": "988000000", "comprehensiveIncomeNetOfTax": "None", "ebit": "1766000000", "ebitda": "2808000000", "netIncome": "975000000"}, {"fiscalDateEnding": "2014-12-31", "reportedCurrency": "USD", "grossProfit": "2950000000", "totalRevenue": "12641000000", "costOfRevenue": "9691000000", "costofGoodsAndServicesSold": "9691000000", "operatingIncome": "2505000000", "sellingGeneralAndAdministrative": "122000000", "researchAndDevelopment": "324000000", "operatingExpenses": "446000000", "investmentIncomeNet": "None", "netInterestIncome": "None", "interestIncome": "None", "interestExpense": "87000000", "nonInterestIncome": "None", "otherNonOperatingIncome": "72000000", "depreciation": "None", "depreciationAndAmortization": "1065000000", "incomeBeforeTax": "715000000", "incomeTaxExpense": "398000000", "interestAndDebtExpense": "None", "netIncomeFromContinuingOperations": "318000000", "comprehensiveIncomeNetOfTax": "None", "ebit": "2505000000", "ebitda": "3570000000", "netIncome": "302000000"}, {"fiscalDateEnding": "2014-09-30", "reportedCurrency": "USD", "grossProfit": "2957000000", "totalRevenue": "12646000000", "costOfRevenue": "9689000000", "costofGoodsAndServicesSold": "9689000000", "operatingIncome": "2531000000", "sellingGeneralAndAdministrative": "125000000", "researchAndDevelopment": "301000000", "operatingExpenses": "426000000", "investmentIncomeNet": "None", "netInterestIncome": "None", "interestIncome": "None", "interestExpense": "90000000", "nonInterestIncome": "None", "otherNonOperatingIncome": "79000000", "depreciation": "None", "depreciationAndAmortization": "1032000000", "incomeBeforeTax": "2520000000", "incomeTaxExpense": "556000000", "interestAndDebtExpense": "None", "netIncomeFromContinuingOperations": "1964000000", "comprehensiveIncomeNetOfTax": "None", "ebit": "2531000000", "ebitda": "3563000000", "netIncome": "1949000000"}, {"fiscalDateEnding": "2014-06-30", "reportedCurrency": "USD", "grossProfit": "2785000000", "totalRevenue": "12054000000", "costOfRevenue": "9269000000", "costofGoodsAndServicesSold": "9269000000", "operatingIncome": "2353000000", "sellingGeneralAndAdministrative": "123000000", "researchAndDevelopment": "309000000", "operatingExpenses": "432000000", "investmentIncomeNet": "None", "netInterestIncome": "None", "interestIncome": "None", "interestExpense": "90000000", "nonInterestIncome": "None", "otherNonOperatingIncome": "64000000", "depreciation": "None", "depreciationAndAmortization": "1065000000", "incomeBeforeTax": "2327000000", "incomeTaxExpense": "506000000", "interestAndDebtExpense": "None", "netIncomeFromContinuingOperations": "1821000000", "comprehensiveIncomeNetOfTax": "None", "ebit": "2284000000", "ebitda": "3349000000", "netIncome": "1595000000"}, {"fiscalDateEnding": "2014-03-31", "reportedCurrency": "USD", "grossProfit": "2494000000", "totalRevenue": "11239000000", "costOfRevenue": "8745000000", "costofGoodsAndServicesSold": "8745000000", "operatingIncome": "2104000000", "sellingGeneralAndAdministrative": "106000000", "researchAndDevelopment": "284000000", "operatingExpenses": "390000000", "investmentIncomeNet": "None", "netInterestIncome": "None", "interestIncome": "None", "interestExpense": "103000000", "nonInterestIncome": "None", "otherNonOperatingIncome": "76000000", "depreciation": "None", "depreciationAndAmortization": "932000000", "incomeBeforeTax": "2077000000", "incomeTaxExpense": "469000000", "interestAndDebtExpense": "None", "netIncomeFromContinuingOperations": "1608000000", "comprehensiveIncomeNetOfTax": "None", "ebit": "2173000000", "ebitda": "3105000000", "netIncome": "1592000000"}, {"fiscalDateEnding": "2013-12-31", "reportedCurrency": "USD", "grossProfit": "2623000000", "totalRevenue": "11906000000", "costOfRevenue": "9283000000", "costofGoodsAndServicesSold": "9283000000", "operatingIncome": "2207000000", "sellingGeneralAndAdministrative": "111000000", "researchAndDevelopment": "304000000", "operatingExpenses": "415000000", "investmentIncomeNet": "None", "netInterestIncome": "None", "interestIncome": "None", "interestExpense": "97000000", "nonInterestIncome": "None", "otherNonOperatingIncome": "59000000", "depreciation": "None", "depreciationAndAmortization": "929000000", "incomeBeforeTax": "2170000000", "incomeTaxExpense": "487000000", "interestAndDebtExpense": "None", "netIncomeFromContinuingOperations": "1627000000", "comprehensiveIncomeNetOfTax": "None", "ebit": "2266000000", "ebitda": "3195000000", "netIncome": "1664000000"}, {"fiscalDateEnding": "2013-09-30", "reportedCurrency": "USD", "grossProfit": "2682000000", "totalRevenue": "11608000000", "costOfRevenue": "8926000000", "costofGoodsAndServicesSold": "8926000000", "operatingIncome": "2286000000", "sellingGeneralAndAdministrative": "110000000", "researchAndDevelopment": "286000000", "operatingExpenses": "396000000", "investmentIncomeNet": "None", "netInterestIncome": "None", "interestIncome": "None", "interestExpense": "98000000", "nonInterestIncome": "None", "otherNonOperatingIncome": "43000000", "depreciation": "None", "depreciationAndAmortization": "931000000", "incomeBeforeTax": "2231000000", "incomeTaxExpense": "506000000", "interestAndDebtExpense": "None", "netIncomeFromContinuingOperations": "1725000000", "comprehensiveIncomeNetOfTax": "None", "ebit": "2343000000", "ebitda": "3274000000", "netIncome": "1715000000"}, {"fiscalDateEnding": "2013-06-30", "reportedCurrency": "USD", "grossProfit": "2470000000", "totalRevenue": "11182000000", "costOfRevenue": "8712000000", "costofGoodsAndServicesSold": "8712000000", "operatingIncome": "2077000000", "sellingGeneralAndAdministrative": "100000000", "researchAndDevelopment": "293000000", "operatingExpenses": "393000000", "investmentIncomeNet": "None", "netInterestIncome": "None", "interestIncome": "None", "interestExpense": "98000000", "nonInterestIncome": "None", "otherNonOperatingIncome": "1058000000", "depreciation": "None", "depreciationAndAmortization": "910000000", "incomeBeforeTax": "2673000000", "incomeTaxExpense": "449000000", "interestAndDebtExpense": "None", "netIncomeFromContinuingOperations": "2224000000", "comprehensiveIncomeNetOfTax": "None", "ebit": "1197000000", "ebitda": "2107000000", "netIncome": "2095000000"}, {"fiscalDateEnding": "2013-03-31", "reportedCurrency": "USD", "grossProfit": "2226000000", "totalRevenue": "10668000000", "costOfRevenue": "8442000000", "costofGoodsAndServicesSold": "8442000000", "operatingIncome": "1836000000", "sellingGeneralAndAdministrative": "95000000", "researchAndDevelopment": "295000000", "operatingExpenses": "390000000", "investmentIncomeNet": "None", "netInterestIncome": "None", "interestIncome": "None", "interestExpense": "98000000", "nonInterestIncome": "None", "otherNonOperatingIncome": "33000000", "depreciation": "None", "depreciationAndAmortization": "896000000", "incomeBeforeTax": "1679000000", "incomeTaxExpense": "412000000", "interestAndDebtExpense": "None", "netIncomeFromContinuingOperations": "1267000000", "comprehensiveIncomeNetOfTax": "None", "ebit": "1715000000", "ebitda": "2611000000", "netIncome": "1259000000"}, {"fiscalDateEnding": "2012-12-31", "reportedCurrency": "USD", "grossProfit": "2376000000", "totalRevenue": "11174000000", "costOfRevenue": "8798000000", "costofGoodsAndServicesSold": "8798000000", "operatingIncome": "1960000000", "sellingGeneralAndAdministrative": "111000000", "researchAndDevelopment": "307000000", "operatingExpenses": "418000000", "investmentIncomeNet": "None", "netInterestIncome": "None", "interestIncome": "None", "interestExpense": "93000000", "nonInterestIncome": "None", "otherNonOperatingIncome": "36000000", "depreciation": "None", "depreciationAndAmortization": "930000000", "incomeBeforeTax": "1807000000", "incomeTaxExpense": "436000000", "interestAndDebtExpense": "None", "netIncomeFromContinuingOperations": "1349000000", "comprehensiveIncomeNetOfTax": "None", "ebit": "1902000000", "ebitda": "2832000000", "netIncome": "1362000000"}, {"fiscalDateEnding": "2012-09-30", "reportedCurrency": "USD", "grossProfit": "2318000000", "totalRevenue": "10608000000", "costOfRevenue": "8290000000", "costofGoodsAndServicesSold": "8290000000", "operatingIncome": "1934000000", "sellingGeneralAndAdministrative": "95000000", "researchAndDevelopment": "289000000", "operatingExpenses": "384000000", "investmentIncomeNet": "None", "netInterestIncome": "None", "interestIncome": "None", "interestExpense": "89000000", "nonInterestIncome": "None", "otherNonOperatingIncome": "44000000", "depreciation": "None", "depreciationAndAmortization": "864000000", "incomeBeforeTax": "1857000000", "incomeTaxExpense": "442000000", "interestAndDebtExpense": "None", "netIncomeFromContinuingOperations": "1415000000", "comprehensiveIncomeNetOfTax": "None", "ebit": "1887000000", "ebitda": "2751000000", "netIncome": "1424000000"}, {"fiscalDateEnding": "2012-06-30", "reportedCurrency": "USD", "grossProfit": "2286000000", "totalRevenue": "10448000000", "costOfRevenue": "8162000000", "costofGoodsAndServicesSold": "8162000000", "operatingIncome": "1894000000", "sellingGeneralAndAdministrative": "101000000", "researchAndDevelopment": "291000000", "operatingExpenses": "392000000", "investmentIncomeNet": "None", "netInterestIncome": "None", "interestIncome": "None", "interestExpense": "78000000", "nonInterestIncome": "None", "otherNonOperatingIncome": "45000000", "depreciation": "None", "depreciationAndAmortization": "853000000", "incomeBeforeTax": "1839000000", "incomeTaxExpense": "445000000", "interestAndDebtExpense": "None", "netIncomeFromContinuingOperations": "1394000000", "comprehensiveIncomeNetOfTax": "None", "ebit": "1859000000", "ebitda": "2712000000", "netIncome": "1403000000"}, {"fiscalDateEnding": "2012-03-31", "reportedCurrency": "USD", "grossProfit": "2137000000", "totalRevenue": "10611000000", "costOfRevenue": "8474000000", "costofGoodsAndServicesSold": "8474000000", "operatingIncome": "1769000000", "sellingGeneralAndAdministrative": "93000000", "researchAndDevelopment": "275000000", "operatingExpenses": "368000000", "investmentIncomeNet": "None", "netInterestIncome": "None", "interestIncome": "None", "interestExpense": "80000000", "nonInterestIncome": "None", "otherNonOperatingIncome": "47000000", "depreciation": "None", "depreciationAndAmortization": "853000000", "incomeBeforeTax": "1721000000", "incomeTaxExpense": "411000000", "interestAndDebtExpense": "None", "netIncomeFromContinuingOperations": "1310000000", "comprehensiveIncomeNetOfTax": "None", "ebit": "963000000", "ebitda": "1816000000", "netIncome": "1301000000"}, {"fiscalDateEnding": "2011-12-31", "reportedCurrency": "USD", "grossProfit": "2332000000", "totalRevenue": "10974000000", "costOfRevenue": "8642000000", "costofGoodsAndServicesSold": "8642000000", "operatingIncome": "1958000000", "sellingGeneralAndAdministrative": "101000000", "researchAndDevelopment": "273000000", "operatingExpenses": "362000000", "investmentIncomeNet": "None", "netInterestIncome": "None", "interestIncome": "None", "interestExpense": "86000000", "nonInterestIncome": "None", "otherNonOperatingIncome": "35000000", "depreciation": "None", "depreciationAndAmortization": "861000000", "incomeBeforeTax": "1886000000", "incomeTaxExpense": "466000000", "interestAndDebtExpense": "None", "netIncomeFromContinuingOperations": "1419000000", "comprehensiveIncomeNetOfTax": "None", "ebit": "1971000000", "ebitda": "2832000000", "netIncome": "1414000000"}, {"fiscalDateEnding": "2011-09-30", "reportedCurrency": "USD", "grossProfit": "2137000000", "totalRevenue": "10229000000", "costOfRevenue": "8092000000", "costofGoodsAndServicesSold": "8092000000", "operatingIncome": "1780000000", "sellingGeneralAndAdministrative": "91000000", "researchAndDevelopment": "266000000", "operatingExpenses": "357000000", "investmentIncomeNet": "None", "netInterestIncome": "None", "interestIncome": "None", "interestExpense": "70000000", "nonInterestIncome": "None", "otherNonOperatingIncome": "34000000", "depreciation": "None", "depreciationAndAmortization": "827000000", "incomeBeforeTax": "1717000000", "incomeTaxExpense": "410000000", "interestAndDebtExpense": "None", "netIncomeFromContinuingOperations": "1307000000", "comprehensiveIncomeNetOfTax": "None", "ebit": "1756000000", "ebitda": "2583000000", "netIncome": "1301000000"}, {"fiscalDateEnding": "2011-06-30", "reportedCurrency": "USD", "grossProfit": "1983000000", "totalRevenue": "9621000000", "costOfRevenue": "7638000000", "costofGoodsAndServicesSold": "7638000000", "operatingIncome": "1570000000", "sellingGeneralAndAdministrative": "139000000", "researchAndDevelopment": "274000000", "operatingExpenses": "413000000", "investmentIncomeNet": "None", "netInterestIncome": "None", "interestIncome": "None", "interestExpense": "69000000", "nonInterestIncome": "None", "otherNonOperatingIncome": "29000000", "depreciation": "None", "depreciationAndAmortization": "805000000", "incomeBeforeTax": "1498000000", "incomeTaxExpense": "374000000", "interestAndDebtExpense": "None", "netIncomeFromContinuingOperations": "1124000000", "comprehensiveIncomeNetOfTax": "None", "ebit": "1540000000", "ebitda": "2345000000", "netIncome": "1339000000"}, {"fiscalDateEnding": "2011-03-31", "reportedCurrency": "USD", "grossProfit": "1656000000", "totalRevenue": "8716000000", "costOfRevenue": "7060000000", "costofGoodsAndServicesSold": "7060000000", "operatingIncome": "1307000000", "sellingGeneralAndAdministrative": "93000000", "researchAndDevelopment": "249000000", "operatingExpenses": "342000000", "investmentIncomeNet": "None", "netInterestIncome": "None", "interestIncome": "None", "interestExpense": "73000000", "nonInterestIncome": "None", "otherNonOperatingIncome": "31000000", "depreciation": "None", "depreciationAndAmortization": "788000000", "incomeBeforeTax": "1238000000", "incomeTaxExpense": "295000000", "interestAndDebtExpense": "None", "netIncomeFromContinuingOperations": "943000000", "comprehensiveIncomeNetOfTax": "None", "ebit": "557000000", "ebitda": "1345000000", "netIncome": "944000000"}, {"fiscalDateEnding": "2010-12-31", "reportedCurrency": "USD", "grossProfit": "1871000000", "totalRevenue": "9067000000", "costOfRevenue": "7196000000", "costofGoodsAndServicesSold": "7196000000", "operatingIncome": "1415000000", "sellingGeneralAndAdministrative": "194000000", "researchAndDevelopment": "256000000", "operatingExpenses": "455000000", "investmentIncomeNet": "None", "netInterestIncome": "None", "interestIncome": "None", "interestExpense": "61000000", "nonInterestIncome": "None", "otherNonOperatingIncome": "45000000", "depreciation": "None", "depreciationAndAmortization": "808000000", "incomeBeforeTax": "1335000000", "incomeTaxExpense": "290000000", "interestAndDebtExpense": "None", "netIncomeFromContinuingOperations": "1044000000", "comprehensiveIncomeNetOfTax": "None", "ebit": "1395000000", "ebitda": "2203000000", "netIncome": "1043000000"}, {"fiscalDateEnding": "2010-09-30", "reportedCurrency": "USD", "grossProfit": "1466000000", "totalRevenue": "6845000000", "costOfRevenue": "5379000000", "costofGoodsAndServicesSold": "5379000000", "operatingIncome": "1059000000", "sellingGeneralAndAdministrative": "167000000", "researchAndDevelopment": "240000000", "operatingExpenses": "407000000", "investmentIncomeNet": "None", "netInterestIncome": "None", "interestIncome": "None", "interestExpense": "47000000", "nonInterestIncome": "None", "otherNonOperatingIncome": "1324000000", "depreciation": "None", "depreciationAndAmortization": "693000000", "incomeBeforeTax": "1940000000", "incomeTaxExpense": "209000000", "interestAndDebtExpense": "None", "netIncomeFromContinuingOperations": "1731000000", "comprehensiveIncomeNetOfTax": "None", "ebit": "1987000000", "ebitda": "2680000000", "netIncome": "1734000000"}, {"fiscalDateEnding": "2010-06-30", "reportedCurrency": "USD", "grossProfit": "1397000000", "totalRevenue": "5973000000", "costOfRevenue": "4576000000", "costofGoodsAndServicesSold": "4576000000", "operatingIncome": "1000000000", "sellingGeneralAndAdministrative": "145000000", "researchAndDevelopment": "216000000", "operatingExpenses": "361000000", "investmentIncomeNet": "None", "netInterestIncome": "None", "interestIncome": "None", "interestExpense": "53000000", "nonInterestIncome": "None", "otherNonOperatingIncome": "51000000", "depreciation": "None", "depreciationAndAmortization": "638000000", "incomeBeforeTax": "994000000", "incomeTaxExpense": "177000000", "interestAndDebtExpense": "None", "netIncomeFromContinuingOperations": "817000000", "comprehensiveIncomeNetOfTax": "None", "ebit": "1046000000", "ebitda": "1684000000", "netIncome": "818000000"}, {"fiscalDateEnding": "2010-03-31", "reportedCurrency": "USD", "grossProfit": "1255000000", "totalRevenue": "5598000000", "costOfRevenue": "4343000000", "costofGoodsAndServicesSold": "4343000000", "operatingIncome": "904000000", "sellingGeneralAndAdministrative": "144000000", "researchAndDevelopment": "207000000", "operatingExpenses": "351000000", "investmentIncomeNet": "None", "netInterestIncome": "None", "interestIncome": "None", "interestExpense": "45000000", "nonInterestIncome": "None", "otherNonOperatingIncome": "64000000", "depreciation": "None", "depreciationAndAmortization": "620000000", "incomeBeforeTax": "888000000", "incomeTaxExpense": "214000000", "interestAndDebtExpense": "None", "netIncomeFromContinuingOperations": "674000000", "comprehensiveIncomeNetOfTax": "None", "ebit": "933000000", "ebitda": "1553000000", "netIncome": "672000000"}, {"fiscalDateEnding": "2009-12-31", "reportedCurrency": "USD", "grossProfit": "1371000000", "totalRevenue": "5747000000", "costOfRevenue": "4376000000", "costofGoodsAndServicesSold": "4376000000", "operatingIncome": "988000000", "sellingGeneralAndAdministrative": "145000000", "researchAndDevelopment": "217000000", "operatingExpenses": "383000000", "investmentIncomeNet": "None", "netInterestIncome": "None", "interestIncome": "None", "interestExpense": "52000000", "nonInterestIncome": "None", "otherNonOperatingIncome": "None", "depreciation": "None", "depreciationAndAmortization": "628000000", "incomeBeforeTax": "995000000", "incomeTaxExpense": "175000000", "interestAndDebtExpense": "None", "netIncomeFromContinuingOperations": "0", "comprehensiveIncomeNetOfTax": "None", "ebit": "1047000000", "ebitda": "1675000000", "netIncome": "796000000"}, {"fiscalDateEnding": "2009-09-30", "reportedCurrency": "USD", "grossProfit": "1308000000", "totalRevenue": "5430000000", "costOfRevenue": "4122000000", "costofGoodsAndServicesSold": "4122000000", "operatingIncome": "960000000", "sellingGeneralAndAdministrative": "128000000", "researchAndDevelopment": "198000000", "operatingExpenses": "348000000", "investmentIncomeNet": "None", "netInterestIncome": "None", "interestIncome": "None", "interestExpense": "54000000", "nonInterestIncome": "None", "otherNonOperatingIncome": "74000000", "depreciation": "None", "depreciationAndAmortization": "613000000", "incomeBeforeTax": "980000000", "incomeTaxExpense": "191000000", "interestAndDebtExpense": "None", "netIncomeFromContinuingOperations": "789000000", "comprehensiveIncomeNetOfTax": "None", "ebit": "1034000000", "ebitda": "1647000000", "netIncome": "787000000"}, {"fiscalDateEnding": "2009-06-30", "reportedCurrency": "USD", "grossProfit": "1119000000", "totalRevenue": "5528000000", "costOfRevenue": "4409000000", "costofGoodsAndServicesSold": "4409000000", "operatingIncome": "768000000", "sellingGeneralAndAdministrative": "131000000", "researchAndDevelopment": "197000000", "operatingExpenses": "351000000", "investmentIncomeNet": "None", "netInterestIncome": "None", "interestIncome": "None", "interestExpense": "61000000", "nonInterestIncome": "None", "otherNonOperatingIncome": "60000000", "depreciation": "None", "depreciationAndAmortization": "625757000", "incomeBeforeTax": "767000000", "incomeTaxExpense": "152000000", "interestAndDebtExpense": "None", "netIncomeFromContinuingOperations": "615000000", "comprehensiveIncomeNetOfTax": "None", "ebit": "828000000", "ebitda": "1453757000", "netIncome": "613000000"}, {"fiscalDateEnding": "2009-03-31", "reportedCurrency": "USD", "grossProfit": "1511465000", "totalRevenue": "5999989000", "costOfRevenue": "4488524000", "costofGoodsAndServicesSold": "4488524000", "operatingIncome": "1133518000", "sellingGeneralAndAdministrative": "130288000", "researchAndDevelopment": "189516000", "operatingExpenses": "340875000", "investmentIncomeNet": "None", "netInterestIncome": "None", "interestIncome": "None", "interestExpense": "55072000", "nonInterestIncome": "None", "otherNonOperatingIncome": "None", "depreciation": "None", "depreciationAndAmortization": "609243000", "incomeBeforeTax": "1192464000", "incomeTaxExpense": "252079000", "interestAndDebtExpense": "None", "netIncomeFromContinuingOperations": "0", "comprehensiveIncomeNetOfTax": "None", "ebit": "1246757000", "ebitda": "1856000000", "netIncome": "938461000"}, {"fiscalDateEnding": "2008-12-31", "reportedCurrency": "USD", "grossProfit": "1824404000", "totalRevenue": "6857877000", "costOfRevenue": "5033473000", "costofGoodsAndServicesSold": "5033473000", "operatingIncome": "1428517000", "sellingGeneralAndAdministrative": "173669000", "researchAndDevelopment": "222218000", "operatingExpenses": "395887000", "investmentIncomeNet": "None", "netInterestIncome": "None", "interestIncome": "None", "interestExpense": "58709000", "nonInterestIncome": "None", "otherNonOperatingIncome": "None", "depreciation": "None", "depreciationAndAmortization": "612613000", "incomeBeforeTax": "1475862000", "incomeTaxExpense": "325664000", "interestAndDebtExpense": "None", "netIncomeFromContinuingOperations": "0", "comprehensiveIncomeNetOfTax": "None", "ebit": "1840517000", "ebitda": "2453130000", "netIncome": "1150140000"}, {"fiscalDateEnding": "2008-09-30", "reportedCurrency": "USD", "grossProfit": "2292485000", "totalRevenue": "7258869000", "costOfRevenue": "4966384000", "costofGoodsAndServicesSold": "4966384000", "operatingIncome": "1912049000", "sellingGeneralAndAdministrative": "172268000", "researchAndDevelopment": "208168000", "operatingExpenses": "380436000", "investmentIncomeNet": "None", "netInterestIncome": "None", "interestIncome": "None", "interestExpense": "61000000", "nonInterestIncome": "None", "otherNonOperatingIncome": "None", "depreciation": "None", "depreciationAndAmortization": "583354000", "incomeBeforeTax": "1957620000", "incomeTaxExpense": "418142000", "interestAndDebtExpense": "None", "netIncomeFromContinuingOperations": "0", "comprehensiveIncomeNetOfTax": "None", "ebit": "2017646000", "ebitda": "2601000000", "netIncome": "1526362000"}, {"fiscalDateEnding": "2008-06-30", "reportedCurrency": "USD", "grossProfit": "2137269000", "totalRevenue": "6746148000", "costOfRevenue": "4608879000", "costofGoodsAndServicesSold": "4608879000", "operatingIncome": "1767894000", "sellingGeneralAndAdministrative": "172001000", "researchAndDevelopment": "197374000", "operatingExpenses": "369375000", "investmentIncomeNet": "None", "netInterestIncome": "None", "interestIncome": "None", "interestExpense": "61000000", "nonInterestIncome": "None", "otherNonOperatingIncome": "None", "depreciation": "None", "depreciationAndAmortization": "555852000", "incomeBeforeTax": "1803537000", "incomeTaxExpense": "377731000", "interestAndDebtExpense": "None", "netIncomeFromContinuingOperations": "0", "comprehensiveIncomeNetOfTax": "None", "ebit": "1865459000", "ebitda": "2421311000", "netIncome": "1419995000"}, {"fiscalDateEnding": "2008-03-31", "reportedCurrency": "USD", "grossProfit": "1931578000", "totalRevenue": "6289873000", "costOfRevenue": "4358295000", "costofGoodsAndServicesSold": "4358295000", "operatingIncome": "1579247000", "sellingGeneralAndAdministrative": "161300000", "researchAndDevelopment": "191031000", "operatingExpenses": "352331000", "investmentIncomeNet": "None", "netInterestIncome": "None", "interestIncome": "None", "interestExpense": "66041000", "nonInterestIncome": "None", "otherNonOperatingIncome": "None", "depreciation": "None", "depreciationAndAmortization": "516689000", "incomeBeforeTax": "1615436000", "incomeTaxExpense": "308587000", "interestAndDebtExpense": "None", "netIncomeFromContinuingOperations": "0", "comprehensiveIncomeNetOfTax": "None", "ebit": "1681477000", "ebitda": "2198166000", "netIncome": "1338304000"}, {"fiscalDateEnding": "2007-12-31", "reportedCurrency": "USD", "grossProfit": "2030277000", "totalRevenue": "6247713000", "costOfRevenue": "4217436000", "costofGoodsAndServicesSold": "4217436000", "operatingIncome": "1669125000", "sellingGeneralAndAdministrative": "164632000", "researchAndDevelopment": "196520000", "operatingExpenses": "361152000", "investmentIncomeNet": "None", "netInterestIncome": "None", "interestIncome": "None", "interestExpense": "71519000", "nonInterestIncome": "None", "otherNonOperatingIncome": "None", "depreciation": "None", "depreciationAndAmortization": "554417000", "incomeBeforeTax": "1740416000", "incomeTaxExpense": "357203000", "interestAndDebtExpense": "None", "netIncomeFromContinuingOperations": "0", "comprehensiveIncomeNetOfTax": "None", "ebit": "1669125000", "ebitda": "2223542000", "netIncome": "1383213000"}, {"fiscalDateEnding": "2007-09-30", "reportedCurrency": "USD", "grossProfit": "2020567000", "totalRevenue": "5925662000", "costOfRevenue": "3905095000", "costofGoodsAndServicesSold": "3905095000", "operatingIncome": "1671209000", "sellingGeneralAndAdministrative": "159164000", "researchAndDevelopment": "190194000", "operatingExpenses": "349358000", "investmentIncomeNet": "None", "netInterestIncome": "None", "interestIncome": "None", "interestExpense": "68622000", "nonInterestIncome": "None", "otherNonOperatingIncome": "None", "depreciation": "None", "depreciationAndAmortization": "497661000", "incomeBeforeTax": "1710165000", "incomeTaxExpense": "356168000", "interestAndDebtExpense": "None", "netIncomeFromContinuingOperations": "0", "comprehensiveIncomeNetOfTax": "None", "ebit": "1671209000", "ebitda": "2168870000", "netIncome": "1353997000"}, {"fiscalDateEnding": "2007-06-30", "reportedCurrency": "USD", "grossProfit": "1901891000", "totalRevenue": "5638762000", "costOfRevenue": "3736871000", "costofGoodsAndServicesSold": "3736871000", "operatingIncome": "1588148000", "sellingGeneralAndAdministrative": "139064000", "researchAndDevelopment": "174679000", "operatingExpenses": "313743000", "investmentIncomeNet": "None", "netInterestIncome": "None", "interestIncome": "None", "interestExpense": "66270000", "nonInterestIncome": "None", "otherNonOperatingIncome": "None", "depreciation": "None", "depreciationAndAmortization": "460932000", "incomeBeforeTax": "1619362000", "incomeTaxExpense": "360883000", "interestAndDebtExpense": "None", "netIncomeFromContinuingOperations": "0", "comprehensiveIncomeNetOfTax": "None", "ebit": "1588148000", "ebitda": "2049080000", "netIncome": "1258479000"}, {"fiscalDateEnding": "2007-03-31", "reportedCurrency": "USD", "grossProfit": "1846981000", "totalRevenue": "5464405000", "costOfRevenue": "3617424000", "costofGoodsAndServicesSold": "3617424000", "operatingIncome": "1539030000", "sellingGeneralAndAdministrative": "140853000", "researchAndDevelopment": "167098000", "operatingExpenses": "307951000", "investmentIncomeNet": "None", "netInterestIncome": "None", "interestIncome": "None", "interestExpense": "68147000", "nonInterestIncome": "None", "otherNonOperatingIncome": "None", "depreciation": "None", "depreciationAndAmortization": "440977000", "incomeBeforeTax": "1554506000", "incomeTaxExpense": "373679000", "interestAndDebtExpense": "None", "netIncomeFromContinuingOperations": "0", "comprehensiveIncomeNetOfTax": "None", "ebit": "1539030000", "ebitda": "1980007000", "netIncome": "1180827000"}, {"fiscalDateEnding": "2006-12-31", "reportedCurrency": "USD", "grossProfit": "1764475000", "totalRevenue": "5349868000", "costOfRevenue": "3585393000", "costofGoodsAndServicesSold": "3585393000", "operatingIncome": "1444043000", "sellingGeneralAndAdministrative": "150950000", "researchAndDevelopment": "169482000", "operatingExpenses": "320432000", "investmentIncomeNet": "None", "netInterestIncome": "None", "interestIncome": "None", "interestExpense": "63300000", "nonInterestIncome": "None", "otherNonOperatingIncome": "None", "depreciation": "None", "depreciationAndAmortization": "439000000", "incomeBeforeTax": "1467678000", "incomeTaxExpense": "337064000", "interestAndDebtExpense": "None", "netIncomeFromContinuingOperations": "0", "comprehensiveIncomeNetOfTax": "None", "ebit": "1444043000", "ebitda": "1883043000", "netIncome": "1130616000"}, {"fiscalDateEnding": "2006-09-30", "reportedCurrency": "USD", "grossProfit": "1585245000", "totalRevenue": "4954818000", "costOfRevenue": "3369573000", "costofGoodsAndServicesSold": "3369573000", "operatingIncome": "1308917000", "sellingGeneralAndAdministrative": "126790000", "researchAndDevelopment": "149538000", "operatingExpenses": "276328000", "investmentIncomeNet": "None", "netInterestIncome": "None", "interestIncome": "None", "interestExpense": "62351000", "nonInterestIncome": "None", "otherNonOperatingIncome": "None", "depreciation": "None", "depreciationAndAmortization": "392765000", "incomeBeforeTax": "1317265000", "incomeTaxExpense": "317434000", "interestAndDebtExpense": "None", "netIncomeFromContinuingOperations": "0", "comprehensiveIncomeNetOfTax": "None", "ebit": "1308917000", "ebitda": "1701682000", "netIncome": "999824000"}, {"fiscalDateEnding": "2006-06-30", "reportedCurrency": "USD", "grossProfit": "1431511000", "totalRevenue": "4686775000", "costOfRevenue": "3255264000", "costofGoodsAndServicesSold": "3255264000", "operatingIncome": "1138971000", "sellingGeneralAndAdministrative": "121650000", "researchAndDevelopment": "170890000", "operatingExpenses": "292540000", "investmentIncomeNet": "None", "netInterestIncome": "None", "interestIncome": "None", "interestExpense": "61421000", "nonInterestIncome": "None", "otherNonOperatingIncome": "None", "depreciation": "None", "depreciationAndAmortization": "375042000", "incomeBeforeTax": "1141140000", "incomeTaxExpense": "278419000", "interestAndDebtExpense": "None", "netIncomeFromContinuingOperations": "0", "comprehensiveIncomeNetOfTax": "None", "ebit": "1138971000", "ebitda": "1514013000", "netIncome": "856900000"}, {"fiscalDateEnding": "2006-03-31", "reportedCurrency": "USD", "grossProfit": "1244223000", "totalRevenue": "4239017000", "costOfRevenue": "2994794000", "costofGoodsAndServicesSold": "2994794000", "operatingIncome": "1004427000", "sellingGeneralAndAdministrative": "110390000", "researchAndDevelopment": "129406000", "operatingExpenses": "239796000", "investmentIncomeNet": "None", "netInterestIncome": "None", "interestIncome": "None", "interestExpense": "47844000", "nonInterestIncome": "None", "otherNonOperatingIncome": "None", "depreciation": "None", "depreciationAndAmortization": "354603000", "incomeBeforeTax": "1022075000", "incomeTaxExpense": "256651000", "interestAndDebtExpense": "None", "netIncomeFromContinuingOperations": "0", "comprehensiveIncomeNetOfTax": "None", "ebit": "1004427000", "ebitda": "1359030000", "netIncome": "722511000"}, {"fiscalDateEnding": "2005-12-31", "reportedCurrency": "USD", "grossProfit": "796872000", "totalRevenue": "3708472000", "costOfRevenue": "2911600000", "costofGoodsAndServicesSold": "2911600000", "operatingIncome": "543211000", "sellingGeneralAndAdministrative": "119269000", "researchAndDevelopment": "134392000", "operatingExpenses": "253661000", "investmentIncomeNet": "None", "netInterestIncome": "None", "interestIncome": "None", "interestExpense": "49454000", "nonInterestIncome": "None", "otherNonOperatingIncome": "None", "depreciation": "None", "depreciationAndAmortization": "358881000", "incomeBeforeTax": "901526000", "incomeTaxExpense": "207155000", "interestAndDebtExpense": "None", "netIncomeFromContinuingOperations": "0", "comprehensiveIncomeNetOfTax": "None", "ebit": "543211000", "ebitda": "902092000", "netIncome": "660554000"}, {"fiscalDateEnding": "2005-09-30", "reportedCurrency": "USD", "grossProfit": "1020884000", "totalRevenue": "3778194000", "costOfRevenue": "2757310000", "costofGoodsAndServicesSold": "2757310000", "operatingIncome": "790940000", "sellingGeneralAndAdministrative": "101678000", "researchAndDevelopment": "128266000", "operatingExpenses": "229944000", "investmentIncomeNet": "None", "netInterestIncome": "None", "interestIncome": "None", "interestExpense": "50637000", "nonInterestIncome": "None", "otherNonOperatingIncome": "None", "depreciation": "None", "depreciationAndAmortization": "337107000", "incomeBeforeTax": "740303000", "incomeTaxExpense": "174953000", "interestAndDebtExpense": "None", "netIncomeFromContinuingOperations": "0", "comprehensiveIncomeNetOfTax": "None", "ebit": "790940000", "ebitda": "1128047000", "netIncome": "540803000"}, {"fiscalDateEnding": "2005-06-30", "reportedCurrency": "USD", "grossProfit": "881948000", "totalRevenue": "3428632000", "costOfRevenue": "2546684000", "costofGoodsAndServicesSold": "2546684000", "operatingIncome": "654852000", "sellingGeneralAndAdministrative": "105461000", "researchAndDevelopment": "121635000", "operatingExpenses": "227096000", "investmentIncomeNet": "None", "netInterestIncome": "None", "interestIncome": "None", "interestExpense": "50437000", "nonInterestIncome": "None", "otherNonOperatingIncome": "None", "depreciation": "None", "depreciationAndAmortization": "326516000", "incomeBeforeTax": "650635000", "incomeTaxExpense": "162123000", "interestAndDebtExpense": "None", "netIncomeFromContinuingOperations": "0", "comprehensiveIncomeNetOfTax": "None", "ebit": "654852000", "ebitda": "981368000", "netIncome": "482201000"}, {"fiscalDateEnding": "2005-03-31", "reportedCurrency": "USD", "grossProfit": "942532000", "totalRevenue": "3347664000", "costOfRevenue": "2405132000", "costofGoodsAndServicesSold": "2405132000", "operatingIncome": "725828000", "sellingGeneralAndAdministrative": "95484000", "researchAndDevelopment": "121220000", "operatingExpenses": "216704000", "investmentIncomeNet": "None", "netInterestIncome": "None", "interestIncome": "None", "interestExpense": "46562000", "nonInterestIncome": "None", "otherNonOperatingIncome": "None", "depreciation": "None", "depreciationAndAmortization": "328465000", "incomeBeforeTax": "679266000", "incomeTaxExpense": "137696000", "interestAndDebtExpense": "None", "netIncomeFromContinuingOperations": "0", "comprehensiveIncomeNetOfTax": "None", "ebit": "725828000", "ebitda": "1054293000", "netIncome": "523409000"}, {"fiscalDateEnding": "2004-12-31", "reportedCurrency": "USD", "grossProfit": "586316000", "totalRevenue": "2914593000", "costOfRevenue": "2328277000", "costofGoodsAndServicesSold": "2328277000", "operatingIncome": "373071000", "sellingGeneralAndAdministrative": "105115000", "researchAndDevelopment": "108130000", "operatingExpenses": "213245000", "investmentIncomeNet": "None", "netInterestIncome": "None", "interestIncome": "None", "interestExpense": "201000000", "nonInterestIncome": "None", "otherNonOperatingIncome": "None", "depreciation": "None", "depreciationAndAmortization": "329369000", "incomeBeforeTax": "456981000", "incomeTaxExpense": "74696000", "interestAndDebtExpense": "None", "netIncomeFromContinuingOperations": "0", "comprehensiveIncomeNetOfTax": "None", "ebit": "373071000", "ebitda": "702440000", "netIncome": "329772000"}]}