{"symbol": "TMO", "annualReports": [{"fiscalDateEnding": "2024-12-31", "reportedCurrency": "USD", "grossProfit": "18108000000", "totalRevenue": "42879000000", "costOfRevenue": "24771000000", "costofGoodsAndServicesSold": "24771000000", "operatingIncome": "7337000000", "sellingGeneralAndAdministrative": "8595000000", "researchAndDevelopment": "1390000000", "operatingExpenses": "10724000000", "investmentIncomeNet": "None", "netInterestIncome": "-312000000", "interestIncome": "1078000000", "interestExpense": "1390000000", "nonInterestIncome": "None", "otherNonOperatingIncome": "None", "depreciation": "None", "depreciationAndAmortization": "3108000000", "incomeBeforeTax": "7037000000", "incomeTaxExpense": "657000000", "interestAndDebtExpense": "None", "netIncomeFromContinuingOperations": "6338000000", "comprehensiveIncomeNetOfTax": "None", "ebit": "8427000000", "ebitda": "11535000000", "netIncome": "6335000000"}, {"fiscalDateEnding": "2023-12-31", "reportedCurrency": "USD", "grossProfit": "17562000000", "totalRevenue": "42857000000", "costOfRevenue": "25295000000", "costofGoodsAndServicesSold": "25295000000", "operatingIncome": "6859000000", "sellingGeneralAndAdministrative": "8612000000", "researchAndDevelopment": "1337000000", "operatingExpenses": "10703000000", "investmentIncomeNet": "None", "netInterestIncome": "-534000000", "interestIncome": "720000000", "interestExpense": "1375000000", "nonInterestIncome": "None", "otherNonOperatingIncome": "None", "depreciation": "None", "depreciationAndAmortization": "3406000000", "incomeBeforeTax": "6298000000", "incomeTaxExpense": "-284000000", "interestAndDebtExpense": "None", "netIncomeFromContinuingOperations": "5923000000", "comprehensiveIncomeNetOfTax": "None", "ebit": "6859000000", "ebitda": "6859000000", "netIncome": "5995000000"}, {"fiscalDateEnding": "2022-12-31", "reportedCurrency": "USD", "grossProfit": "19500000000", "totalRevenue": "44915000000", "costOfRevenue": "25415000000", "costofGoodsAndServicesSold": "25415000000", "operatingIncome": "8393000000", "sellingGeneralAndAdministrative": "7127000000", "researchAndDevelopment": "1471000000", "operatingExpenses": "10993000000", "investmentIncomeNet": "None", "netInterestIncome": "-454000000", "interestIncome": "272000000", "interestExpense": "726000000", "nonInterestIncome": "None", "otherNonOperatingIncome": "-4000000", "depreciation": "None", "depreciationAndAmortization": "3381000000", "incomeBeforeTax": "7835000000", "incomeTaxExpense": "703000000", "interestAndDebtExpense": "None", "netIncomeFromContinuingOperations": "6960000000", "comprehensiveIncomeNetOfTax": "None", "ebit": "8560000000", "ebitda": "11941000000", "netIncome": "6950000000"}, {"fiscalDateEnding": "2021-12-31", "reportedCurrency": "USD", "grossProfit": "20234000000", "totalRevenue": "39211000000", "costOfRevenue": "18977000000", "costofGoodsAndServicesSold": "18977000000", "operatingIncome": "10028000000", "sellingGeneralAndAdministrative": "6842000000", "researchAndDevelopment": "1406000000", "operatingExpenses": "10009000000", "investmentIncomeNet": "None", "netInterestIncome": "-493000000", "interestIncome": "43000000", "interestExpense": "536000000", "nonInterestIncome": "None", "otherNonOperatingIncome": "-655000000", "depreciation": "None", "depreciationAndAmortization": "2592000000", "incomeBeforeTax": "8841000000", "incomeTaxExpense": "1109000000", "interestAndDebtExpense": "None", "netIncomeFromContinuingOperations": "7728000000", "comprehensiveIncomeNetOfTax": "None", "ebit": "10372000000", "ebitda": "12964000000", "netIncome": "7725000000"}, {"fiscalDateEnding": "2020-12-31", "reportedCurrency": "USD", "grossProfit": "16505000000", "totalRevenue": "32218000000", "costOfRevenue": "15713000000", "costofGoodsAndServicesSold": "15713000000", "operatingIncome": "7794000000", "sellingGeneralAndAdministrative": "6930000000", "researchAndDevelopment": "1181000000", "operatingExpenses": "8612000000", "investmentIncomeNet": "None", "netInterestIncome": "-488000000", "interestIncome": "488000000", "interestExpense": "553000000", "nonInterestIncome": "None", "otherNonOperatingIncome": "-16000000", "depreciation": "None", "depreciationAndAmortization": "2325000000", "incomeBeforeTax": "7225000000", "incomeTaxExpense": "850000000", "interestAndDebtExpense": "None", "netIncomeFromContinuingOperations": "6375000000", "comprehensiveIncomeNetOfTax": "None", "ebit": "7867000000", "ebitda": "10192000000", "netIncome": "6375000000"}, {"fiscalDateEnding": "2019-12-31", "reportedCurrency": "USD", "grossProfit": "11827000000", "totalRevenue": "25542000000", "costOfRevenue": "13715000000", "costofGoodsAndServicesSold": "13715000000", "operatingIncome": "4594000000", "sellingGeneralAndAdministrative": "6144000000", "researchAndDevelopment": "1003000000", "operatingExpenses": "7646000000", "investmentIncomeNet": "None", "netInterestIncome": "-452000000", "interestIncome": "224000000", "interestExpense": "676000000", "nonInterestIncome": "None", "otherNonOperatingIncome": "152000000", "depreciation": "None", "depreciationAndAmortization": "2277000000", "incomeBeforeTax": "4070000000", "incomeTaxExpense": "374000000", "interestAndDebtExpense": "None", "netIncomeFromContinuingOperations": "3696000000", "comprehensiveIncomeNetOfTax": "None", "ebit": "4186000000", "ebitda": "6463000000", "netIncome": "3696000000"}, {"fiscalDateEnding": "2018-12-31", "reportedCurrency": "USD", "grossProfit": "11364000000", "totalRevenue": "24358000000", "costOfRevenue": "12994000000", "costofGoodsAndServicesSold": "12994000000", "operatingIncome": "3783000000", "sellingGeneralAndAdministrative": "6057000000", "researchAndDevelopment": "967000000", "operatingExpenses": "7531000000", "investmentIncomeNet": "None", "netInterestIncome": "-530000000", "interestIncome": "137000000", "interestExpense": "667000000", "nonInterestIncome": "None", "otherNonOperatingIncome": "None", "depreciation": "None", "depreciationAndAmortization": "2266000000", "incomeBeforeTax": "3262000000", "incomeTaxExpense": "324000000", "interestAndDebtExpense": "None", "netIncomeFromContinuingOperations": "2938000000", "comprehensiveIncomeNetOfTax": "None", "ebit": "3929000000", "ebitda": "6195000000", "netIncome": "2938000000"}, {"fiscalDateEnding": "2017-12-31", "reportedCurrency": "USD", "grossProfit": "9957000000", "totalRevenue": "20918000000", "costOfRevenue": "10961000000", "costofGoodsAndServicesSold": "10961000000", "operatingIncome": "2968000000", "sellingGeneralAndAdministrative": "5492000000", "researchAndDevelopment": "888000000", "operatingExpenses": "6892000000", "investmentIncomeNet": "None", "netInterestIncome": "-511000000", "interestIncome": "81000000", "interestExpense": "592000000", "nonInterestIncome": "None", "otherNonOperatingIncome": "None", "depreciation": "None", "depreciationAndAmortization": "2033000000", "incomeBeforeTax": "2429000000", "incomeTaxExpense": "201000000", "interestAndDebtExpense": "None", "netIncomeFromContinuingOperations": "2228000000", "comprehensiveIncomeNetOfTax": "None", "ebit": "3221000000", "ebitda": "5254000000", "netIncome": "2225000000"}, {"fiscalDateEnding": "2016-12-31", "reportedCurrency": "USD", "grossProfit": "8815000000", "totalRevenue": "18274100000", "costOfRevenue": "9459100000", "costofGoodsAndServicesSold": "9459100000", "operatingIncome": "2449200000", "sellingGeneralAndAdministrative": "4975900000", "researchAndDevelopment": "754800000", "operatingExpenses": "6176600000", "investmentIncomeNet": "None", "netInterestIncome": "-421200000", "interestIncome": "48400000", "interestExpense": "469600000", "nonInterestIncome": "None", "otherNonOperatingIncome": "None", "depreciation": "None", "depreciationAndAmortization": "1758000000", "incomeBeforeTax": "2023900000", "incomeTaxExpense": "-1400000", "interestAndDebtExpense": "None", "netIncomeFromContinuingOperations": "2025300000", "comprehensiveIncomeNetOfTax": "None", "ebit": "2493500000", "ebitda": "4251500000", "netIncome": "2021800000"}, {"fiscalDateEnding": "2015-12-31", "reportedCurrency": "USD", "grossProfit": "8182700000", "totalRevenue": "16965400000", "costOfRevenue": "8782700000", "costofGoodsAndServicesSold": "8782700000", "operatingIncome": "2336200000", "sellingGeneralAndAdministrative": "4612100000", "researchAndDevelopment": "692300000", "operatingExpenses": "5731200000", "investmentIncomeNet": "None", "netInterestIncome": "None", "interestIncome": "264900000", "interestExpense": "414900000", "nonInterestIncome": "None", "otherNonOperatingIncome": "None", "depreciation": "None", "depreciationAndAmortization": "1688200000", "incomeBeforeTax": "1936400000", "incomeTaxExpense": "-43900000", "interestAndDebtExpense": "None", "netIncomeFromContinuingOperations": "1980300000", "comprehensiveIncomeNetOfTax": "None", "ebit": "2351300000", "ebitda": "4039500000", "netIncome": "1975400000"}, {"fiscalDateEnding": "2014-12-31", "reportedCurrency": "USD", "grossProfit": "7919000000", "totalRevenue": "16889600000", "costOfRevenue": "8970600000", "costofGoodsAndServicesSold": "8970600000", "operatingIncome": "2503000000", "sellingGeneralAndAdministrative": "4896100000", "researchAndDevelopment": "691100000", "operatingExpenses": "6014200000", "investmentIncomeNet": "None", "netInterestIncome": "None", "interestIncome": "None", "interestExpense": "479900000", "nonInterestIncome": "None", "otherNonOperatingIncome": "None", "depreciation": "None", "depreciationAndAmortization": "1684800000", "incomeBeforeTax": "2087200000", "incomeTaxExpense": "191700000", "interestAndDebtExpense": "None", "netIncomeFromContinuingOperations": "1895500000", "comprehensiveIncomeNetOfTax": "None", "ebit": "2567100000", "ebitda": "4251900000", "netIncome": "1894400000"}, {"fiscalDateEnding": "2013-12-31", "reportedCurrency": "USD", "grossProfit": "5751100000", "totalRevenue": "13090300000", "costOfRevenue": "7339200000", "costofGoodsAndServicesSold": "7339200000", "operatingIncome": "1609600000", "sellingGeneralAndAdministrative": "3446300000", "researchAndDevelopment": "395500000", "operatingExpenses": "4063800000", "investmentIncomeNet": "None", "netInterestIncome": "None", "interestIncome": "None", "interestExpense": "262100000", "nonInterestIncome": "None", "otherNonOperatingIncome": "None", "depreciation": "None", "depreciationAndAmortization": "999900000", "incomeBeforeTax": "1319500000", "incomeTaxExpense": "40400000", "interestAndDebtExpense": "None", "netIncomeFromContinuingOperations": "1279100000", "comprehensiveIncomeNetOfTax": "None", "ebit": "1581800000", "ebitda": "2581700000", "netIncome": "1273300000"}, {"fiscalDateEnding": "2012-12-31", "reportedCurrency": "USD", "grossProfit": "5516900000", "totalRevenue": "12509900000", "costOfRevenue": "6993000000", "costofGoodsAndServicesSold": "6993000000", "operatingIncome": "1482100000", "sellingGeneralAndAdministrative": "3354900000", "researchAndDevelopment": "376400000", "operatingExpenses": "3952700000", "investmentIncomeNet": "None", "netInterestIncome": "None", "interestIncome": "None", "interestExpense": "241600000", "nonInterestIncome": "None", "otherNonOperatingIncome": "None", "depreciation": "None", "depreciationAndAmortization": "983700000", "incomeBeforeTax": "1269400000", "incomeTaxExpense": "11000000", "interestAndDebtExpense": "None", "netIncomeFromContinuingOperations": "1258400000", "comprehensiveIncomeNetOfTax": "None", "ebit": "1511000000", "ebitda": "2494700000", "netIncome": "1177900000"}, {"fiscalDateEnding": "2011-12-31", "reportedCurrency": "USD", "grossProfit": "4988600000", "totalRevenue": "11725900000", "costOfRevenue": "6737300000", "costofGoodsAndServicesSold": "6737300000", "operatingIncome": "1245200000", "sellingGeneralAndAdministrative": "3126500000", "researchAndDevelopment": "340600000", "operatingExpenses": "3643000000", "investmentIncomeNet": "None", "netInterestIncome": "None", "interestIncome": "None", "interestExpense": "175300000", "nonInterestIncome": "None", "otherNonOperatingIncome": "None", "depreciation": "None", "depreciationAndAmortization": "863500000", "incomeBeforeTax": "1126600000", "incomeTaxExpense": "107000000", "interestAndDebtExpense": "None", "netIncomeFromContinuingOperations": "1019600000", "comprehensiveIncomeNetOfTax": "None", "ebit": "1320700000", "ebitda": "2184200000", "netIncome": "1329900000"}, {"fiscalDateEnding": "2010-12-31", "reportedCurrency": "USD", "grossProfit": "4573600000", "totalRevenue": "10788700000", "costOfRevenue": "6215100000", "costofGoodsAndServicesSold": "6215100000", "operatingIncome": "1264900000", "sellingGeneralAndAdministrative": "2826200000", "researchAndDevelopment": "287200000", "operatingExpenses": "3248300000", "investmentIncomeNet": "None", "netInterestIncome": "None", "interestIncome": "None", "interestExpense": "84700000", "nonInterestIncome": "None", "otherNonOperatingIncome": "None", "depreciation": "None", "depreciationAndAmortization": "770000000", "incomeBeforeTax": "1164600000", "incomeTaxExpense": "131500000", "interestAndDebtExpense": "None", "netIncomeFromContinuingOperations": "1133400000", "comprehensiveIncomeNetOfTax": "None", "ebit": "1142100000", "ebitda": "1912100000", "netIncome": "1035600000"}, {"fiscalDateEnding": "2009-12-31", "reportedCurrency": "USD", "grossProfit": "4149400000", "totalRevenue": "10109700000", "costOfRevenue": "5960300000", "costofGoodsAndServicesSold": "5960300000", "operatingIncome": "1048900000", "sellingGeneralAndAdministrative": "2668900000", "researchAndDevelopment": "246100000", "operatingExpenses": "3039700000", "investmentIncomeNet": "None", "netInterestIncome": "None", "interestIncome": "None", "interestExpense": "118100000", "nonInterestIncome": "None", "otherNonOperatingIncome": "None", "depreciation": "None", "depreciationAndAmortization": "787300000", "incomeBeforeTax": "927100000", "incomeTaxExpense": "75800000", "interestAndDebtExpense": "None", "netIncomeFromContinuingOperations": "973100000", "comprehensiveIncomeNetOfTax": "None", "ebit": "1045200000", "ebitda": "1832500000", "netIncome": "850300000"}, {"fiscalDateEnding": "2008-12-31", "reportedCurrency": "USD", "grossProfit": "4206200000", "totalRevenue": "10498000000", "costOfRevenue": "6291800000", "costofGoodsAndServicesSold": "6291800000", "operatingIncome": "1229400000", "sellingGeneralAndAdministrative": "2692300000", "researchAndDevelopment": "249100000", "operatingExpenses": "2941400000", "investmentIncomeNet": "None", "netInterestIncome": "None", "interestIncome": "None", "interestExpense": "151500000", "nonInterestIncome": "None", "otherNonOperatingIncome": "None", "depreciation": "None", "depreciationAndAmortization": "792700000", "incomeBeforeTax": "1149600000", "incomeTaxExpense": "160900000", "interestAndDebtExpense": "None", "netIncomeFromContinuingOperations": "None", "comprehensiveIncomeNetOfTax": "None", "ebit": "1279500000", "ebitda": "2072200000", "netIncome": "994200000"}, {"fiscalDateEnding": "2007-12-31", "reportedCurrency": "USD", "grossProfit": "3804400000", "totalRevenue": "9746400000", "costOfRevenue": "5942000000", "costofGoodsAndServicesSold": "5942000000", "operatingIncome": "974400000", "sellingGeneralAndAdministrative": "2549100000", "researchAndDevelopment": "238700000", "operatingExpenses": "2787800000", "investmentIncomeNet": "None", "netInterestIncome": "None", "interestIncome": "None", "interestExpense": "0", "nonInterestIncome": "None", "otherNonOperatingIncome": "None", "depreciation": "None", "depreciationAndAmortization": "756800000", "incomeBeforeTax": "881300000", "incomeTaxExpense": "101700000", "interestAndDebtExpense": "None", "netIncomeFromContinuingOperations": "None", "comprehensiveIncomeNetOfTax": "None", "ebit": "1021100000", "ebitda": "1777900000", "netIncome": "761100000"}, {"fiscalDateEnding": "2006-12-31", "reportedCurrency": "USD", "grossProfit": "1568060000", "totalRevenue": "3791617000", "costOfRevenue": "2223557000", "costofGoodsAndServicesSold": "2223557000", "operatingIncome": "241959000", "sellingGeneralAndAdministrative": "1110205000", "researchAndDevelopment": "170184000", "operatingExpenses": "1280389000", "investmentIncomeNet": "None", "netInterestIncome": "None", "interestIncome": "None", "interestExpense": "0", "nonInterestIncome": "None", "otherNonOperatingIncome": "None", "depreciation": "None", "depreciationAndAmortization": "240773000", "incomeBeforeTax": "209370000", "incomeTaxExpense": "43054000", "interestAndDebtExpense": "None", "netIncomeFromContinuingOperations": "None", "comprehensiveIncomeNetOfTax": "None", "ebit": "261300000", "ebitda": "502073000", "netIncome": "168935000"}, {"fiscalDateEnding": "2005-12-31", "reportedCurrency": "USD", "grossProfit": "1194948000", "totalRevenue": "2633027000", "costOfRevenue": "1438079000", "costofGoodsAndServicesSold": "1438079000", "operatingIncome": "263487000", "sellingGeneralAndAdministrative": "761786000", "researchAndDevelopment": "152775000", "operatingExpenses": "914561000", "investmentIncomeNet": "None", "netInterestIncome": "None", "interestIncome": "None", "interestExpense": "0", "nonInterestIncome": "None", "otherNonOperatingIncome": "None", "depreciation": "None", "depreciationAndAmortization": "123272000", "incomeBeforeTax": "285898000", "incomeTaxExpense": "87597000", "interestAndDebtExpense": "None", "netIncomeFromContinuingOperations": "None", "comprehensiveIncomeNetOfTax": "None", "ebit": "312613000", "ebitda": "435885000", "netIncome": "223218000"}], "quarterlyReports": [{"fiscalDateEnding": "2024-12-31", "reportedCurrency": "USD", "grossProfit": "4903000000", "totalRevenue": "11395000000", "costOfRevenue": "6492000000", "costofGoodsAndServicesSold": "6492000000", "operatingIncome": "2016000000", "sellingGeneralAndAdministrative": "2203000000", "researchAndDevelopment": "374000000", "operatingExpenses": "2887000000", "investmentIncomeNet": "None", "netInterestIncome": "-90000000", "interestIncome": "227000000", "interestExpense": "317000000", "nonInterestIncome": "None", "otherNonOperatingIncome": "None", "depreciation": "None", "depreciationAndAmortization": "742000000", "incomeBeforeTax": "1941000000", "incomeTaxExpense": "150000000", "interestAndDebtExpense": "None", "netIncomeFromContinuingOperations": "1824000000", "comprehensiveIncomeNetOfTax": "None", "ebit": "2258000000", "ebitda": "3000000000", "netIncome": "1830000000"}, {"fiscalDateEnding": "2024-09-30", "reportedCurrency": "USD", "grossProfit": "4328000000", "totalRevenue": "10598000000", "costOfRevenue": "6270000000", "costofGoodsAndServicesSold": "6270000000", "operatingIncome": "1838000000", "sellingGeneralAndAdministrative": "2098000000", "researchAndDevelopment": "346000000", "operatingExpenses": "2490000000", "investmentIncomeNet": "None", "netInterestIncome": "-79000000", "interestIncome": "277000000", "interestExpense": "356000000", "nonInterestIncome": "None", "otherNonOperatingIncome": "None", "depreciation": "None", "depreciationAndAmortization": "740000000", "incomeBeforeTax": "1742000000", "incomeTaxExpense": "99000000", "interestAndDebtExpense": "None", "netIncomeFromContinuingOperations": "1629000000", "comprehensiveIncomeNetOfTax": "None", "ebit": "2166000000", "ebitda": "2906000000", "netIncome": "1630000000"}, {"fiscalDateEnding": "2024-06-30", "reportedCurrency": "USD", "grossProfit": "4344000000", "totalRevenue": "10541000000", "costOfRevenue": "6197000000", "costofGoodsAndServicesSold": "6197000000", "operatingIncome": "1758000000", "sellingGeneralAndAdministrative": "2111000000", "researchAndDevelopment": "339000000", "operatingExpenses": "2586000000", "investmentIncomeNet": "None", "netInterestIncome": "-59000000", "interestIncome": "295000000", "interestExpense": "354000000", "nonInterestIncome": "None", "otherNonOperatingIncome": "None", "depreciation": "None", "depreciationAndAmortization": "790000000", "incomeBeforeTax": "1765000000", "incomeTaxExpense": "128000000", "interestAndDebtExpense": "None", "netIncomeFromContinuingOperations": "1553000000", "comprehensiveIncomeNetOfTax": "None", "ebit": "2187000000", "ebitda": "2977000000", "netIncome": "1548000000"}, {"fiscalDateEnding": "2024-03-31", "reportedCurrency": "USD", "grossProfit": "4217000000", "totalRevenue": "10345000000", "costOfRevenue": "6128000000", "costofGoodsAndServicesSold": "6128000000", "operatingIncome": "1720000000", "sellingGeneralAndAdministrative": "2183000000", "researchAndDevelopment": "331000000", "operatingExpenses": "2497000000", "investmentIncomeNet": "None", "netInterestIncome": "-84000000", "interestIncome": "279000000", "interestExpense": "363000000", "nonInterestIncome": "None", "otherNonOperatingIncome": "None", "depreciation": "None", "depreciationAndAmortization": "836000000", "incomeBeforeTax": "1589000000", "incomeTaxExpense": "281000000", "interestAndDebtExpense": "None", "netIncomeFromContinuingOperations": "1331000000", "comprehensiveIncomeNetOfTax": "None", "ebit": "1725000000", "ebitda": "2561000000", "netIncome": "1328000000"}, {"fiscalDateEnding": "2023-12-31", "reportedCurrency": "USD", "grossProfit": "4496000000", "totalRevenue": "10886000000", "costOfRevenue": "6390000000", "costofGoodsAndServicesSold": "6390000000", "operatingIncome": "1854000000", "sellingGeneralAndAdministrative": "2132000000", "researchAndDevelopment": "327000000", "operatingExpenses": "2642000000", "investmentIncomeNet": "None", "netInterestIncome": "-81000000", "interestIncome": "309000000", "interestExpense": "390000000", "nonInterestIncome": "None", "otherNonOperatingIncome": "None", "depreciation": "None", "depreciationAndAmortization": "839000000", "incomeBeforeTax": "1740000000", "incomeTaxExpense": "-133000000", "interestAndDebtExpense": "None", "netIncomeFromContinuingOperations": "1606000000", "comprehensiveIncomeNetOfTax": "None", "ebit": "2031000000", "ebitda": "2870000000", "netIncome": "1630000000"}, {"fiscalDateEnding": "2023-09-30", "reportedCurrency": "USD", "grossProfit": "4429000000", "totalRevenue": "10574000000", "costOfRevenue": "6145000000", "costofGoodsAndServicesSold": "6145000000", "operatingIncome": "1864000000", "sellingGeneralAndAdministrative": "1578000000", "researchAndDevelopment": "319000000", "operatingExpenses": "2481000000", "investmentIncomeNet": "None", "netInterestIncome": "-113000000", "interestIncome": "246000000", "interestExpense": "359000000", "nonInterestIncome": "None", "otherNonOperatingIncome": "None", "depreciation": "None", "depreciationAndAmortization": "853000000", "incomeBeforeTax": "1765000000", "incomeTaxExpense": "53000000", "interestAndDebtExpense": "None", "netIncomeFromContinuingOperations": "1695000000", "comprehensiveIncomeNetOfTax": "None", "ebit": "1949000000", "ebitda": "2802000000", "netIncome": "1715000000"}, {"fiscalDateEnding": "2023-06-30", "reportedCurrency": "USD", "grossProfit": "4364000000", "totalRevenue": "10687000000", "costOfRevenue": "6323000000", "costofGoodsAndServicesSold": "6323000000", "operatingIncome": "1578000000", "sellingGeneralAndAdministrative": "1673000000", "researchAndDevelopment": "345000000", "operatingExpenses": "2603000000", "investmentIncomeNet": "None", "netInterestIncome": "-148000000", "interestIncome": "178000000", "interestExpense": "326000000", "nonInterestIncome": "None", "otherNonOperatingIncome": "162000000", "depreciation": "None", "depreciationAndAmortization": "855000000", "incomeBeforeTax": "1430000000", "incomeTaxExpense": "52000000", "interestAndDebtExpense": "None", "netIncomeFromContinuingOperations": "1362000000", "comprehensiveIncomeNetOfTax": "None", "ebit": "1785000000", "ebitda": "2640000000", "netIncome": "1361000000"}, {"fiscalDateEnding": "2023-03-31", "reportedCurrency": "USD", "grossProfit": "4273000000", "totalRevenue": "10710000000", "costOfRevenue": "6437000000", "costofGoodsAndServicesSold": "6437000000", "operatingIncome": "1563000000", "sellingGeneralAndAdministrative": "1646000000", "researchAndDevelopment": "346000000", "operatingExpenses": "2598000000", "investmentIncomeNet": "None", "netInterestIncome": "-154000000", "interestIncome": "154000000", "interestExpense": "300000000", "nonInterestIncome": "None", "otherNonOperatingIncome": "75000000", "depreciation": "None", "depreciationAndAmortization": "859000000", "incomeBeforeTax": "1363000000", "incomeTaxExpense": "46000000", "interestAndDebtExpense": "None", "netIncomeFromContinuingOperations": "1292000000", "comprehensiveIncomeNetOfTax": "None", "ebit": "1724000000", "ebitda": "2583000000", "netIncome": "1289000000"}, {"fiscalDateEnding": "2022-12-31", "reportedCurrency": "USD", "grossProfit": "4735000000", "totalRevenue": "11450000000", "costOfRevenue": "6715000000", "costofGoodsAndServicesSold": "6715000000", "operatingIncome": "1861000000", "sellingGeneralAndAdministrative": "1836000000", "researchAndDevelopment": "391000000", "operatingExpenses": "2819000000", "investmentIncomeNet": "None", "netInterestIncome": "-119000000", "interestIncome": "150000000", "interestExpense": "269000000", "nonInterestIncome": "None", "otherNonOperatingIncome": "155000000", "depreciation": "None", "depreciationAndAmortization": "848000000", "incomeBeforeTax": "1777000000", "incomeTaxExpense": "173000000", "interestAndDebtExpense": "None", "netIncomeFromContinuingOperations": "1574000000", "comprehensiveIncomeNetOfTax": "None", "ebit": "2036000000", "ebitda": "2884000000", "netIncome": "1576000000"}, {"fiscalDateEnding": "2022-09-30", "reportedCurrency": "USD", "grossProfit": "4431000000", "totalRevenue": "10677000000", "costOfRevenue": "6246000000", "costofGoodsAndServicesSold": "6246000000", "operatingIncome": "1710000000", "sellingGeneralAndAdministrative": "1743000000", "researchAndDevelopment": "351000000", "operatingExpenses": "2688000000", "investmentIncomeNet": "None", "netInterestIncome": "-105000000", "interestIncome": "105000000", "interestExpense": "173000000", "nonInterestIncome": "None", "otherNonOperatingIncome": "-8000000", "depreciation": "None", "depreciationAndAmortization": "838000000", "incomeBeforeTax": "1601000000", "incomeTaxExpense": "31000000", "interestAndDebtExpense": "None", "netIncomeFromContinuingOperations": "1498000000", "comprehensiveIncomeNetOfTax": "None", "ebit": "1727000000", "ebitda": "2565000000", "netIncome": "1495000000"}, {"fiscalDateEnding": "2022-06-30", "reportedCurrency": "USD", "grossProfit": "4730000000", "totalRevenue": "10970000000", "costOfRevenue": "6240000000", "costofGoodsAndServicesSold": "6240000000", "operatingIncome": "2001000000", "sellingGeneralAndAdministrative": "1740000000", "researchAndDevelopment": "365000000", "operatingExpenses": "2705000000", "investmentIncomeNet": "None", "netInterestIncome": "-112000000", "interestIncome": "36000000", "interestExpense": "148000000", "nonInterestIncome": "None", "otherNonOperatingIncome": "13000000", "depreciation": "None", "depreciationAndAmortization": "836000000", "incomeBeforeTax": "1917000000", "incomeTaxExpense": "198000000", "interestAndDebtExpense": "None", "netIncomeFromContinuingOperations": "1668000000", "comprehensiveIncomeNetOfTax": "None", "ebit": "1982000000", "ebitda": "2818000000", "netIncome": "1664000000"}, {"fiscalDateEnding": "2022-03-31", "reportedCurrency": "USD", "grossProfit": "5604000000", "totalRevenue": "11818000000", "costOfRevenue": "6214000000", "costofGoodsAndServicesSold": "6214000000", "operatingIncome": "2821000000", "sellingGeneralAndAdministrative": "1808000000", "researchAndDevelopment": "364000000", "operatingExpenses": "2781000000", "investmentIncomeNet": "None", "netInterestIncome": "-118000000", "interestIncome": "18000000", "interestExpense": "136000000", "nonInterestIncome": "None", "otherNonOperatingIncome": "-164000000", "depreciation": "None", "depreciationAndAmortization": "859000000", "incomeBeforeTax": "2540000000", "incomeTaxExpense": "301000000", "interestAndDebtExpense": "None", "netIncomeFromContinuingOperations": "2220000000", "comprehensiveIncomeNetOfTax": "None", "ebit": "2830000000", "ebitda": "3689000000", "netIncome": "2215000000"}, {"fiscalDateEnding": "2021-12-31", "reportedCurrency": "USD", "grossProfit": "5400000000", "totalRevenue": "10702000000", "costOfRevenue": "5302000000", "costofGoodsAndServicesSold": "5302000000", "operatingIncome": "2538000000", "sellingGeneralAndAdministrative": "1958000000", "researchAndDevelopment": "392000000", "operatingExpenses": "2816000000", "investmentIncomeNet": "None", "netInterestIncome": "-150000000", "interestIncome": "11000000", "interestExpense": "161000000", "nonInterestIncome": "None", "otherNonOperatingIncome": "-513000000", "depreciation": "None", "depreciationAndAmortization": "683000000", "incomeBeforeTax": "1862000000", "incomeTaxExpense": "202000000", "interestAndDebtExpense": "None", "netIncomeFromContinuingOperations": "1659000000", "comprehensiveIncomeNetOfTax": "None", "ebit": "2758000000", "ebitda": "3441000000", "netIncome": "1658000000"}, {"fiscalDateEnding": "2021-09-30", "reportedCurrency": "USD", "grossProfit": "4797000000", "totalRevenue": "9330000000", "costOfRevenue": "4533000000", "costofGoodsAndServicesSold": "4533000000", "operatingIncome": "2278000000", "sellingGeneralAndAdministrative": "1727000000", "researchAndDevelopment": "351000000", "operatingExpenses": "2501000000", "investmentIncomeNet": "None", "netInterestIncome": "-119000000", "interestIncome": "119000000", "interestExpense": "128000000", "nonInterestIncome": "None", "otherNonOperatingIncome": "23000000", "depreciation": "None", "depreciationAndAmortization": "628000000", "incomeBeforeTax": "2173000000", "incomeTaxExpense": "271000000", "interestAndDebtExpense": "None", "netIncomeFromContinuingOperations": "1902000000", "comprehensiveIncomeNetOfTax": "None", "ebit": "2319000000", "ebitda": "2947000000", "netIncome": "1902000000"}, {"fiscalDateEnding": "2021-06-30", "reportedCurrency": "USD", "grossProfit": "4688000000", "totalRevenue": "9273000000", "costOfRevenue": "4585000000", "costofGoodsAndServicesSold": "4585000000", "operatingIncome": "2163000000", "sellingGeneralAndAdministrative": "1614000000", "researchAndDevelopment": "343000000", "operatingExpenses": "2406000000", "investmentIncomeNet": "None", "netInterestIncome": "-111000000", "interestIncome": "11000000", "interestExpense": "122000000", "nonInterestIncome": "None", "otherNonOperatingIncome": "6000000", "depreciation": "None", "depreciationAndAmortization": "660000000", "incomeBeforeTax": "2047000000", "incomeTaxExpense": "219000000", "interestAndDebtExpense": "None", "netIncomeFromContinuingOperations": "1828000000", "comprehensiveIncomeNetOfTax": "None", "ebit": "2222000000", "ebitda": "2882000000", "netIncome": "1828000000"}, {"fiscalDateEnding": "2021-03-31", "reportedCurrency": "USD", "grossProfit": "5349000000", "totalRevenue": "9906000000", "costOfRevenue": "4557000000", "costofGoodsAndServicesSold": "4557000000", "operatingIncome": "3049000000", "sellingGeneralAndAdministrative": "1826000000", "researchAndDevelopment": "320000000", "operatingExpenses": "2286000000", "investmentIncomeNet": "None", "netInterestIncome": "-113000000", "interestIncome": "12000000", "interestExpense": "125000000", "nonInterestIncome": "None", "otherNonOperatingIncome": "-171000000", "depreciation": "None", "depreciationAndAmortization": "621000000", "incomeBeforeTax": "2753000000", "incomeTaxExpense": "416000000", "interestAndDebtExpense": "None", "netIncomeFromContinuingOperations": "2337000000", "comprehensiveIncomeNetOfTax": "None", "ebit": "3087000000", "ebitda": "3708000000", "netIncome": "2337000000"}, {"fiscalDateEnding": "2020-12-31", "reportedCurrency": "USD", "grossProfit": "5683000000", "totalRevenue": "10550000000", "costOfRevenue": "4867000000", "costofGoodsAndServicesSold": "4867000000", "operatingIncome": "3071000000", "sellingGeneralAndAdministrative": "2125000000", "researchAndDevelopment": "376000000", "operatingExpenses": "2580000000", "investmentIncomeNet": "None", "netInterestIncome": "-134000000", "interestIncome": "12000000", "interestExpense": "146000000", "nonInterestIncome": "None", "otherNonOperatingIncome": "-33000000", "depreciation": "None", "depreciationAndAmortization": "602000000", "incomeBeforeTax": "2892000000", "incomeTaxExpense": "394000000", "interestAndDebtExpense": "None", "netIncomeFromContinuingOperations": "2498000000", "comprehensiveIncomeNetOfTax": "None", "ebit": "3089000000", "ebitda": "3691000000", "netIncome": "2498000000"}, {"fiscalDateEnding": "2020-09-30", "reportedCurrency": "USD", "grossProfit": "4456000000", "totalRevenue": "8521000000", "costOfRevenue": "4065000000", "costofGoodsAndServicesSold": "4065000000", "operatingIncome": "2426000000", "sellingGeneralAndAdministrative": "1592000000", "researchAndDevelopment": "296000000", "operatingExpenses": "2013000000", "investmentIncomeNet": "None", "netInterestIncome": "-135000000", "interestIncome": "135000000", "interestExpense": "144000000", "nonInterestIncome": "None", "otherNonOperatingIncome": "-30000000", "depreciation": "None", "depreciationAndAmortization": "575000000", "incomeBeforeTax": "2252000000", "incomeTaxExpense": "319000000", "interestAndDebtExpense": "None", "netIncomeFromContinuingOperations": "1933000000", "comprehensiveIncomeNetOfTax": "None", "ebit": "2435000000", "ebitda": "3010000000", "netIncome": "1933000000"}, {"fiscalDateEnding": "2020-06-30", "reportedCurrency": "USD", "grossProfit": "3501000000", "totalRevenue": "6917000000", "costOfRevenue": "3416000000", "costofGoodsAndServicesSold": "3416000000", "operatingIncome": "1391000000", "sellingGeneralAndAdministrative": "1668000000", "researchAndDevelopment": "264000000", "operatingExpenses": "2098000000", "investmentIncomeNet": "None", "netInterestIncome": "-129000000", "interestIncome": "8000000", "interestExpense": "137000000", "nonInterestIncome": "None", "otherNonOperatingIncome": "-1000000", "depreciation": "None", "depreciationAndAmortization": "574000000", "incomeBeforeTax": "1253000000", "incomeTaxExpense": "97000000", "interestAndDebtExpense": "None", "netIncomeFromContinuingOperations": "1156000000", "comprehensiveIncomeNetOfTax": "None", "ebit": "1403000000", "ebitda": "1977000000", "netIncome": "1156000000"}, {"fiscalDateEnding": "2020-03-31", "reportedCurrency": "USD", "grossProfit": "2865000000", "totalRevenue": "6230000000", "costOfRevenue": "3365000000", "costofGoodsAndServicesSold": "3365000000", "operatingIncome": "906000000", "sellingGeneralAndAdministrative": "1545000000", "researchAndDevelopment": "245000000", "operatingExpenses": "1921000000", "investmentIncomeNet": "None", "netInterestIncome": "-90000000", "interestIncome": "36000000", "interestExpense": "126000000", "nonInterestIncome": "None", "otherNonOperatingIncome": "48000000", "depreciation": "None", "depreciationAndAmortization": "574000000", "incomeBeforeTax": "828000000", "incomeTaxExpense": "40000000", "interestAndDebtExpense": "None", "netIncomeFromContinuingOperations": "788000000", "comprehensiveIncomeNetOfTax": "None", "ebit": "944000000", "ebitda": "1518000000", "netIncome": "788000000"}, {"fiscalDateEnding": "2019-12-31", "reportedCurrency": "USD", "grossProfit": "3159000000", "totalRevenue": "6829000000", "costOfRevenue": "3670000000", "costofGoodsAndServicesSold": "3670000000", "operatingIncome": "1232000000", "sellingGeneralAndAdministrative": "1512000000", "researchAndDevelopment": "262000000", "operatingExpenses": "1898000000", "investmentIncomeNet": "None", "netInterestIncome": "-97000000", "interestIncome": "45000000", "interestExpense": "142000000", "nonInterestIncome": "None", "otherNonOperatingIncome": "152000000", "depreciation": "None", "depreciationAndAmortization": "576000000", "incomeBeforeTax": "1038000000", "incomeTaxExpense": "36000000", "interestAndDebtExpense": "None", "netIncomeFromContinuingOperations": "1002000000", "comprehensiveIncomeNetOfTax": "None", "ebit": "1275000000", "ebitda": "1851000000", "netIncome": "1002000000"}, {"fiscalDateEnding": "2019-09-30", "reportedCurrency": "USD", "grossProfit": "2888000000", "totalRevenue": "6272000000", "costOfRevenue": "3384000000", "costofGoodsAndServicesSold": "3384000000", "operatingIncome": "946000000", "sellingGeneralAndAdministrative": "1532000000", "researchAndDevelopment": "247000000", "operatingExpenses": "1911000000", "investmentIncomeNet": "None", "netInterestIncome": "-112000000", "interestIncome": "52000000", "interestExpense": "164000000", "nonInterestIncome": "None", "otherNonOperatingIncome": "None", "depreciation": "None", "depreciationAndAmortization": "575000000", "incomeBeforeTax": "822000000", "incomeTaxExpense": "62000000", "interestAndDebtExpense": "None", "netIncomeFromContinuingOperations": "760000000", "comprehensiveIncomeNetOfTax": "None", "ebit": "989000000", "ebitda": "1564000000", "netIncome": "760000000"}, {"fiscalDateEnding": "2019-06-30", "reportedCurrency": "USD", "grossProfit": "2823000000", "totalRevenue": "6316000000", "costOfRevenue": "3493000000", "costofGoodsAndServicesSold": "3493000000", "operatingIncome": "1496000000", "sellingGeneralAndAdministrative": "1529000000", "researchAndDevelopment": "246000000", "operatingExpenses": "1811000000", "investmentIncomeNet": "None", "netInterestIncome": "-121000000", "interestIncome": "60000000", "interestExpense": "181000000", "nonInterestIncome": "None", "otherNonOperatingIncome": "None", "depreciation": "None", "depreciationAndAmortization": "571000000", "incomeBeforeTax": "1393000000", "incomeTaxExpense": "274000000", "interestAndDebtExpense": "None", "netIncomeFromContinuingOperations": "1119000000", "comprehensiveIncomeNetOfTax": "None", "ebit": "1050000000", "ebitda": "1621000000", "netIncome": "1119000000"}, {"fiscalDateEnding": "2019-03-31", "reportedCurrency": "USD", "grossProfit": "2832000000", "totalRevenue": "6125000000", "costOfRevenue": "3293000000", "costofGoodsAndServicesSold": "3293000000", "operatingIncome": "920000000", "sellingGeneralAndAdministrative": "1517000000", "researchAndDevelopment": "248000000", "operatingExpenses": "1901000000", "investmentIncomeNet": "None", "netInterestIncome": "-122000000", "interestIncome": "67000000", "interestExpense": "189000000", "nonInterestIncome": "None", "otherNonOperatingIncome": "None", "depreciation": "None", "depreciationAndAmortization": "555000000", "incomeBeforeTax": "817000000", "incomeTaxExpense": "2000000", "interestAndDebtExpense": "None", "netIncomeFromContinuingOperations": "815000000", "comprehensiveIncomeNetOfTax": "None", "ebit": "948000000", "ebitda": "1503000000", "netIncome": "815000000"}, {"fiscalDateEnding": "2018-12-31", "reportedCurrency": "USD", "grossProfit": "3049000000", "totalRevenue": "6507000000", "costOfRevenue": "3458000000", "costofGoodsAndServicesSold": "3458000000", "operatingIncome": "1148000000", "sellingGeneralAndAdministrative": "1510000000", "researchAndDevelopment": "251000000", "operatingExpenses": "1886000000", "investmentIncomeNet": "None", "netInterestIncome": "None", "interestIncome": "None", "interestExpense": "172000000", "nonInterestIncome": "None", "otherNonOperatingIncome": "None", "depreciation": "None", "depreciationAndAmortization": "558000000", "incomeBeforeTax": "1012000000", "incomeTaxExpense": "114000000", "interestAndDebtExpense": "None", "netIncomeFromContinuingOperations": "898000000", "comprehensiveIncomeNetOfTax": "None", "ebit": "1199000000", "ebitda": "1757000000", "netIncome": "898000000"}, {"fiscalDateEnding": "2018-09-30", "reportedCurrency": "USD", "grossProfit": "2615000000", "totalRevenue": "5920000000", "costOfRevenue": "3305000000", "costofGoodsAndServicesSold": "3305000000", "operatingIncome": "912000000", "sellingGeneralAndAdministrative": "1494000000", "researchAndDevelopment": "240000000", "operatingExpenses": "1730000000", "investmentIncomeNet": "None", "netInterestIncome": "None", "interestIncome": "None", "interestExpense": "162000000", "nonInterestIncome": "None", "otherNonOperatingIncome": "None", "depreciation": "None", "depreciationAndAmortization": "563000000", "incomeBeforeTax": "810000000", "incomeTaxExpense": "101000000", "interestAndDebtExpense": "None", "netIncomeFromContinuingOperations": "709000000", "comprehensiveIncomeNetOfTax": "None", "ebit": "877000000", "ebitda": "1440000000", "netIncome": "709000000"}, {"fiscalDateEnding": "2018-06-30", "reportedCurrency": "USD", "grossProfit": "2738000000", "totalRevenue": "6078000000", "costOfRevenue": "3340000000", "costofGoodsAndServicesSold": "3340000000", "operatingIncome": "937000000", "sellingGeneralAndAdministrative": "1542000000", "researchAndDevelopment": "242000000", "operatingExpenses": "1784000000", "investmentIncomeNet": "None", "netInterestIncome": "None", "interestIncome": "None", "interestExpense": "170000000", "nonInterestIncome": "None", "otherNonOperatingIncome": "None", "depreciation": "None", "depreciationAndAmortization": "571000000", "incomeBeforeTax": "806000000", "incomeTaxExpense": "54000000", "interestAndDebtExpense": "None", "netIncomeFromContinuingOperations": "752000000", "comprehensiveIncomeNetOfTax": "None", "ebit": "961000000", "ebitda": "1532000000", "netIncome": "752000000"}, {"fiscalDateEnding": "2018-03-31", "reportedCurrency": "USD", "grossProfit": "2709000000", "totalRevenue": "5853000000", "costOfRevenue": "3144000000", "costofGoodsAndServicesSold": "3144000000", "operatingIncome": "786000000", "sellingGeneralAndAdministrative": "1515000000", "researchAndDevelopment": "234000000", "operatingExpenses": "1878000000", "investmentIncomeNet": "None", "netInterestIncome": "None", "interestIncome": "None", "interestExpense": "163000000", "nonInterestIncome": "None", "otherNonOperatingIncome": "None", "depreciation": "None", "depreciationAndAmortization": "575000000", "incomeBeforeTax": "634000000", "incomeTaxExpense": "55000000", "interestAndDebtExpense": "None", "netIncomeFromContinuingOperations": "579000000", "comprehensiveIncomeNetOfTax": "None", "ebit": "842000000", "ebitda": "1417000000", "netIncome": "579000000"}, {"fiscalDateEnding": "2017-12-31", "reportedCurrency": "USD", "grossProfit": "2797000000", "totalRevenue": "6047000000", "costOfRevenue": "3250000000", "costofGoodsAndServicesSold": "3250000000", "operatingIncome": "958000000", "sellingGeneralAndAdministrative": "1476500000", "researchAndDevelopment": "233000000", "operatingExpenses": "1837000000", "investmentIncomeNet": "None", "netInterestIncome": "None", "interestIncome": "None", "interestExpense": "166000000", "nonInterestIncome": "None", "otherNonOperatingIncome": "None", "depreciation": "None", "depreciationAndAmortization": "573500000", "incomeBeforeTax": "820000000", "incomeTaxExpense": "290000000", "interestAndDebtExpense": "None", "netIncomeFromContinuingOperations": "530500000", "comprehensiveIncomeNetOfTax": "None", "ebit": "986200000", "ebitda": "1559700000", "netIncome": "528100000"}, {"fiscalDateEnding": "2017-09-30", "reportedCurrency": "USD", "grossProfit": "2430500000", "totalRevenue": "5116200000", "costOfRevenue": "2685700000", "costofGoodsAndServicesSold": "2685700000", "operatingIncome": "636200000", "sellingGeneralAndAdministrative": "1396800000", "researchAndDevelopment": "218100000", "operatingExpenses": "1745200000", "investmentIncomeNet": "None", "netInterestIncome": "None", "interestIncome": "None", "interestExpense": "156700000", "nonInterestIncome": "None", "otherNonOperatingIncome": "None", "depreciation": "None", "depreciationAndAmortization": "516800000", "incomeBeforeTax": "480600000", "incomeTaxExpense": "-53300000", "interestAndDebtExpense": "None", "netIncomeFromContinuingOperations": "533900000", "comprehensiveIncomeNetOfTax": "None", "ebit": "637300000", "ebitda": "1154100000", "netIncome": "534000000"}, {"fiscalDateEnding": "2017-06-30", "reportedCurrency": "USD", "grossProfit": "2411700000", "totalRevenue": "4990000000", "costOfRevenue": "2578300000", "costofGoodsAndServicesSold": "2578300000", "operatingIncome": "751500000", "sellingGeneralAndAdministrative": "1280700000", "researchAndDevelopment": "221600000", "operatingExpenses": "1637700000", "investmentIncomeNet": "None", "netInterestIncome": "None", "interestIncome": "None", "interestExpense": "133600000", "nonInterestIncome": "None", "otherNonOperatingIncome": "None", "depreciation": "None", "depreciationAndAmortization": "478200000", "incomeBeforeTax": "625600000", "incomeTaxExpense": "13400000", "interestAndDebtExpense": "None", "netIncomeFromContinuingOperations": "612200000", "comprehensiveIncomeNetOfTax": "None", "ebit": "759200000", "ebitda": "1237400000", "netIncome": "612000000"}, {"fiscalDateEnding": "2017-03-31", "reportedCurrency": "USD", "grossProfit": "2317800000", "totalRevenue": "4765000000", "costOfRevenue": "2447200000", "costofGoodsAndServicesSold": "2447200000", "operatingIncome": "622400000", "sellingGeneralAndAdministrative": "1299700000", "researchAndDevelopment": "215400000", "operatingExpenses": "1671900000", "investmentIncomeNet": "None", "netInterestIncome": "None", "interestIncome": "None", "interestExpense": "135400000", "nonInterestIncome": "None", "otherNonOperatingIncome": "None", "depreciation": "None", "depreciationAndAmortization": "464500000", "incomeBeforeTax": "502900000", "incomeTaxExpense": "-48500000", "interestAndDebtExpense": "None", "netIncomeFromContinuingOperations": "551400000", "comprehensiveIncomeNetOfTax": "None", "ebit": "638300000", "ebitda": "1102800000", "netIncome": "551000000"}, {"fiscalDateEnding": "2016-12-31", "reportedCurrency": "USD", "grossProfit": "2406600000", "totalRevenue": "4953200000", "costOfRevenue": "2546600000", "costofGoodsAndServicesSold": "2546600000", "operatingIncome": "752600000", "sellingGeneralAndAdministrative": "1265300000", "researchAndDevelopment": "212600000", "operatingExpenses": "1605700000", "investmentIncomeNet": "None", "netInterestIncome": "None", "interestIncome": "None", "interestExpense": "131300000", "nonInterestIncome": "None", "otherNonOperatingIncome": "None", "depreciation": "None", "depreciationAndAmortization": "473800000", "incomeBeforeTax": "651900000", "incomeTaxExpense": "19200000", "interestAndDebtExpense": "None", "netIncomeFromContinuingOperations": "632700000", "comprehensiveIncomeNetOfTax": "None", "ebit": "783200000", "ebitda": "1257000000", "netIncome": "629500000"}, {"fiscalDateEnding": "2016-09-30", "reportedCurrency": "USD", "grossProfit": "2163700000", "totalRevenue": "4490900000", "costOfRevenue": "2327200000", "costofGoodsAndServicesSold": "2327200000", "operatingIncome": "541100000", "sellingGeneralAndAdministrative": "1212100000", "researchAndDevelopment": "183300000", "operatingExpenses": "1567700000", "investmentIncomeNet": "None", "netInterestIncome": "None", "interestIncome": "None", "interestExpense": "113300000", "nonInterestIncome": "None", "otherNonOperatingIncome": "None", "depreciation": "None", "depreciationAndAmortization": "433000000", "incomeBeforeTax": "427900000", "incomeTaxExpense": "-45600000", "interestAndDebtExpense": "None", "netIncomeFromContinuingOperations": "473500000", "comprehensiveIncomeNetOfTax": "None", "ebit": "691100000", "ebitda": "1124100000", "netIncome": "473500000"}, {"fiscalDateEnding": "2016-06-30", "reportedCurrency": "USD", "grossProfit": "2185800000", "totalRevenue": "4535200000", "costOfRevenue": "2349400000", "costofGoodsAndServicesSold": "2349400000", "operatingIncome": "637600000", "sellingGeneralAndAdministrative": "1219300000", "researchAndDevelopment": "182400000", "operatingExpenses": "1512800000", "investmentIncomeNet": "None", "netInterestIncome": "None", "interestIncome": "None", "interestExpense": "118800000", "nonInterestIncome": "None", "otherNonOperatingIncome": "None", "depreciation": "None", "depreciationAndAmortization": "435100000", "incomeBeforeTax": "521100000", "incomeTaxExpense": "4300000", "interestAndDebtExpense": "None", "netIncomeFromContinuingOperations": "516800000", "comprehensiveIncomeNetOfTax": "None", "ebit": "694200000", "ebitda": "1129300000", "netIncome": "516600000"}, {"fiscalDateEnding": "2016-03-31", "reportedCurrency": "USD", "grossProfit": "2058900000", "totalRevenue": "4294800000", "costOfRevenue": "2235900000", "costofGoodsAndServicesSold": "2235900000", "operatingIncome": "517900000", "sellingGeneralAndAdministrative": "1184000000", "researchAndDevelopment": "176500000", "operatingExpenses": "1490400000", "investmentIncomeNet": "None", "netInterestIncome": "None", "interestIncome": "None", "interestExpense": "106200000", "nonInterestIncome": "None", "otherNonOperatingIncome": "None", "depreciation": "None", "depreciationAndAmortization": "416100000", "incomeBeforeTax": "423000000", "incomeTaxExpense": "20700000", "interestAndDebtExpense": "None", "netIncomeFromContinuingOperations": "402300000", "comprehensiveIncomeNetOfTax": "None", "ebit": "603600000", "ebitda": "1019700000", "netIncome": "402200000"}, {"fiscalDateEnding": "2015-12-31", "reportedCurrency": "USD", "grossProfit": "2212600000", "totalRevenue": "4652500000", "costOfRevenue": "2439900000", "costofGoodsAndServicesSold": "2439900000", "operatingIncome": "690200000", "sellingGeneralAndAdministrative": "1190400000", "researchAndDevelopment": "180300000", "operatingExpenses": "1475000000", "investmentIncomeNet": "None", "netInterestIncome": "None", "interestIncome": "None", "interestExpense": "103000000", "nonInterestIncome": "None", "otherNonOperatingIncome": "None", "depreciation": "None", "depreciationAndAmortization": "424500000", "incomeBeforeTax": "582700000", "incomeTaxExpense": "-23600000", "interestAndDebtExpense": "None", "netIncomeFromContinuingOperations": "606300000", "comprehensiveIncomeNetOfTax": "None", "ebit": "685700000", "ebitda": "1110200000", "netIncome": "602600000"}, {"fiscalDateEnding": "2015-09-30", "reportedCurrency": "USD", "grossProfit": "1991000000", "totalRevenue": "4123200000", "costOfRevenue": "2132200000", "costofGoodsAndServicesSold": "2132200000", "operatingIncome": "562900000", "sellingGeneralAndAdministrative": "1108700000", "researchAndDevelopment": "171600000", "operatingExpenses": "1412600000", "investmentIncomeNet": "None", "netInterestIncome": "None", "interestIncome": "None", "interestExpense": "100600000", "nonInterestIncome": "None", "otherNonOperatingIncome": "None", "depreciation": "None", "depreciationAndAmortization": "427700000", "incomeBeforeTax": "468100000", "incomeTaxExpense": "-9200000", "interestAndDebtExpense": "None", "netIncomeFromContinuingOperations": "477300000", "comprehensiveIncomeNetOfTax": "None", "ebit": "568700000", "ebitda": "996400000", "netIncome": "476100000"}, {"fiscalDateEnding": "2015-06-30", "reportedCurrency": "USD", "grossProfit": "2048900000", "totalRevenue": "4270900000", "costOfRevenue": "2222000000", "costofGoodsAndServicesSold": "2222000000", "operatingIncome": "595800000", "sellingGeneralAndAdministrative": "1147800000", "researchAndDevelopment": "174600000", "operatingExpenses": "1432700000", "investmentIncomeNet": "None", "netInterestIncome": "None", "interestIncome": "None", "interestExpense": "102900000", "nonInterestIncome": "None", "otherNonOperatingIncome": "None", "depreciation": "None", "depreciationAndAmortization": "419700000", "incomeBeforeTax": "503600000", "incomeTaxExpense": "-8000000", "interestAndDebtExpense": "None", "netIncomeFromContinuingOperations": "511600000", "comprehensiveIncomeNetOfTax": "None", "ebit": "606500000", "ebitda": "1026200000", "netIncome": "511600000"}, {"fiscalDateEnding": "2015-03-31", "reportedCurrency": "USD", "grossProfit": "1930200000", "totalRevenue": "3918800000", "costOfRevenue": "1988600000", "costofGoodsAndServicesSold": "1988600000", "operatingIncome": "487300000", "sellingGeneralAndAdministrative": "1129800000", "researchAndDevelopment": "165800000", "operatingExpenses": "1410900000", "investmentIncomeNet": "None", "netInterestIncome": "None", "interestIncome": "None", "interestExpense": "108400000", "nonInterestIncome": "None", "otherNonOperatingIncome": "None", "depreciation": "None", "depreciationAndAmortization": "416300000", "incomeBeforeTax": "382000000", "incomeTaxExpense": "-3100000", "interestAndDebtExpense": "None", "netIncomeFromContinuingOperations": "385100000", "comprehensiveIncomeNetOfTax": "None", "ebit": "490400000", "ebitda": "906700000", "netIncome": "385100000"}, {"fiscalDateEnding": "2014-12-31", "reportedCurrency": "USD", "grossProfit": "2091900000", "totalRevenue": "4492800000", "costOfRevenue": "2400900000", "costofGoodsAndServicesSold": "2400900000", "operatingIncome": "639100000", "sellingGeneralAndAdministrative": "1236600000", "researchAndDevelopment": "182500000", "operatingExpenses": "1419100000", "investmentIncomeNet": "None", "netInterestIncome": "None", "interestIncome": "None", "interestExpense": "116200000", "nonInterestIncome": "None", "otherNonOperatingIncome": "None", "depreciation": "None", "depreciationAndAmortization": "428700000", "incomeBeforeTax": "537100000", "incomeTaxExpense": "-66900000", "interestAndDebtExpense": "None", "netIncomeFromContinuingOperations": "604000000", "comprehensiveIncomeNetOfTax": "None", "ebit": "653300000", "ebitda": "1082000000", "netIncome": "601200000"}, {"fiscalDateEnding": "2014-09-30", "reportedCurrency": "USD", "grossProfit": "2044400000", "totalRevenue": "4171400000", "costOfRevenue": "2127000000", "costofGoodsAndServicesSold": "2127000000", "operatingIncome": "640300000", "sellingGeneralAndAdministrative": "1208400000", "researchAndDevelopment": "175200000", "operatingExpenses": "1514700000", "investmentIncomeNet": "None", "netInterestIncome": "None", "interestIncome": "None", "interestExpense": "116800000", "nonInterestIncome": "None", "otherNonOperatingIncome": "None", "depreciation": "None", "depreciationAndAmortization": "455700000", "incomeBeforeTax": "539200000", "incomeTaxExpense": "69300000", "interestAndDebtExpense": "None", "netIncomeFromContinuingOperations": "469900000", "comprehensiveIncomeNetOfTax": "None", "ebit": "551700000", "ebitda": "1007400000", "netIncome": "471600000"}, {"fiscalDateEnding": "2014-06-30", "reportedCurrency": "USD", "grossProfit": "1960900000", "totalRevenue": "4321900000", "costOfRevenue": "2361000000", "costofGoodsAndServicesSold": "2361000000", "operatingIncome": "348100000", "sellingGeneralAndAdministrative": "1131000000", "researchAndDevelopment": "183700000", "operatingExpenses": "1551900000", "investmentIncomeNet": "None", "netInterestIncome": "None", "interestIncome": "None", "interestExpense": "129100000", "nonInterestIncome": "None", "otherNonOperatingIncome": "None", "depreciation": "None", "depreciationAndAmortization": "434800000", "incomeBeforeTax": "236500000", "incomeTaxExpense": "-42000000", "interestAndDebtExpense": "None", "netIncomeFromContinuingOperations": "278500000", "comprehensiveIncomeNetOfTax": "None", "ebit": "580000000", "ebitda": "1014800000", "netIncome": "278500000"}, {"fiscalDateEnding": "2014-03-31", "reportedCurrency": "USD", "grossProfit": "1711700000", "totalRevenue": "3903500000", "costOfRevenue": "2191800000", "costofGoodsAndServicesSold": "2191800000", "operatingIncome": "875500000", "sellingGeneralAndAdministrative": "1202100000", "researchAndDevelopment": "149700000", "operatingExpenses": "1418400000", "investmentIncomeNet": "None", "netInterestIncome": "None", "interestIncome": "None", "interestExpense": "117800000", "nonInterestIncome": "None", "otherNonOperatingIncome": "None", "depreciation": "None", "depreciationAndAmortization": "365600000", "incomeBeforeTax": "774400000", "incomeTaxExpense": "231300000", "interestAndDebtExpense": "None", "netIncomeFromContinuingOperations": "543100000", "comprehensiveIncomeNetOfTax": "None", "ebit": "503600000", "ebitda": "869200000", "netIncome": "543100000"}, {"fiscalDateEnding": "2013-12-31", "reportedCurrency": "USD", "grossProfit": "1535900000", "totalRevenue": "3466900000", "costOfRevenue": "1931000000", "costofGoodsAndServicesSold": "1931000000", "operatingIncome": "455000000", "sellingGeneralAndAdministrative": "898700000", "researchAndDevelopment": "104700000", "operatingExpenses": "1057600000", "investmentIncomeNet": "None", "netInterestIncome": "None", "interestIncome": "None", "interestExpense": "69000000", "nonInterestIncome": "None", "otherNonOperatingIncome": "None", "depreciation": "None", "depreciationAndAmortization": "249300000", "incomeBeforeTax": "377600000", "incomeTaxExpense": "34600000", "interestAndDebtExpense": "None", "netIncomeFromContinuingOperations": "343000000", "comprehensiveIncomeNetOfTax": "None", "ebit": "446600000", "ebitda": "695900000", "netIncome": "342100000"}, {"fiscalDateEnding": "2013-09-30", "reportedCurrency": "USD", "grossProfit": "1403600000", "totalRevenue": "3191800000", "costOfRevenue": "1788200000", "costofGoodsAndServicesSold": "1788200000", "operatingIncome": "392100000", "sellingGeneralAndAdministrative": "824500000", "researchAndDevelopment": "95900000", "operatingExpenses": "1000100000", "investmentIncomeNet": "None", "netInterestIncome": "None", "interestIncome": "None", "interestExpense": "64300000", "nonInterestIncome": "None", "otherNonOperatingIncome": "None", "depreciation": "None", "depreciationAndAmortization": "250400000", "incomeBeforeTax": "319000000", "incomeTaxExpense": "1300000", "interestAndDebtExpense": "None", "netIncomeFromContinuingOperations": "317700000", "comprehensiveIncomeNetOfTax": "None", "ebit": "428500000", "ebitda": "678900000", "netIncome": "317600000"}, {"fiscalDateEnding": "2013-06-30", "reportedCurrency": "USD", "grossProfit": "1419200000", "totalRevenue": "3240100000", "costOfRevenue": "1820900000", "costofGoodsAndServicesSold": "1820900000", "operatingIncome": "375400000", "sellingGeneralAndAdministrative": "869600000", "researchAndDevelopment": "96700000", "operatingExpenses": "1022300000", "investmentIncomeNet": "None", "netInterestIncome": "None", "interestIncome": "None", "interestExpense": "64400000", "nonInterestIncome": "None", "otherNonOperatingIncome": "None", "depreciation": "None", "depreciationAndAmortization": "249200000", "incomeBeforeTax": "280000000", "incomeTaxExpense": "2400000", "interestAndDebtExpense": "None", "netIncomeFromContinuingOperations": "277600000", "comprehensiveIncomeNetOfTax": "None", "ebit": "344400000", "ebitda": "593600000", "netIncome": "277400000"}, {"fiscalDateEnding": "2013-03-31", "reportedCurrency": "USD", "grossProfit": "1392400000", "totalRevenue": "3191500000", "costOfRevenue": "1799100000", "costofGoodsAndServicesSold": "1799100000", "operatingIncome": "387100000", "sellingGeneralAndAdministrative": "829500000", "researchAndDevelopment": "98200000", "operatingExpenses": "983800000", "investmentIncomeNet": "None", "netInterestIncome": "None", "interestIncome": "None", "interestExpense": "64400000", "nonInterestIncome": "None", "otherNonOperatingIncome": "None", "depreciation": "None", "depreciationAndAmortization": "251000000", "incomeBeforeTax": "342900000", "incomeTaxExpense": "2100000", "interestAndDebtExpense": "None", "netIncomeFromContinuingOperations": "340800000", "comprehensiveIncomeNetOfTax": "None", "ebit": "407300000", "ebitda": "658300000", "netIncome": "336200000"}, {"fiscalDateEnding": "2012-12-31", "reportedCurrency": "USD", "grossProfit": "1386100000", "totalRevenue": "3259300000", "costOfRevenue": "1873200000", "costofGoodsAndServicesSold": "1873200000", "operatingIncome": "400600000", "sellingGeneralAndAdministrative": "856600000", "researchAndDevelopment": "98500000", "operatingExpenses": "955100000", "investmentIncomeNet": "None", "netInterestIncome": "None", "interestIncome": "None", "interestExpense": "66200000", "nonInterestIncome": "None", "otherNonOperatingIncome": "None", "depreciation": "None", "depreciationAndAmortization": "254400000", "incomeBeforeTax": "343500000", "incomeTaxExpense": "-42300000", "interestAndDebtExpense": "None", "netIncomeFromContinuingOperations": "389600000", "comprehensiveIncomeNetOfTax": "None", "ebit": "409700000", "ebitda": "664100000", "netIncome": "376400000"}, {"fiscalDateEnding": "2012-09-30", "reportedCurrency": "USD", "grossProfit": "1353400000", "totalRevenue": "3085700000", "costOfRevenue": "1732300000", "costofGoodsAndServicesSold": "1732300000", "operatingIncome": "352200000", "sellingGeneralAndAdministrative": "820000000", "researchAndDevelopment": "92000000", "operatingExpenses": "986000000", "investmentIncomeNet": "None", "netInterestIncome": "None", "interestIncome": "None", "interestExpense": "60300000", "nonInterestIncome": "None", "otherNonOperatingIncome": "None", "depreciation": "None", "depreciationAndAmortization": "245200000", "incomeBeforeTax": "296400000", "incomeTaxExpense": "-3000000", "interestAndDebtExpense": "None", "netIncomeFromContinuingOperations": "299400000", "comprehensiveIncomeNetOfTax": "None", "ebit": "356700000", "ebitda": "601900000", "netIncome": "290400000"}, {"fiscalDateEnding": "2012-06-30", "reportedCurrency": "USD", "grossProfit": "1374900000", "totalRevenue": "3108100000", "costOfRevenue": "1733200000", "costofGoodsAndServicesSold": "1733200000", "operatingIncome": "367800000", "sellingGeneralAndAdministrative": "835000000", "researchAndDevelopment": "94200000", "operatingExpenses": "982800000", "investmentIncomeNet": "None", "netInterestIncome": "None", "interestIncome": "None", "interestExpense": "57400000", "nonInterestIncome": "None", "otherNonOperatingIncome": "None", "depreciation": "None", "depreciationAndAmortization": "240300000", "incomeBeforeTax": "318400000", "incomeTaxExpense": "26000000", "interestAndDebtExpense": "None", "netIncomeFromContinuingOperations": "292400000", "comprehensiveIncomeNetOfTax": "None", "ebit": "377100000", "ebitda": "617400000", "netIncome": "233800000"}, {"fiscalDateEnding": "2012-03-31", "reportedCurrency": "USD", "grossProfit": "1347000000", "totalRevenue": "3100300000", "costOfRevenue": "1753300000", "costofGoodsAndServicesSold": "1753300000", "operatingIncome": "354900000", "sellingGeneralAndAdministrative": "830000000", "researchAndDevelopment": "91800000", "operatingExpenses": "977000000", "investmentIncomeNet": "None", "netInterestIncome": "None", "interestIncome": "None", "interestExpense": "57700000", "nonInterestIncome": "None", "otherNonOperatingIncome": "None", "depreciation": "None", "depreciationAndAmortization": "243800000", "incomeBeforeTax": "305000000", "incomeTaxExpense": "28000000", "interestAndDebtExpense": "None", "netIncomeFromContinuingOperations": "277000000", "comprehensiveIncomeNetOfTax": "None", "ebit": "367500000", "ebitda": "611300000", "netIncome": "277300000"}, {"fiscalDateEnding": "2011-12-31", "reportedCurrency": "USD", "grossProfit": "1357800000", "totalRevenue": "3133600000", "costOfRevenue": "1775800000", "costofGoodsAndServicesSold": "1775800000", "operatingIncome": "342900000", "sellingGeneralAndAdministrative": "830900000", "researchAndDevelopment": "95700000", "operatingExpenses": "982000000", "investmentIncomeNet": "None", "netInterestIncome": "None", "interestIncome": "None", "interestExpense": "59100000", "nonInterestIncome": "None", "otherNonOperatingIncome": "None", "depreciation": "None", "depreciationAndAmortization": "246900000", "incomeBeforeTax": "307300000", "incomeTaxExpense": "17800000", "interestAndDebtExpense": "None", "netIncomeFromContinuingOperations": "289500000", "comprehensiveIncomeNetOfTax": "None", "ebit": "366400000", "ebitda": "613300000", "netIncome": "288900000"}, {"fiscalDateEnding": "2011-09-30", "reportedCurrency": "USD", "grossProfit": "1271300000", "totalRevenue": "2973500000", "costOfRevenue": "1702200000", "costofGoodsAndServicesSold": "1702200000", "operatingIncome": "315000000", "sellingGeneralAndAdministrative": "783900000", "researchAndDevelopment": "86800000", "operatingExpenses": "944000000", "investmentIncomeNet": "None", "netInterestIncome": "None", "interestIncome": "None", "interestExpense": "49500000", "nonInterestIncome": "None", "otherNonOperatingIncome": "None", "depreciation": "None", "depreciationAndAmortization": "229700000", "incomeBeforeTax": "264700000", "incomeTaxExpense": "-600000", "interestAndDebtExpense": "None", "netIncomeFromContinuingOperations": "265300000", "comprehensiveIncomeNetOfTax": "None", "ebit": "315000000", "ebitda": "544700000", "netIncome": "265400000"}, {"fiscalDateEnding": "2011-06-30", "reportedCurrency": "USD", "grossProfit": "1205800000", "totalRevenue": "2897400000", "costOfRevenue": "1691600000", "costofGoodsAndServicesSold": "1691600000", "operatingIncome": "265800000", "sellingGeneralAndAdministrative": "734900000", "researchAndDevelopment": "83300000", "operatingExpenses": "900100000", "investmentIncomeNet": "None", "netInterestIncome": "None", "interestIncome": "None", "interestExpense": "38900000", "nonInterestIncome": "None", "otherNonOperatingIncome": "None", "depreciation": "None", "depreciationAndAmortization": "202600000", "incomeBeforeTax": "255600000", "incomeTaxExpense": "38000000", "interestAndDebtExpense": "None", "netIncomeFromContinuingOperations": "217600000", "comprehensiveIncomeNetOfTax": "None", "ebit": "292000000", "ebitda": "494600000", "netIncome": "523400000"}, {"fiscalDateEnding": "2011-03-31", "reportedCurrency": "USD", "grossProfit": "1153700000", "totalRevenue": "2721400000", "costOfRevenue": "1567700000", "costofGoodsAndServicesSold": "1567700000", "operatingIncome": "321500000", "sellingGeneralAndAdministrative": "701100000", "researchAndDevelopment": "74800000", "operatingExpenses": "816900000", "investmentIncomeNet": "None", "netInterestIncome": "None", "interestIncome": "None", "interestExpense": "27800000", "nonInterestIncome": "None", "otherNonOperatingIncome": "None", "depreciation": "None", "depreciationAndAmortization": "184300000", "incomeBeforeTax": "299000000", "incomeTaxExpense": "51800000", "interestAndDebtExpense": "None", "netIncomeFromContinuingOperations": "247200000", "comprehensiveIncomeNetOfTax": "None", "ebit": "326800000", "ebitda": "511100000", "netIncome": "252200000"}, {"fiscalDateEnding": "2010-12-31", "reportedCurrency": "USD", "grossProfit": "1161900000", "totalRevenue": "2781100000", "costOfRevenue": "1619200000", "costofGoodsAndServicesSold": "1619200000", "operatingIncome": "341300000", "sellingGeneralAndAdministrative": "717900000", "researchAndDevelopment": "78200000", "operatingExpenses": "796100000", "investmentIncomeNet": "None", "netInterestIncome": "None", "interestIncome": "None", "interestExpense": "19500000", "nonInterestIncome": "None", "otherNonOperatingIncome": "None", "depreciation": "None", "depreciationAndAmortization": "190600000", "incomeBeforeTax": "318100000", "incomeTaxExpense": "20600000", "interestAndDebtExpense": "None", "netIncomeFromContinuingOperations": "320700000", "comprehensiveIncomeNetOfTax": "None", "ebit": "337600000", "ebitda": "528200000", "netIncome": "297500000"}, {"fiscalDateEnding": "2010-09-30", "reportedCurrency": "USD", "grossProfit": "1131200000", "totalRevenue": "2683500000", "costOfRevenue": "1552300000", "costofGoodsAndServicesSold": "1552300000", "operatingIncome": "318600000", "sellingGeneralAndAdministrative": "677000000", "researchAndDevelopment": "71900000", "operatingExpenses": "802300000", "investmentIncomeNet": "None", "netInterestIncome": "None", "interestIncome": "None", "interestExpense": "19100000", "nonInterestIncome": "None", "otherNonOperatingIncome": "None", "depreciation": "None", "depreciationAndAmortization": "188500000", "incomeBeforeTax": "303200000", "incomeTaxExpense": "34700000", "interestAndDebtExpense": "None", "netIncomeFromContinuingOperations": "283900000", "comprehensiveIncomeNetOfTax": "None", "ebit": "300300000", "ebitda": "488800000", "netIncome": "268500000"}, {"fiscalDateEnding": "2010-06-30", "reportedCurrency": "USD", "grossProfit": "1115800000", "totalRevenue": "2649000000", "costOfRevenue": "1533200000", "costofGoodsAndServicesSold": "1533200000", "operatingIncome": "312000000", "sellingGeneralAndAdministrative": "673200000", "researchAndDevelopment": "70300000", "operatingExpenses": "795600000", "investmentIncomeNet": "None", "netInterestIncome": "None", "interestIncome": "None", "interestExpense": "23800000", "nonInterestIncome": "None", "otherNonOperatingIncome": "None", "depreciation": "None", "depreciationAndAmortization": "191200000", "incomeBeforeTax": "275200000", "incomeTaxExpense": "37900000", "interestAndDebtExpense": "None", "netIncomeFromContinuingOperations": "274100000", "comprehensiveIncomeNetOfTax": "None", "ebit": "279000000", "ebitda": "470200000", "netIncome": "237300000"}, {"fiscalDateEnding": "2010-03-31", "reportedCurrency": "USD", "grossProfit": "1130200000", "totalRevenue": "2675100000", "costOfRevenue": "1544900000", "costofGoodsAndServicesSold": "1544900000", "operatingIncome": "293000000", "sellingGeneralAndAdministrative": "698300000", "researchAndDevelopment": "66800000", "operatingExpenses": "819800000", "investmentIncomeNet": "None", "netInterestIncome": "None", "interestIncome": "None", "interestExpense": "22300000", "nonInterestIncome": "None", "otherNonOperatingIncome": "None", "depreciation": "None", "depreciationAndAmortization": "199700000", "incomeBeforeTax": "268100000", "incomeTaxExpense": "38300000", "interestAndDebtExpense": "None", "netIncomeFromContinuingOperations": "254700000", "comprehensiveIncomeNetOfTax": "None", "ebit": "275900000", "ebitda": "475600000", "netIncome": "232300000"}, {"fiscalDateEnding": "2009-12-31", "reportedCurrency": "USD", "grossProfit": "1138300000", "totalRevenue": "2839400000", "costOfRevenue": "1701100000", "costofGoodsAndServicesSold": "1701100000", "operatingIncome": "324300000", "sellingGeneralAndAdministrative": "720900000", "researchAndDevelopment": "69300000", "operatingExpenses": "790200000", "investmentIncomeNet": "None", "netInterestIncome": "None", "interestIncome": "None", "interestExpense": "29100000", "nonInterestIncome": "None", "otherNonOperatingIncome": "None", "depreciation": "None", "depreciationAndAmortization": "207200000", "incomeBeforeTax": "280900000", "incomeTaxExpense": "6600000", "interestAndDebtExpense": "None", "netIncomeFromContinuingOperations": "0", "comprehensiveIncomeNetOfTax": "None", "ebit": "310000000", "ebitda": "517200000", "netIncome": "273300000"}, {"fiscalDateEnding": "2009-09-30", "reportedCurrency": "USD", "grossProfit": "1041800000", "totalRevenue": "2531100000", "costOfRevenue": "1489300000", "costofGoodsAndServicesSold": "1489300000", "operatingIncome": "275500000", "sellingGeneralAndAdministrative": "662100000", "researchAndDevelopment": "60500000", "operatingExpenses": "753200000", "investmentIncomeNet": "None", "netInterestIncome": "None", "interestIncome": "None", "interestExpense": "29200000", "nonInterestIncome": "None", "otherNonOperatingIncome": "None", "depreciation": "None", "depreciationAndAmortization": "148200000", "incomeBeforeTax": "246900000", "incomeTaxExpense": "25700000", "interestAndDebtExpense": "None", "netIncomeFromContinuingOperations": "249800000", "comprehensiveIncomeNetOfTax": "None", "ebit": "323400000", "ebitda": "471600000", "netIncome": "221200000"}, {"fiscalDateEnding": "2009-06-30", "reportedCurrency": "USD", "grossProfit": "1018500000", "totalRevenue": "2484100000", "costOfRevenue": "1465600000", "costofGoodsAndServicesSold": "1465600000", "operatingIncome": "259000000", "sellingGeneralAndAdministrative": "625000000", "researchAndDevelopment": "58100000", "operatingExpenses": "749200000", "investmentIncomeNet": "None", "netInterestIncome": "None", "interestIncome": "None", "interestExpense": "29600000", "nonInterestIncome": "None", "otherNonOperatingIncome": "None", "depreciation": "None", "depreciationAndAmortization": "147100000", "incomeBeforeTax": "232100000", "incomeTaxExpense": "25200000", "interestAndDebtExpense": "None", "netIncomeFromContinuingOperations": "0", "comprehensiveIncomeNetOfTax": "None", "ebit": "308900000", "ebitda": "456000000", "netIncome": "206900000"}, {"fiscalDateEnding": "2009-03-31", "reportedCurrency": "USD", "grossProfit": "886900000", "totalRevenue": "2255100000", "costOfRevenue": "1368200000", "costofGoodsAndServicesSold": "1368200000", "operatingIncome": "190100000", "sellingGeneralAndAdministrative": "625000000", "researchAndDevelopment": "58200000", "operatingExpenses": "683200000", "investmentIncomeNet": "None", "netInterestIncome": "None", "interestIncome": "None", "interestExpense": "30200000", "nonInterestIncome": "None", "otherNonOperatingIncome": "None", "depreciation": "None", "depreciationAndAmortization": "190300000", "incomeBeforeTax": "167200000", "incomeTaxExpense": "18300000", "interestAndDebtExpense": "None", "netIncomeFromContinuingOperations": "0", "comprehensiveIncomeNetOfTax": "None", "ebit": "197400000", "ebitda": "387700000", "netIncome": "148900000"}, {"fiscalDateEnding": "2008-12-31", "reportedCurrency": "USD", "grossProfit": "1067000000", "totalRevenue": "2646300000", "costOfRevenue": "1579300000", "costofGoodsAndServicesSold": "1579300000", "operatingIncome": "322500000", "sellingGeneralAndAdministrative": "663100000", "researchAndDevelopment": "60900000", "operatingExpenses": "724000000", "investmentIncomeNet": "None", "netInterestIncome": "None", "interestIncome": "None", "interestExpense": "34000000", "nonInterestIncome": "None", "otherNonOperatingIncome": "None", "depreciation": "None", "depreciationAndAmortization": "194400000", "incomeBeforeTax": "300300000", "incomeTaxExpense": "9600000", "interestAndDebtExpense": "None", "netIncomeFromContinuingOperations": "0", "comprehensiveIncomeNetOfTax": "None", "ebit": "343000000", "ebitda": "537400000", "netIncome": "290200000"}, {"fiscalDateEnding": "2008-09-30", "reportedCurrency": "USD", "grossProfit": "1032800000", "totalRevenue": "2588100000", "costOfRevenue": "1555300000", "costofGoodsAndServicesSold": "1555300000", "operatingIncome": "286300000", "sellingGeneralAndAdministrative": "669300000", "researchAndDevelopment": "61800000", "operatingExpenses": "731100000", "investmentIncomeNet": "None", "netInterestIncome": "None", "interestIncome": "None", "interestExpense": "39700000", "nonInterestIncome": "None", "otherNonOperatingIncome": "None", "depreciation": "None", "depreciationAndAmortization": "199700000", "incomeBeforeTax": "264200000", "incomeTaxExpense": "45900000", "interestAndDebtExpense": "None", "netIncomeFromContinuingOperations": "0", "comprehensiveIncomeNetOfTax": "None", "ebit": "298300000", "ebitda": "498000000", "netIncome": "218100000"}, {"fiscalDateEnding": "2008-06-30", "reportedCurrency": "USD", "grossProfit": "1088100000", "totalRevenue": "2709600000", "costOfRevenue": "1621500000", "costofGoodsAndServicesSold": "1621500000", "operatingIncome": "330200000", "sellingGeneralAndAdministrative": "698800000", "researchAndDevelopment": "64400000", "operatingExpenses": "763300000", "investmentIncomeNet": "None", "netInterestIncome": "None", "interestIncome": "None", "interestExpense": "26900000", "nonInterestIncome": "None", "otherNonOperatingIncome": "None", "depreciation": "None", "depreciationAndAmortization": "199800000", "incomeBeforeTax": "307500000", "incomeTaxExpense": "61200000", "interestAndDebtExpense": "None", "netIncomeFromContinuingOperations": "0", "comprehensiveIncomeNetOfTax": "None", "ebit": "324800000", "ebitda": "524600000", "netIncome": "249500000"}, {"fiscalDateEnding": "2008-03-31", "reportedCurrency": "USD", "grossProfit": "1018400000", "totalRevenue": "2554000000", "costOfRevenue": "1535600000", "costofGoodsAndServicesSold": "1535600000", "operatingIncome": "290400000", "sellingGeneralAndAdministrative": "661100000", "researchAndDevelopment": "62000000", "operatingExpenses": "723100000", "investmentIncomeNet": "None", "netInterestIncome": "None", "interestIncome": "None", "interestExpense": "25700000", "nonInterestIncome": "None", "otherNonOperatingIncome": "None", "depreciation": "None", "depreciationAndAmortization": "198800000", "incomeBeforeTax": "277600000", "incomeTaxExpense": "44200000", "interestAndDebtExpense": "None", "netIncomeFromContinuingOperations": "0", "comprehensiveIncomeNetOfTax": "None", "ebit": "295300000", "ebitda": "494100000", "netIncome": "233000000"}, {"fiscalDateEnding": "2007-12-31", "reportedCurrency": "USD", "grossProfit": "1039900000", "totalRevenue": "2621100000", "costOfRevenue": "1581200000", "costofGoodsAndServicesSold": "1581200000", "operatingIncome": "285000000", "sellingGeneralAndAdministrative": "675800000", "researchAndDevelopment": "61400000", "operatingExpenses": "737200000", "investmentIncomeNet": "None", "netInterestIncome": "None", "interestIncome": "None", "interestExpense": "36900000", "nonInterestIncome": "None", "otherNonOperatingIncome": "None", "depreciation": "None", "depreciationAndAmortization": "196800000", "incomeBeforeTax": "258000000", "incomeTaxExpense": "23700000", "interestAndDebtExpense": "None", "netIncomeFromContinuingOperations": "0", "comprehensiveIncomeNetOfTax": "None", "ebit": "302700000", "ebitda": "499500000", "netIncome": "239800000"}, {"fiscalDateEnding": "2007-09-30", "reportedCurrency": "USD", "grossProfit": "948100000", "totalRevenue": "2401200000", "costOfRevenue": "1453100000", "costofGoodsAndServicesSold": "1453100000", "operatingIncome": "254000000", "sellingGeneralAndAdministrative": "626500000", "researchAndDevelopment": "58800000", "operatingExpenses": "685300000", "investmentIncomeNet": "None", "netInterestIncome": "None", "interestIncome": "None", "interestExpense": "18900000", "nonInterestIncome": "None", "otherNonOperatingIncome": "None", "depreciation": "None", "depreciationAndAmortization": "187600000", "incomeBeforeTax": "235300000", "incomeTaxExpense": "16700000", "interestAndDebtExpense": "None", "netIncomeFromContinuingOperations": "0", "comprehensiveIncomeNetOfTax": "None", "ebit": "262800000", "ebitda": "450400000", "netIncome": "218500000"}, {"fiscalDateEnding": "2007-06-30", "reportedCurrency": "USD", "grossProfit": "936600000", "totalRevenue": "2385900000", "costOfRevenue": "1449300000", "costofGoodsAndServicesSold": "1449300000", "operatingIncome": "243000000", "sellingGeneralAndAdministrative": "626600000", "researchAndDevelopment": "58700000", "operatingExpenses": "685300000", "investmentIncomeNet": "None", "netInterestIncome": "None", "interestIncome": "None", "interestExpense": "33200000", "nonInterestIncome": "None", "otherNonOperatingIncome": "None", "depreciation": "None", "depreciationAndAmortization": "187100000", "incomeBeforeTax": "222300000", "incomeTaxExpense": "34400000", "interestAndDebtExpense": "None", "netIncomeFromContinuingOperations": "0", "comprehensiveIncomeNetOfTax": "None", "ebit": "251300000", "ebitda": "438400000", "netIncome": "163900000"}, {"fiscalDateEnding": "2007-03-31", "reportedCurrency": "USD", "grossProfit": "879900000", "totalRevenue": "2338200000", "costOfRevenue": "1458300000", "costofGoodsAndServicesSold": "1458300000", "operatingIncome": "192400000", "sellingGeneralAndAdministrative": "620300000", "researchAndDevelopment": "59800000", "operatingExpenses": "680100000", "investmentIncomeNet": "None", "netInterestIncome": "None", "interestIncome": "None", "interestExpense": "37200000", "nonInterestIncome": "None", "otherNonOperatingIncome": "None", "depreciation": "None", "depreciationAndAmortization": "185300000", "incomeBeforeTax": "165700000", "incomeTaxExpense": "26900000", "interestAndDebtExpense": "None", "netIncomeFromContinuingOperations": "0", "comprehensiveIncomeNetOfTax": "None", "ebit": "199800000", "ebitda": "385100000", "netIncome": "138900000"}, {"fiscalDateEnding": "2006-12-31", "reportedCurrency": "USD", "grossProfit": "594059000", "totalRevenue": "1668900000", "costOfRevenue": "1074841000", "costofGoodsAndServicesSold": "1074841000", "operatingIncome": "26830000", "sellingGeneralAndAdministrative": "482900000", "researchAndDevelopment": "52169000", "operatingExpenses": "535069000", "investmentIncomeNet": "None", "netInterestIncome": "None", "interestIncome": "None", "interestExpense": "26923000", "nonInterestIncome": "None", "otherNonOperatingIncome": "None", "depreciation": "None", "depreciationAndAmortization": "124511000", "incomeBeforeTax": "7146000", "incomeTaxExpense": "-17775000", "interestAndDebtExpense": "None", "netIncomeFromContinuingOperations": "0", "comprehensiveIncomeNetOfTax": "None", "ebit": "58990000", "ebitda": "183501000", "netIncome": "25316000"}, {"fiscalDateEnding": "2006-09-30", "reportedCurrency": "USD", "grossProfit": "336885000", "totalRevenue": "724962000", "costOfRevenue": "388077000", "costofGoodsAndServicesSold": "388077000", "operatingIncome": "75111000", "sellingGeneralAndAdministrative": "217938000", "researchAndDevelopment": "38658000", "operatingExpenses": "256596000", "investmentIncomeNet": "None", "netInterestIncome": "None", "interestIncome": "None", "interestExpense": "9278000", "nonInterestIncome": "None", "otherNonOperatingIncome": "None", "depreciation": "None", "depreciationAndAmortization": "39825000", "incomeBeforeTax": "69368000", "incomeTaxExpense": "20535000", "interestAndDebtExpense": "None", "netIncomeFromContinuingOperations": "0", "comprehensiveIncomeNetOfTax": "None", "ebit": "80238000", "ebitda": "120063000", "netIncome": "48800000"}, {"fiscalDateEnding": "2006-06-30", "reportedCurrency": "USD", "grossProfit": "324492000", "totalRevenue": "713468000", "costOfRevenue": "388976000", "costofGoodsAndServicesSold": "388976000", "operatingIncome": "72173000", "sellingGeneralAndAdministrative": "181300000", "researchAndDevelopment": "40620000", "operatingExpenses": "247539000", "investmentIncomeNet": "None", "netInterestIncome": "None", "interestIncome": "None", "interestExpense": "4000000", "nonInterestIncome": "None", "otherNonOperatingIncome": "None", "depreciation": "None", "depreciationAndAmortization": "39117000", "incomeBeforeTax": "68790000", "incomeTaxExpense": "19847000", "interestAndDebtExpense": "None", "netIncomeFromContinuingOperations": "0", "comprehensiveIncomeNetOfTax": "None", "ebit": "76953000", "ebitda": "116070000", "netIncome": "47880000"}, {"fiscalDateEnding": "2006-03-31", "reportedCurrency": "USD", "grossProfit": "312624000", "totalRevenue": "684287000", "costOfRevenue": "371663000", "costofGoodsAndServicesSold": "371663000", "operatingIncome": "67845000", "sellingGeneralAndAdministrative": "176900000", "researchAndDevelopment": "38737000", "operatingExpenses": "241185000", "investmentIncomeNet": "None", "netInterestIncome": "None", "interestIncome": "None", "interestExpense": "4300000", "nonInterestIncome": "None", "otherNonOperatingIncome": "None", "depreciation": "None", "depreciationAndAmortization": "37320000", "incomeBeforeTax": "64066000", "incomeTaxExpense": "20447000", "interestAndDebtExpense": "None", "netIncomeFromContinuingOperations": "0", "comprehensiveIncomeNetOfTax": "None", "ebit": "71445000", "ebitda": "108765000", "netIncome": "46900000"}, {"fiscalDateEnding": "2005-12-31", "reportedCurrency": "USD", "grossProfit": "342560000", "totalRevenue": "740787000", "costOfRevenue": "398227000", "costofGoodsAndServicesSold": "398227000", "operatingIncome": "88487000", "sellingGeneralAndAdministrative": "211369000", "researchAndDevelopment": "38231000", "operatingExpenses": "249600000", "investmentIncomeNet": "None", "netInterestIncome": "None", "interestIncome": "None", "interestExpense": "7966000", "nonInterestIncome": "None", "otherNonOperatingIncome": "None", "depreciation": "None", "depreciationAndAmortization": "37928000", "incomeBeforeTax": "84841000", "incomeTaxExpense": "29480000", "interestAndDebtExpense": "None", "netIncomeFromContinuingOperations": "0", "comprehensiveIncomeNetOfTax": "None", "ebit": "92960000", "ebitda": "130888000", "netIncome": "56405000"}, {"fiscalDateEnding": "2005-09-30", "reportedCurrency": "USD", "grossProfit": "305699000", "totalRevenue": "679411000", "costOfRevenue": "373712000", "costofGoodsAndServicesSold": "373712000", "operatingIncome": "62110000", "sellingGeneralAndAdministrative": "168800000", "researchAndDevelopment": "38784000", "operatingExpenses": "233107000", "investmentIncomeNet": "None", "netInterestIncome": "None", "interestIncome": "None", "interestExpense": "3400000", "nonInterestIncome": "None", "otherNonOperatingIncome": "None", "depreciation": "None", "depreciationAndAmortization": "37909000", "incomeBeforeTax": "59359000", "incomeTaxExpense": "18762000", "interestAndDebtExpense": "None", "netIncomeFromContinuingOperations": "0", "comprehensiveIncomeNetOfTax": "None", "ebit": "72592000", "ebitda": "110501000", "netIncome": "57734000"}, {"fiscalDateEnding": "2005-06-30", "reportedCurrency": "USD", "grossProfit": "287455000", "totalRevenue": "653621000", "costOfRevenue": "366166000", "costofGoodsAndServicesSold": "366166000", "operatingIncome": "53124000", "sellingGeneralAndAdministrative": "173500000", "researchAndDevelopment": "39432000", "operatingExpenses": "232115000", "investmentIncomeNet": "None", "netInterestIncome": "None", "interestIncome": "None", "interestExpense": "25100000", "nonInterestIncome": "None", "otherNonOperatingIncome": "None", "depreciation": "None", "depreciationAndAmortization": "29869000", "incomeBeforeTax": "78718000", "incomeTaxExpense": "21958000", "interestAndDebtExpense": "None", "netIncomeFromContinuingOperations": "0", "comprehensiveIncomeNetOfTax": "None", "ebit": "55340000", "ebitda": "85209000", "netIncome": "60223000"}, {"fiscalDateEnding": "2005-03-31", "reportedCurrency": "USD", "grossProfit": "259234000", "totalRevenue": "559208000", "costOfRevenue": "299974000", "costofGoodsAndServicesSold": "299974000", "operatingIncome": "59676000", "sellingGeneralAndAdministrative": "156100000", "researchAndDevelopment": "36328000", "operatingExpenses": "199829000", "investmentIncomeNet": "None", "netInterestIncome": "None", "interestIncome": "None", "interestExpense": "2400000", "nonInterestIncome": "None", "otherNonOperatingIncome": "None", "depreciation": "None", "depreciationAndAmortization": "17566000", "incomeBeforeTax": "62980000", "incomeTaxExpense": "17397000", "interestAndDebtExpense": "None", "netIncomeFromContinuingOperations": "0", "comprehensiveIncomeNetOfTax": "None", "ebit": "59405000", "ebitda": "76971000", "netIncome": "48856000"}, {"fiscalDateEnding": "2004-12-31", "reportedCurrency": "USD", "grossProfit": "283779000", "totalRevenue": "613339000", "costOfRevenue": "329560000", "costofGoodsAndServicesSold": "329560000", "operatingIncome": "66047000", "sellingGeneralAndAdministrative": "175966000", "researchAndDevelopment": "34945000", "operatingExpenses": "210911000", "investmentIncomeNet": "None", "netInterestIncome": "None", "interestIncome": "None", "interestExpense": "2879000", "nonInterestIncome": "None", "otherNonOperatingIncome": "None", "depreciation": "None", "depreciationAndAmortization": "18748000", "incomeBeforeTax": "72014000", "incomeTaxExpense": "-13468000", "interestAndDebtExpense": "None", "netIncomeFromContinuingOperations": "0", "comprehensiveIncomeNetOfTax": "None", "ebit": "72868000", "ebitda": "91616000", "netIncome": "121099000"}]}