{"symbol": "EFX", "annualReports": [{"fiscalDateEnding": "2024-12-31", "reportedCurrency": "USD", "grossProfit": "3162400000", "totalRevenue": "5681100000", "costOfRevenue": "2518700000", "costofGoodsAndServicesSold": "2518700000", "operatingIncome": "1042100000", "sellingGeneralAndAdministrative": "1450500000", "researchAndDevelopment": "None", "operatingExpenses": "2120300000", "investmentIncomeNet": "None", "netInterestIncome": "-229100000", "interestIncome": "None", "interestExpense": "229100000", "nonInterestIncome": "None", "otherNonOperatingIncome": "None", "depreciation": "None", "depreciationAndAmortization": "680600000", "incomeBeforeTax": "810500000", "incomeTaxExpense": "203200000", "interestAndDebtExpense": "None", "netIncomeFromContinuingOperations": "607300000", "comprehensiveIncomeNetOfTax": "None", "ebit": "1039600000", "ebitda": "1720200000", "netIncome": "604100000"}, {"fiscalDateEnding": "2023-12-31", "reportedCurrency": "USD", "grossProfit": "2930100000", "totalRevenue": "5265200000", "costOfRevenue": "2335100000", "costofGoodsAndServicesSold": "2335100000", "operatingIncome": "933600000", "sellingGeneralAndAdministrative": "1285800000", "researchAndDevelopment": "None", "operatingExpenses": "1996500000", "investmentIncomeNet": "None", "netInterestIncome": "-241400000", "interestIncome": "None", "interestExpense": "241400000", "nonInterestIncome": "None", "otherNonOperatingIncome": "None", "depreciation": "None", "depreciationAndAmortization": "619800000", "incomeBeforeTax": "717900000", "incomeTaxExpense": "166200000", "interestAndDebtExpense": "None", "netIncomeFromContinuingOperations": "551700000", "comprehensiveIncomeNetOfTax": "None", "ebit": "959300000", "ebitda": "1579100000", "netIncome": "545300000"}, {"fiscalDateEnding": "2022-12-31", "reportedCurrency": "USD", "grossProfit": "2945000000", "totalRevenue": "5122200000", "costOfRevenue": "2177200000", "costofGoodsAndServicesSold": "2177200000", "operatingIncome": "1056000000", "sellingGeneralAndAdministrative": "1258800000", "researchAndDevelopment": "None", "operatingExpenses": "1889000000", "investmentIncomeNet": "None", "netInterestIncome": "-183000000", "interestIncome": "183000000", "interestExpense": "183000000", "nonInterestIncome": "None", "otherNonOperatingIncome": "56700000", "depreciation": "None", "depreciationAndAmortization": "560100000", "incomeBeforeTax": "929700000", "incomeTaxExpense": "229500000", "interestAndDebtExpense": "None", "netIncomeFromContinuingOperations": "700200000", "comprehensiveIncomeNetOfTax": "None", "ebit": "1112700000", "ebitda": "1672800000", "netIncome": "696200000"}, {"fiscalDateEnding": "2021-12-31", "reportedCurrency": "USD", "grossProfit": "2943000000", "totalRevenue": "4923900000", "costOfRevenue": "1980900000", "costofGoodsAndServicesSold": "1980900000", "operatingIncome": "1138000000", "sellingGeneralAndAdministrative": "1254400000", "researchAndDevelopment": "None", "operatingExpenses": "1805000000", "investmentIncomeNet": "None", "netInterestIncome": "-145600000", "interestIncome": "145600000", "interestExpense": "145600000", "nonInterestIncome": "None", "otherNonOperatingIncome": "-43200000", "depreciation": "None", "depreciationAndAmortization": "480400000", "incomeBeforeTax": "949200000", "incomeTaxExpense": "200700000", "interestAndDebtExpense": "None", "netIncomeFromContinuingOperations": "748500000", "comprehensiveIncomeNetOfTax": "None", "ebit": "1094800000", "ebitda": "1575200000", "netIncome": "744200000"}, {"fiscalDateEnding": "2020-12-31", "reportedCurrency": "USD", "grossProfit": "2390100000", "totalRevenue": "4127500000", "costOfRevenue": "1737400000", "costofGoodsAndServicesSold": "1737400000", "operatingIncome": "676600000", "sellingGeneralAndAdministrative": "1263500000", "researchAndDevelopment": "None", "operatingExpenses": "1713500000", "investmentIncomeNet": "None", "netInterestIncome": "-141600000", "interestIncome": "141600000", "interestExpense": "141600000", "nonInterestIncome": "None", "otherNonOperatingIncome": "150200000", "depreciation": "None", "depreciationAndAmortization": "391000000", "incomeBeforeTax": "685200000", "incomeTaxExpense": "159000000", "interestAndDebtExpense": "None", "netIncomeFromContinuingOperations": "526200000", "comprehensiveIncomeNetOfTax": "None", "ebit": "826800000", "ebitda": "1217800000", "netIncome": "520100000"}, {"fiscalDateEnding": "2019-12-31", "reportedCurrency": "USD", "grossProfit": "1985900000", "totalRevenue": "3507600000", "costOfRevenue": "1521700000", "costofGoodsAndServicesSold": "1521700000", "operatingIncome": "-321300000", "sellingGeneralAndAdministrative": "1938300000", "researchAndDevelopment": "None", "operatingExpenses": "2321300000", "investmentIncomeNet": "None", "netInterestIncome": "-111700000", "interestIncome": "111700000", "interestExpense": "111700000", "nonInterestIncome": "None", "otherNonOperatingIncome": "14100000", "depreciation": "None", "depreciationAndAmortization": "331100000", "incomeBeforeTax": "-433000000", "incomeTaxExpense": "-40200000", "interestAndDebtExpense": "None", "netIncomeFromContinuingOperations": "-392800000", "comprehensiveIncomeNetOfTax": "None", "ebit": "-302100000", "ebitda": "29000000", "netIncome": "-392800000"}, {"fiscalDateEnding": "2018-12-31", "reportedCurrency": "USD", "grossProfit": "1971700000", "totalRevenue": "3412100000", "costOfRevenue": "1440400000", "costofGoodsAndServicesSold": "1440400000", "operatingIncome": "448000000", "sellingGeneralAndAdministrative": "1170200000", "researchAndDevelopment": "0", "operatingExpenses": "1523700000", "investmentIncomeNet": "None", "netInterestIncome": "-103500000", "interestIncome": "103500000", "interestExpense": "103500000", "nonInterestIncome": "None", "otherNonOperatingIncome": "11800000", "depreciation": "None", "depreciationAndAmortization": "310400000", "incomeBeforeTax": "356300000", "incomeTaxExpense": "50000000", "interestAndDebtExpense": "None", "netIncomeFromContinuingOperations": "306300000", "comprehensiveIncomeNetOfTax": "None", "ebit": "459800000", "ebitda": "770200000", "netIncome": "299800000"}, {"fiscalDateEnding": "2017-12-31", "reportedCurrency": "USD", "grossProfit": "2151500000", "totalRevenue": "3362200000", "costOfRevenue": "1210700000", "costofGoodsAndServicesSold": "1210700000", "operatingIncome": "824600000", "sellingGeneralAndAdministrative": "984500000", "researchAndDevelopment": "0", "operatingExpenses": "1326900000", "investmentIncomeNet": "None", "netInterestIncome": "-92800000", "interestIncome": "92800000", "interestExpense": "92800000", "nonInterestIncome": "None", "otherNonOperatingIncome": "14800000", "depreciation": "None", "depreciationAndAmortization": "287800000", "incomeBeforeTax": "746600000", "incomeTaxExpense": "148600000", "interestAndDebtExpense": "None", "netIncomeFromContinuingOperations": "598000000", "comprehensiveIncomeNetOfTax": "None", "ebit": "726100000", "ebitda": "1013900000", "netIncome": "587300000"}, {"fiscalDateEnding": "2016-12-31", "reportedCurrency": "USD", "grossProfit": "2031500000", "totalRevenue": "3144900000", "costOfRevenue": "1113400000", "costofGoodsAndServicesSold": "1113400000", "operatingIncome": "817900000", "sellingGeneralAndAdministrative": "884600000", "researchAndDevelopment": "0", "operatingExpenses": "1213600000", "investmentIncomeNet": "None", "netInterestIncome": "-92100000", "interestIncome": "92100000", "interestExpense": "92100000", "nonInterestIncome": "None", "otherNonOperatingIncome": "2400000", "depreciation": "None", "depreciationAndAmortization": "265399999", "incomeBeforeTax": "728200000", "incomeTaxExpense": "233100000", "interestAndDebtExpense": "None", "netIncomeFromContinuingOperations": "495100000", "comprehensiveIncomeNetOfTax": "None", "ebit": "851500001", "ebitda": "1116900000", "netIncome": "488800000"}, {"fiscalDateEnding": "2015-12-31", "reportedCurrency": "USD", "grossProfit": "1776200000", "totalRevenue": "2663600000", "costOfRevenue": "887400000", "costofGoodsAndServicesSold": "887400000", "operatingIncome": "693900000", "sellingGeneralAndAdministrative": "819200001", "researchAndDevelopment": "0", "operatingExpenses": "1082300000", "investmentIncomeNet": "None", "netInterestIncome": "None", "interestIncome": "63800000", "interestExpense": "63800000", "nonInterestIncome": "None", "otherNonOperatingIncome": "6500000", "depreciation": "None", "depreciationAndAmortization": "200000000", "incomeBeforeTax": "636600000", "incomeTaxExpense": "201800000", "interestAndDebtExpense": "None", "netIncomeFromContinuingOperations": "434800000", "comprehensiveIncomeNetOfTax": "None", "ebit": "714600000", "ebitda": "914600000", "netIncome": "429100000"}, {"fiscalDateEnding": "2014-12-31", "reportedCurrency": "USD", "grossProfit": "1591700000", "totalRevenue": "2436400000", "costOfRevenue": "844700000", "costofGoodsAndServicesSold": "844700000", "operatingIncome": "638200000", "sellingGeneralAndAdministrative": "694600000", "researchAndDevelopment": "0", "operatingExpenses": "953500000", "investmentIncomeNet": "None", "netInterestIncome": "None", "interestIncome": "None", "interestExpense": "68600000", "nonInterestIncome": "None", "otherNonOperatingIncome": "4600000", "depreciation": "None", "depreciationAndAmortization": "204200000", "incomeBeforeTax": "574200000", "incomeTaxExpense": "200200000", "interestAndDebtExpense": "None", "netIncomeFromContinuingOperations": "374000000", "comprehensiveIncomeNetOfTax": "None", "ebit": "638200000", "ebitda": "842400000", "netIncome": "367400000"}, {"fiscalDateEnding": "2013-12-31", "reportedCurrency": "USD", "grossProfit": "1516600000", "totalRevenue": "2303900000", "costOfRevenue": "787300000", "costofGoodsAndServicesSold": "787300000", "operatingIncome": "611200000", "sellingGeneralAndAdministrative": "658300000", "researchAndDevelopment": "0", "operatingExpenses": "905400000", "investmentIncomeNet": "None", "netInterestIncome": "None", "interestIncome": "None", "interestExpense": "70200000", "nonInterestIncome": "None", "otherNonOperatingIncome": "-10600000", "depreciation": "None", "depreciationAndAmortization": "190300000", "incomeBeforeTax": "530400000", "incomeTaxExpense": "188900000", "interestAndDebtExpense": "None", "netIncomeFromContinuingOperations": "341500000", "comprehensiveIncomeNetOfTax": "None", "ebit": "620500000", "ebitda": "810800000", "netIncome": "351800000"}, {"fiscalDateEnding": "2012-12-31", "reportedCurrency": "USD", "grossProfit": "1313500000", "totalRevenue": "2073000000", "costOfRevenue": "759500000", "costofGoodsAndServicesSold": "759500000", "operatingIncome": "480000000", "sellingGeneralAndAdministrative": "624800000", "researchAndDevelopment": "0", "operatingExpenses": "833500000", "investmentIncomeNet": "None", "netInterestIncome": "None", "interestIncome": "None", "interestExpense": "55400000", "nonInterestIncome": "None", "otherNonOperatingIncome": "6600000", "depreciation": "None", "depreciationAndAmortization": "163400000", "incomeBeforeTax": "431300000", "incomeTaxExpense": "156000000", "interestAndDebtExpense": "None", "netIncomeFromContinuingOperations": "280800000", "comprehensiveIncomeNetOfTax": "None", "ebit": "486700000", "ebitda": "650100000", "netIncome": "272100000"}, {"fiscalDateEnding": "2011-12-31", "reportedCurrency": "USD", "grossProfit": "1191300000", "totalRevenue": "1959800000", "costOfRevenue": "768500000", "costofGoodsAndServicesSold": "768500000", "operatingIncome": "471000000", "sellingGeneralAndAdministrative": "554800000", "researchAndDevelopment": "0", "operatingExpenses": "720300000", "investmentIncomeNet": "None", "netInterestIncome": "None", "interestIncome": "None", "interestExpense": "55100000", "nonInterestIncome": "None", "otherNonOperatingIncome": "-7700000", "depreciation": "None", "depreciationAndAmortization": "164900000", "incomeBeforeTax": "408200000", "incomeTaxExpense": "168000000", "interestAndDebtExpense": "None", "netIncomeFromContinuingOperations": "240200000", "comprehensiveIncomeNetOfTax": "None", "ebit": "461000000", "ebitda": "625900000", "netIncome": "232900000"}, {"fiscalDateEnding": "2010-12-31", "reportedCurrency": "USD", "grossProfit": "1099600000", "totalRevenue": "1859500000", "costOfRevenue": "759900000", "costofGoodsAndServicesSold": "759900000", "operatingIncome": "430000000", "sellingGeneralAndAdministrative": "507400000", "researchAndDevelopment": "0", "operatingExpenses": "669600000", "investmentIncomeNet": "None", "netInterestIncome": "None", "interestIncome": "None", "interestExpense": "56100000", "nonInterestIncome": "None", "otherNonOperatingIncome": "1300000", "depreciation": "None", "depreciationAndAmortization": "167800000", "incomeBeforeTax": "375200000", "incomeTaxExpense": "131900000", "interestAndDebtExpense": "None", "netIncomeFromContinuingOperations": "243300000", "comprehensiveIncomeNetOfTax": "None", "ebit": "425700000", "ebitda": "593500000", "netIncome": "266700000"}, {"fiscalDateEnding": "2009-12-31", "reportedCurrency": "USD", "grossProfit": "1056700000", "totalRevenue": "1824500000", "costOfRevenue": "767800000", "costofGoodsAndServicesSold": "767800000", "operatingIncome": "407600000", "sellingGeneralAndAdministrative": "490300000", "researchAndDevelopment": "None", "operatingExpenses": "649100000", "investmentIncomeNet": "None", "netInterestIncome": "None", "interestIncome": "None", "interestExpense": "57000000", "nonInterestIncome": "None", "otherNonOperatingIncome": "None", "depreciation": "None", "depreciationAndAmortization": "158800000", "incomeBeforeTax": "356600000", "incomeTaxExpense": "116100000", "interestAndDebtExpense": "None", "netIncomeFromContinuingOperations": "None", "comprehensiveIncomeNetOfTax": "None", "ebit": "413600000", "ebitda": "572400000", "netIncome": "233900000"}, {"fiscalDateEnding": "2008-12-31", "reportedCurrency": "USD", "grossProfit": "1156900000", "totalRevenue": "1935700000", "costOfRevenue": "778800000", "costofGoodsAndServicesSold": "778800000", "operatingIncome": "477200000", "sellingGeneralAndAdministrative": "524300000", "researchAndDevelopment": "None", "operatingExpenses": "679700000", "investmentIncomeNet": "None", "netInterestIncome": "None", "interestIncome": "None", "interestExpense": "71300000", "nonInterestIncome": "None", "otherNonOperatingIncome": "None", "depreciation": "None", "depreciationAndAmortization": "155400000", "incomeBeforeTax": "405900000", "incomeTaxExpense": "133100000", "interestAndDebtExpense": "None", "netIncomeFromContinuingOperations": "None", "comprehensiveIncomeNetOfTax": "None", "ebit": "481000000", "ebitda": "636400000", "netIncome": "272800000"}, {"fiscalDateEnding": "2007-12-31", "reportedCurrency": "USD", "grossProfit": "1091000000", "totalRevenue": "1843000000", "costOfRevenue": "752000000", "costofGoodsAndServicesSold": "752000000", "operatingIncome": "486200000", "sellingGeneralAndAdministrative": "477100000", "researchAndDevelopment": "None", "operatingExpenses": "604800000", "investmentIncomeNet": "None", "netInterestIncome": "None", "interestIncome": "None", "interestExpense": "58500000", "nonInterestIncome": "None", "otherNonOperatingIncome": "None", "depreciation": "None", "depreciationAndAmortization": "127700000", "incomeBeforeTax": "424600000", "incomeTaxExpense": "151900000", "interestAndDebtExpense": "None", "netIncomeFromContinuingOperations": "None", "comprehensiveIncomeNetOfTax": "None", "ebit": "483200000", "ebitda": "610900000", "netIncome": "272700000"}, {"fiscalDateEnding": "2006-12-31", "reportedCurrency": "USD", "grossProfit": "919900000", "totalRevenue": "1546300000", "costOfRevenue": "626400000", "costofGoodsAndServicesSold": "626400000", "operatingIncome": "436100000", "sellingGeneralAndAdministrative": "401000000", "researchAndDevelopment": "None", "operatingExpenses": "483800000", "investmentIncomeNet": "None", "netInterestIncome": "None", "interestIncome": "None", "interestExpense": "31900000", "nonInterestIncome": "None", "otherNonOperatingIncome": "None", "depreciation": "None", "depreciationAndAmortization": "82800000", "incomeBeforeTax": "415900000", "incomeTaxExpense": "141400000", "interestAndDebtExpense": "None", "netIncomeFromContinuingOperations": "None", "comprehensiveIncomeNetOfTax": "None", "ebit": "436100000", "ebitda": "518900000", "netIncome": "274500000"}, {"fiscalDateEnding": "2005-12-31", "reportedCurrency": "USD", "grossProfit": "849200000", "totalRevenue": "1443400000", "costOfRevenue": "594200000", "costofGoodsAndServicesSold": "594200000", "operatingIncome": "422000000", "sellingGeneralAndAdministrative": "345000000", "researchAndDevelopment": "None", "operatingExpenses": "427200000", "investmentIncomeNet": "None", "netInterestIncome": "None", "interestIncome": "None", "interestExpense": "35600000", "nonInterestIncome": "None", "otherNonOperatingIncome": "None", "depreciation": "None", "depreciationAndAmortization": "82200000", "incomeBeforeTax": "390700000", "incomeTaxExpense": "144200000", "interestAndDebtExpense": "None", "netIncomeFromContinuingOperations": "None", "comprehensiveIncomeNetOfTax": "None", "ebit": "422000000", "ebitda": "504200000", "netIncome": "246500000"}], "quarterlyReports": [{"fiscalDateEnding": "2024-12-31", "reportedCurrency": "USD", "grossProfit": "804400000", "totalRevenue": "1419400000", "costOfRevenue": "615000000", "costofGoodsAndServicesSold": "615000000", "operatingIncome": "288100000", "sellingGeneralAndAdministrative": "344800000", "researchAndDevelopment": "None", "operatingExpenses": "516300000", "investmentIncomeNet": "None", "netInterestIncome": "-55700000", "interestIncome": "None", "interestExpense": "55700000", "nonInterestIncome": "None", "otherNonOperatingIncome": "None", "depreciation": "None", "depreciationAndAmortization": "173700000", "incomeBeforeTax": "225600000", "incomeTaxExpense": "52200000", "interestAndDebtExpense": "None", "netIncomeFromContinuingOperations": "173400000", "comprehensiveIncomeNetOfTax": "None", "ebit": "281300000", "ebitda": "455000000", "netIncome": "174000000"}, {"fiscalDateEnding": "2024-09-30", "reportedCurrency": "USD", "grossProfit": "796600000", "totalRevenue": "1441800000", "costOfRevenue": "645200000", "costofGoodsAndServicesSold": "645200000", "operatingIncome": "247100000", "sellingGeneralAndAdministrative": "380400000", "researchAndDevelopment": "None", "operatingExpenses": "549500000", "investmentIncomeNet": "None", "netInterestIncome": "-56300000", "interestIncome": "None", "interestExpense": "56300000", "nonInterestIncome": "None", "otherNonOperatingIncome": "None", "depreciation": "None", "depreciationAndAmortization": "173400000", "incomeBeforeTax": "193800000", "incomeTaxExpense": "51100000", "interestAndDebtExpense": "None", "netIncomeFromContinuingOperations": "142700000", "comprehensiveIncomeNetOfTax": "None", "ebit": "250100000", "ebitda": "423500000", "netIncome": "141300000"}, {"fiscalDateEnding": "2024-06-30", "reportedCurrency": "USD", "grossProfit": "799600000", "totalRevenue": "1430500000", "costOfRevenue": "630900000", "costofGoodsAndServicesSold": "630900000", "operatingIncome": "282200000", "sellingGeneralAndAdministrative": "352600000", "researchAndDevelopment": "None", "operatingExpenses": "517400000", "investmentIncomeNet": "None", "netInterestIncome": "-57300000", "interestIncome": "None", "interestExpense": "57300000", "nonInterestIncome": "None", "otherNonOperatingIncome": "None", "depreciation": "None", "depreciationAndAmortization": "166900000", "incomeBeforeTax": "224600000", "incomeTaxExpense": "59400000", "interestAndDebtExpense": "None", "netIncomeFromContinuingOperations": "165200000", "comprehensiveIncomeNetOfTax": "None", "ebit": "281900000", "ebitda": "448800000", "netIncome": "163900000"}, {"fiscalDateEnding": "2024-03-31", "reportedCurrency": "USD", "grossProfit": "761700000", "totalRevenue": "1389400000", "costOfRevenue": "627700000", "costofGoodsAndServicesSold": "627700000", "operatingIncome": "224700000", "sellingGeneralAndAdministrative": "372600000", "researchAndDevelopment": "None", "operatingExpenses": "537000000", "investmentIncomeNet": "None", "netInterestIncome": "-59700000", "interestIncome": "None", "interestExpense": "59700000", "nonInterestIncome": "None", "otherNonOperatingIncome": "None", "depreciation": "None", "depreciationAndAmortization": "166600000", "incomeBeforeTax": "166600000", "incomeTaxExpense": "40500000", "interestAndDebtExpense": "None", "netIncomeFromContinuingOperations": "126100000", "comprehensiveIncomeNetOfTax": "None", "ebit": "226300000", "ebitda": "392900000", "netIncome": "124900000"}, {"fiscalDateEnding": "2023-12-31", "reportedCurrency": "USD", "grossProfit": "588500000", "totalRevenue": "1326500000", "costOfRevenue": "738000000", "costofGoodsAndServicesSold": "738000000", "operatingIncome": "245100000", "sellingGeneralAndAdministrative": "276400000", "researchAndDevelopment": "None", "operatingExpenses": "343400000", "investmentIncomeNet": "None", "netInterestIncome": "-60300000", "interestIncome": "None", "interestExpense": "60300000", "nonInterestIncome": "None", "otherNonOperatingIncome": "None", "depreciation": "None", "depreciationAndAmortization": "156400000", "incomeBeforeTax": "182800000", "incomeTaxExpense": "48300000", "interestAndDebtExpense": "None", "netIncomeFromContinuingOperations": "134500000", "comprehensiveIncomeNetOfTax": "None", "ebit": "243100000", "ebitda": "399500000", "netIncome": "132400000"}, {"fiscalDateEnding": "2023-09-30", "reportedCurrency": "USD", "grossProfit": "733900000", "totalRevenue": "1319100000", "costOfRevenue": "585200000", "costofGoodsAndServicesSold": "585200000", "operatingIncome": "246400000", "sellingGeneralAndAdministrative": "333100000", "researchAndDevelopment": "None", "operatingExpenses": "487500000", "investmentIncomeNet": "None", "netInterestIncome": "-62800000", "interestIncome": "62800000", "interestExpense": "62800000", "nonInterestIncome": "None", "otherNonOperatingIncome": "None", "depreciation": "None", "depreciationAndAmortization": "154400000", "incomeBeforeTax": "190700000", "incomeTaxExpense": "26400000", "interestAndDebtExpense": "None", "netIncomeFromContinuingOperations": "164300000", "comprehensiveIncomeNetOfTax": "None", "ebit": "253500000", "ebitda": "407900000", "netIncome": "162200000"}, {"fiscalDateEnding": "2023-06-30", "reportedCurrency": "USD", "grossProfit": "729600000", "totalRevenue": "1317600000", "costOfRevenue": "588000000", "costofGoodsAndServicesSold": "588000000", "operatingIncome": "236900000", "sellingGeneralAndAdministrative": "343100000", "researchAndDevelopment": "None", "operatingExpenses": "492700000", "investmentIncomeNet": "None", "netInterestIncome": "-60700000", "interestIncome": "60700000", "interestExpense": "60700000", "nonInterestIncome": "None", "otherNonOperatingIncome": "15900000", "depreciation": "None", "depreciationAndAmortization": "149600000", "incomeBeforeTax": "192100000", "incomeTaxExpense": "52700000", "interestAndDebtExpense": "None", "netIncomeFromContinuingOperations": "139400000", "comprehensiveIncomeNetOfTax": "None", "ebit": "252800000", "ebitda": "402400000", "netIncome": "138300000"}, {"fiscalDateEnding": "2023-03-31", "reportedCurrency": "USD", "grossProfit": "721600000", "totalRevenue": "1302000000", "costOfRevenue": "580400000", "costofGoodsAndServicesSold": "580400000", "operatingIncome": "205400000", "sellingGeneralAndAdministrative": "366100000", "researchAndDevelopment": "None", "operatingExpenses": "516200000", "investmentIncomeNet": "None", "netInterestIncome": "-57600000", "interestIncome": "57600000", "interestExpense": "57600000", "nonInterestIncome": "None", "otherNonOperatingIncome": "4400000", "depreciation": "None", "depreciationAndAmortization": "150100000", "incomeBeforeTax": "152200000", "incomeTaxExpense": "38700000", "interestAndDebtExpense": "None", "netIncomeFromContinuingOperations": "113500000", "comprehensiveIncomeNetOfTax": "None", "ebit": "209800000", "ebitda": "359900000", "netIncome": "112400000"}, {"fiscalDateEnding": "2022-12-31", "reportedCurrency": "USD", "grossProfit": "658700000", "totalRevenue": "1197900000", "costOfRevenue": "539200000", "costofGoodsAndServicesSold": "539200000", "operatingIncome": "176000000", "sellingGeneralAndAdministrative": "237000000", "researchAndDevelopment": "None", "operatingExpenses": "482700000", "investmentIncomeNet": "None", "netInterestIncome": "-54600000", "interestIncome": "54600000", "interestExpense": "54500000", "nonInterestIncome": "None", "otherNonOperatingIncome": "19900000", "depreciation": "None", "depreciationAndAmortization": "144500000", "incomeBeforeTax": "141400000", "incomeTaxExpense": "32300000", "interestAndDebtExpense": "None", "netIncomeFromContinuingOperations": "109100000", "comprehensiveIncomeNetOfTax": "None", "ebit": "195900000", "ebitda": "340400000", "netIncome": "108200000"}, {"fiscalDateEnding": "2022-09-30", "reportedCurrency": "USD", "grossProfit": "701800000", "totalRevenue": "1244300000", "costOfRevenue": "542500000", "costofGoodsAndServicesSold": "542500000", "operatingIncome": "242900000", "sellingGeneralAndAdministrative": "318000000", "researchAndDevelopment": "None", "operatingExpenses": "458900000", "investmentIncomeNet": "None", "netInterestIncome": "-47100000", "interestIncome": "47100000", "interestExpense": "47100000", "nonInterestIncome": "None", "otherNonOperatingIncome": "23900000", "depreciation": "None", "depreciationAndAmortization": "142900000", "incomeBeforeTax": "219700000", "incomeTaxExpense": "52800000", "interestAndDebtExpense": "None", "netIncomeFromContinuingOperations": "166900000", "comprehensiveIncomeNetOfTax": "None", "ebit": "266800000", "ebitda": "409700000", "netIncome": "165700000"}, {"fiscalDateEnding": "2022-06-30", "reportedCurrency": "USD", "grossProfit": "774600000", "totalRevenue": "1316700000", "costOfRevenue": "542100000", "costofGoodsAndServicesSold": "542100000", "operatingIncome": "304600000", "sellingGeneralAndAdministrative": "330200000", "researchAndDevelopment": "None", "operatingExpenses": "470000000", "investmentIncomeNet": "None", "netInterestIncome": "-41600000", "interestIncome": "41600000", "interestExpense": "41600000", "nonInterestIncome": "None", "otherNonOperatingIncome": "1800000", "depreciation": "None", "depreciationAndAmortization": "141900000", "incomeBeforeTax": "264800000", "incomeTaxExpense": "63400000", "interestAndDebtExpense": "None", "netIncomeFromContinuingOperations": "201400000", "comprehensiveIncomeNetOfTax": "None", "ebit": "306400000", "ebitda": "448300000", "netIncome": "200600000"}, {"fiscalDateEnding": "2022-03-31", "reportedCurrency": "USD", "grossProfit": "809800000", "totalRevenue": "1363200000", "costOfRevenue": "553400000", "costofGoodsAndServicesSold": "553400000", "operatingIncome": "332400000", "sellingGeneralAndAdministrative": "340300000", "researchAndDevelopment": "None", "operatingExpenses": "477400000", "investmentIncomeNet": "None", "netInterestIncome": "-39700000", "interestIncome": "39700000", "interestExpense": "39700000", "nonInterestIncome": "None", "otherNonOperatingIncome": "11100000", "depreciation": "None", "depreciationAndAmortization": "139300000", "incomeBeforeTax": "303800000", "incomeTaxExpense": "81000000", "interestAndDebtExpense": "None", "netIncomeFromContinuingOperations": "222800000", "comprehensiveIncomeNetOfTax": "None", "ebit": "343500000", "ebitda": "482800000", "netIncome": "221800000"}, {"fiscalDateEnding": "2021-12-31", "reportedCurrency": "USD", "grossProfit": "727500000", "totalRevenue": "1253200000", "costOfRevenue": "525700000", "costofGoodsAndServicesSold": "525700000", "operatingIncome": "252200000", "sellingGeneralAndAdministrative": "272900000", "researchAndDevelopment": "None", "operatingExpenses": "475300000", "investmentIncomeNet": "None", "netInterestIncome": "-38500000", "interestIncome": "38500000", "interestExpense": "38500000", "nonInterestIncome": "None", "otherNonOperatingIncome": "-75500000", "depreciation": "None", "depreciationAndAmortization": "132199999", "incomeBeforeTax": "138200000", "incomeTaxExpense": "15200000", "interestAndDebtExpense": "None", "netIncomeFromContinuingOperations": "123000000", "comprehensiveIncomeNetOfTax": "None", "ebit": "254900001", "ebitda": "387100000", "netIncome": "122100000"}, {"fiscalDateEnding": "2021-09-30", "reportedCurrency": "USD", "grossProfit": "733900000", "totalRevenue": "1222900000", "costOfRevenue": "489000000", "costofGoodsAndServicesSold": "489000000", "operatingIncome": "273200000", "sellingGeneralAndAdministrative": "344200000", "researchAndDevelopment": "None", "operatingExpenses": "460700000", "investmentIncomeNet": "None", "netInterestIncome": "-35000000", "interestIncome": "35000000", "interestExpense": "35000000", "nonInterestIncome": "None", "otherNonOperatingIncome": "27200000", "depreciation": "None", "depreciationAndAmortization": "118500000", "incomeBeforeTax": "265400000", "incomeTaxExpense": "58800000", "interestAndDebtExpense": "None", "netIncomeFromContinuingOperations": "206600000", "comprehensiveIncomeNetOfTax": "None", "ebit": "300400000", "ebitda": "418900000", "netIncome": "205400000"}, {"fiscalDateEnding": "2021-06-30", "reportedCurrency": "USD", "grossProfit": "751800000", "totalRevenue": "1234800000", "costOfRevenue": "483000000", "costofGoodsAndServicesSold": "483000000", "operatingIncome": "306000000", "sellingGeneralAndAdministrative": "328400000", "researchAndDevelopment": "None", "operatingExpenses": "445800000", "investmentIncomeNet": "None", "netInterestIncome": "-34900000", "interestIncome": "34900000", "interestExpense": "34900000", "nonInterestIncome": "None", "otherNonOperatingIncome": "6000000", "depreciation": "None", "depreciationAndAmortization": "119700000", "incomeBeforeTax": "277100000", "incomeTaxExpense": "61200000", "interestAndDebtExpense": "None", "netIncomeFromContinuingOperations": "215900000", "comprehensiveIncomeNetOfTax": "None", "ebit": "312000000", "ebitda": "431700000", "netIncome": "215100000"}, {"fiscalDateEnding": "2021-03-31", "reportedCurrency": "USD", "grossProfit": "729700000", "totalRevenue": "1213000000", "costOfRevenue": "483300000", "costofGoodsAndServicesSold": "483300000", "operatingIncome": "306600000", "sellingGeneralAndAdministrative": "308800000", "researchAndDevelopment": "None", "operatingExpenses": "423100000", "investmentIncomeNet": "None", "netInterestIncome": "-37200000", "interestIncome": "37200000", "interestExpense": "37200000", "nonInterestIncome": "None", "otherNonOperatingIncome": "-900000", "depreciation": "None", "depreciationAndAmortization": "116700000", "incomeBeforeTax": "268500000", "incomeTaxExpense": "65600000", "interestAndDebtExpense": "None", "netIncomeFromContinuingOperations": "202900000", "comprehensiveIncomeNetOfTax": "None", "ebit": "305700000", "ebitda": "422400000", "netIncome": "201600000"}, {"fiscalDateEnding": "2020-12-31", "reportedCurrency": "USD", "grossProfit": "637600000", "totalRevenue": "1118500000", "costOfRevenue": "480900000", "costofGoodsAndServicesSold": "480900000", "operatingIncome": "169500000", "sellingGeneralAndAdministrative": "307500000", "researchAndDevelopment": "None", "operatingExpenses": "468100000", "investmentIncomeNet": "None", "netInterestIncome": "-36900000", "interestIncome": "36900000", "interestExpense": "36900000", "nonInterestIncome": "None", "otherNonOperatingIncome": "-21000000", "depreciation": "None", "depreciationAndAmortization": "104100000", "incomeBeforeTax": "94500000", "incomeTaxExpense": "16800000", "interestAndDebtExpense": "None", "netIncomeFromContinuingOperations": "90600000", "comprehensiveIncomeNetOfTax": "None", "ebit": "185600000", "ebitda": "289700000", "netIncome": "74500000"}, {"fiscalDateEnding": "2020-09-30", "reportedCurrency": "USD", "grossProfit": "635100000", "totalRevenue": "1068300000", "costOfRevenue": "433200000", "costofGoodsAndServicesSold": "433200000", "operatingIncome": "204400000", "sellingGeneralAndAdministrative": "330000000", "researchAndDevelopment": "None", "operatingExpenses": "430700000", "investmentIncomeNet": "None", "netInterestIncome": "-37400000", "interestIncome": "37400000", "interestExpense": "37400000", "nonInterestIncome": "None", "otherNonOperatingIncome": "133400000", "depreciation": "None", "depreciationAndAmortization": "103100000", "incomeBeforeTax": "300400000", "incomeTaxExpense": "75400000", "interestAndDebtExpense": "None", "netIncomeFromContinuingOperations": "225000000", "comprehensiveIncomeNetOfTax": "None", "ebit": "204400000", "ebitda": "307500000", "netIncome": "224200000"}, {"fiscalDateEnding": "2020-06-30", "reportedCurrency": "USD", "grossProfit": "573500000", "totalRevenue": "982800000", "costOfRevenue": "409300000", "costofGoodsAndServicesSold": "409300000", "operatingIncome": "166800000", "sellingGeneralAndAdministrative": "309900000", "researchAndDevelopment": "None", "operatingExpenses": "406700000", "investmentIncomeNet": "None", "netInterestIncome": "-36600000", "interestIncome": "36600000", "interestExpense": "36600000", "nonInterestIncome": "None", "otherNonOperatingIncome": "-7500000", "depreciation": "None", "depreciationAndAmortization": "97800000", "incomeBeforeTax": "122700000", "incomeTaxExpense": "26600000", "interestAndDebtExpense": "None", "netIncomeFromContinuingOperations": "96100000", "comprehensiveIncomeNetOfTax": "None", "ebit": "166800000", "ebitda": "264600000", "netIncome": "95900000"}, {"fiscalDateEnding": "2020-03-31", "reportedCurrency": "USD", "grossProfit": "543800000", "totalRevenue": "957900000", "costOfRevenue": "414100000", "costofGoodsAndServicesSold": "414100000", "operatingIncome": "135900000", "sellingGeneralAndAdministrative": "316000000", "researchAndDevelopment": "None", "operatingExpenses": "407900000", "investmentIncomeNet": "None", "netInterestIncome": "-30700000", "interestIncome": "30700000", "interestExpense": "30700000", "nonInterestIncome": "None", "otherNonOperatingIncome": "45300000", "depreciation": "None", "depreciationAndAmortization": "94300000", "incomeBeforeTax": "150500000", "incomeTaxExpense": "36000000", "interestAndDebtExpense": "None", "netIncomeFromContinuingOperations": "114500000", "comprehensiveIncomeNetOfTax": "None", "ebit": "135900000", "ebitda": "230200000", "netIncome": "112600000"}, {"fiscalDateEnding": "2019-12-31", "reportedCurrency": "USD", "grossProfit": "522900000", "totalRevenue": "905800000", "costOfRevenue": "382900000", "costofGoodsAndServicesSold": "382900000", "operatingIncome": "47000000", "sellingGeneralAndAdministrative": "337100000", "researchAndDevelopment": "None", "operatingExpenses": "475900000", "investmentIncomeNet": "None", "netInterestIncome": "-29400000", "interestIncome": "29400000", "interestExpense": "29300000", "nonInterestIncome": "None", "otherNonOperatingIncome": "6300000", "depreciation": "None", "depreciationAndAmortization": "88500000", "incomeBeforeTax": "23900000", "incomeTaxExpense": "13100000", "interestAndDebtExpense": "None", "netIncomeFromContinuingOperations": "10800000", "comprehensiveIncomeNetOfTax": "None", "ebit": "175200000", "ebitda": "263700000", "netIncome": "9200000"}, {"fiscalDateEnding": "2019-09-30", "reportedCurrency": "USD", "grossProfit": "501200000", "totalRevenue": "875700000", "costOfRevenue": "374500000", "costofGoodsAndServicesSold": "374500000", "operatingIncome": "121600000", "sellingGeneralAndAdministrative": "295500000", "researchAndDevelopment": "None", "operatingExpenses": "379600000", "investmentIncomeNet": "None", "netInterestIncome": "-28000000", "interestIncome": "28000000", "interestExpense": "28000000", "nonInterestIncome": "None", "otherNonOperatingIncome": "2900000", "depreciation": "None", "depreciationAndAmortization": "85700000", "incomeBeforeTax": "96500000", "incomeTaxExpense": "14000000", "interestAndDebtExpense": "None", "netIncomeFromContinuingOperations": "82500000", "comprehensiveIncomeNetOfTax": "None", "ebit": "119700000", "ebitda": "205400000", "netIncome": "81100000"}, {"fiscalDateEnding": "2019-06-30", "reportedCurrency": "USD", "grossProfit": "503100000", "totalRevenue": "880000000", "costOfRevenue": "376900000", "costofGoodsAndServicesSold": "376900000", "operatingIncome": "113800000", "sellingGeneralAndAdministrative": "306800000", "researchAndDevelopment": "None", "operatingExpenses": "389300000", "investmentIncomeNet": "None", "netInterestIncome": "-27600000", "interestIncome": "27600000", "interestExpense": "27600000", "nonInterestIncome": "None", "otherNonOperatingIncome": "2800000", "depreciation": "None", "depreciationAndAmortization": "82500000", "incomeBeforeTax": "89000000", "incomeTaxExpense": "20700000", "interestAndDebtExpense": "None", "netIncomeFromContinuingOperations": "68300000", "comprehensiveIncomeNetOfTax": "None", "ebit": "116600000", "ebitda": "199100000", "netIncome": "66800000"}, {"fiscalDateEnding": "2019-03-31", "reportedCurrency": "USD", "grossProfit": "458600000", "totalRevenue": "846100000", "costOfRevenue": "387500000", "costofGoodsAndServicesSold": "387500000", "operatingIncome": "-617900000", "sellingGeneralAndAdministrative": "998900000", "researchAndDevelopment": "None", "operatingExpenses": "1076500000", "investmentIncomeNet": "None", "netInterestIncome": "-26700000", "interestIncome": "None", "interestExpense": "26700000", "nonInterestIncome": "None", "otherNonOperatingIncome": "2100000", "depreciation": "None", "depreciationAndAmortization": "79200000", "incomeBeforeTax": "-642500000", "incomeTaxExpense": "-88100000", "interestAndDebtExpense": "None", "netIncomeFromContinuingOperations": "-554400000", "comprehensiveIncomeNetOfTax": "None", "ebit": "-617400000", "ebitda": "-538200000", "netIncome": "-555900000"}, {"fiscalDateEnding": "2018-12-31", "reportedCurrency": "USD", "grossProfit": "463100000", "totalRevenue": "835300000", "costOfRevenue": "372200000", "costofGoodsAndServicesSold": "372200000", "operatingIncome": "46100000", "sellingGeneralAndAdministrative": "294800000", "researchAndDevelopment": "0", "operatingExpenses": "417000000", "investmentIncomeNet": "None", "netInterestIncome": "None", "interestIncome": "None", "interestExpense": "26500000", "nonInterestIncome": "None", "otherNonOperatingIncome": "5400000", "depreciation": "None", "depreciationAndAmortization": "80600000", "incomeBeforeTax": "25000000", "incomeTaxExpense": "-1700000", "interestAndDebtExpense": "None", "netIncomeFromContinuingOperations": "26800000", "comprehensiveIncomeNetOfTax": "None", "ebit": "59600000", "ebitda": "140200000", "netIncome": "25600000"}, {"fiscalDateEnding": "2018-09-30", "reportedCurrency": "USD", "grossProfit": "457500000", "totalRevenue": "834200000", "costOfRevenue": "376700000", "costofGoodsAndServicesSold": "376700000", "operatingIncome": "64100000", "sellingGeneralAndAdministrative": "317400000", "researchAndDevelopment": "0", "operatingExpenses": "393400000", "investmentIncomeNet": "None", "netInterestIncome": "None", "interestIncome": "None", "interestExpense": "26700000", "nonInterestIncome": "None", "otherNonOperatingIncome": "1300000", "depreciation": "None", "depreciationAndAmortization": "77800000", "incomeBeforeTax": "38700000", "incomeTaxExpense": "-900000", "interestAndDebtExpense": "None", "netIncomeFromContinuingOperations": "39600000", "comprehensiveIncomeNetOfTax": "None", "ebit": "80400000", "ebitda": "158200000", "netIncome": "38400000"}, {"fiscalDateEnding": "2018-06-30", "reportedCurrency": "USD", "grossProfit": "528300000", "totalRevenue": "876900000", "costOfRevenue": "348600000", "costofGoodsAndServicesSold": "348600000", "operatingIncome": "193600000", "sellingGeneralAndAdministrative": "257500000", "researchAndDevelopment": "0", "operatingExpenses": "334700000", "investmentIncomeNet": "None", "netInterestIncome": "None", "interestIncome": "None", "interestExpense": "26400000", "nonInterestIncome": "None", "otherNonOperatingIncome": "2200000", "depreciation": "None", "depreciationAndAmortization": "78500000", "incomeBeforeTax": "169400000", "incomeTaxExpense": "23300000", "interestAndDebtExpense": "None", "netIncomeFromContinuingOperations": "146100000", "comprehensiveIncomeNetOfTax": "None", "ebit": "156400000", "ebitda": "234900000", "netIncome": "144800000"}, {"fiscalDateEnding": "2018-03-31", "reportedCurrency": "USD", "grossProfit": "522900000", "totalRevenue": "865700000", "costOfRevenue": "342800000", "costofGoodsAndServicesSold": "342800000", "operatingIncome": "144200000", "sellingGeneralAndAdministrative": "300500000", "researchAndDevelopment": "0", "operatingExpenses": "378700000", "investmentIncomeNet": "None", "netInterestIncome": "None", "interestIncome": "None", "interestExpense": "23900000", "nonInterestIncome": "None", "otherNonOperatingIncome": "2900000", "depreciation": "None", "depreciationAndAmortization": "79000000", "incomeBeforeTax": "123200000", "incomeTaxExpense": "29400000", "interestAndDebtExpense": "None", "netIncomeFromContinuingOperations": "93800000", "comprehensiveIncomeNetOfTax": "None", "ebit": "142000000", "ebitda": "221000000", "netIncome": "90900000"}, {"fiscalDateEnding": "2017-12-31", "reportedCurrency": "USD", "grossProfit": "519600000", "totalRevenue": "838400000", "costOfRevenue": "318800000", "costofGoodsAndServicesSold": "318800000", "operatingIncome": "190800000", "sellingGeneralAndAdministrative": "200600000", "researchAndDevelopment": "0", "operatingExpenses": "328800000", "investmentIncomeNet": "None", "netInterestIncome": "None", "interestIncome": "None", "interestExpense": "22700000", "nonInterestIncome": "None", "otherNonOperatingIncome": "4100000", "depreciation": "None", "depreciationAndAmortization": "74200000", "incomeBeforeTax": "172300000", "incomeTaxExpense": "-2200000", "interestAndDebtExpense": "None", "netIncomeFromContinuingOperations": "174500000", "comprehensiveIncomeNetOfTax": "None", "ebit": "140900000", "ebitda": "215100000", "netIncome": "172300000"}, {"fiscalDateEnding": "2017-09-30", "reportedCurrency": "USD", "grossProfit": "537500000", "totalRevenue": "834800000", "costOfRevenue": "297300000", "costofGoodsAndServicesSold": "297300000", "operatingIncome": "152900000", "sellingGeneralAndAdministrative": "312200000", "researchAndDevelopment": "0", "operatingExpenses": "384600000", "investmentIncomeNet": "None", "netInterestIncome": "None", "interestIncome": "None", "interestExpense": "21400000", "nonInterestIncome": "None", "otherNonOperatingIncome": "4500000", "depreciation": "None", "depreciationAndAmortization": "73200000", "incomeBeforeTax": "136000000", "incomeTaxExpense": "35500000", "interestAndDebtExpense": "None", "netIncomeFromContinuingOperations": "100500000", "comprehensiveIncomeNetOfTax": "None", "ebit": "152900000", "ebitda": "226100000", "netIncome": "96300000"}, {"fiscalDateEnding": "2017-06-30", "reportedCurrency": "USD", "grossProfit": "563000000", "totalRevenue": "856700000", "costOfRevenue": "293700000", "costofGoodsAndServicesSold": "293700000", "operatingIncome": "264100000", "sellingGeneralAndAdministrative": "228400000", "researchAndDevelopment": "0", "operatingExpenses": "298900000", "investmentIncomeNet": "None", "netInterestIncome": "None", "interestIncome": "None", "interestExpense": "24600000", "nonInterestIncome": "None", "otherNonOperatingIncome": "3100000", "depreciation": "None", "depreciationAndAmortization": "71400000", "incomeBeforeTax": "242600000", "incomeTaxExpense": "75000000", "interestAndDebtExpense": "None", "netIncomeFromContinuingOperations": "167600000", "comprehensiveIncomeNetOfTax": "None", "ebit": "266300000", "ebitda": "337700000", "netIncome": "165400000"}, {"fiscalDateEnding": "2017-03-31", "reportedCurrency": "USD", "grossProfit": "531400000", "totalRevenue": "832200000", "costOfRevenue": "300800000", "costofGoodsAndServicesSold": "300800000", "operatingIncome": "216800000", "sellingGeneralAndAdministrative": "243300000", "researchAndDevelopment": "0", "operatingExpenses": "314600000", "investmentIncomeNet": "None", "netInterestIncome": "None", "interestIncome": "None", "interestExpense": "24200000", "nonInterestIncome": "None", "otherNonOperatingIncome": "3100000", "depreciation": "None", "depreciationAndAmortization": "72100000", "incomeBeforeTax": "195700000", "incomeTaxExpense": "40300000", "interestAndDebtExpense": "None", "netIncomeFromContinuingOperations": "155400000", "comprehensiveIncomeNetOfTax": "None", "ebit": "216800000", "ebitda": "288900000", "netIncome": "153300000"}, {"fiscalDateEnding": "2016-12-31", "reportedCurrency": "USD", "grossProfit": "514800000", "totalRevenue": "801100000", "costOfRevenue": "286300000", "costofGoodsAndServicesSold": "286300000", "operatingIncome": "203900000", "sellingGeneralAndAdministrative": "176400000", "researchAndDevelopment": "0", "operatingExpenses": "310900000", "investmentIncomeNet": "None", "netInterestIncome": "None", "interestIncome": "None", "interestExpense": "24200000", "nonInterestIncome": "None", "otherNonOperatingIncome": "2900000", "depreciation": "None", "depreciationAndAmortization": "70900000", "incomeBeforeTax": "182600000", "incomeTaxExpense": "57800000", "interestAndDebtExpense": "None", "netIncomeFromContinuingOperations": "124800000", "comprehensiveIncomeNetOfTax": "None", "ebit": "206800000", "ebitda": "277700000", "netIncome": "123000000"}, {"fiscalDateEnding": "2016-09-30", "reportedCurrency": "USD", "grossProfit": "516100000", "totalRevenue": "804100000", "costOfRevenue": "288000000", "costofGoodsAndServicesSold": "288000000", "operatingIncome": "212100000", "sellingGeneralAndAdministrative": "233400000", "researchAndDevelopment": "0", "operatingExpenses": "304000000", "investmentIncomeNet": "None", "netInterestIncome": "None", "interestIncome": "None", "interestExpense": "24300000", "nonInterestIncome": "None", "otherNonOperatingIncome": "2400000", "depreciation": "None", "depreciationAndAmortization": "70700000", "incomeBeforeTax": "190200000", "incomeTaxExpense": "55300000", "interestAndDebtExpense": "None", "netIncomeFromContinuingOperations": "134900000", "comprehensiveIncomeNetOfTax": "None", "ebit": "212100000", "ebitda": "282800000", "netIncome": "132800000"}, {"fiscalDateEnding": "2016-06-30", "reportedCurrency": "USD", "grossProfit": "525500000", "totalRevenue": "811300000", "costOfRevenue": "285800000", "costofGoodsAndServicesSold": "285800000", "operatingIncome": "225700000", "sellingGeneralAndAdministrative": "231600000", "researchAndDevelopment": "0", "operatingExpenses": "299800000", "investmentIncomeNet": "None", "netInterestIncome": "None", "interestIncome": "None", "interestExpense": "23600000", "nonInterestIncome": "None", "otherNonOperatingIncome": "-800000", "depreciation": "None", "depreciationAndAmortization": "67900000", "incomeBeforeTax": "201300000", "incomeTaxExpense": "68300000", "interestAndDebtExpense": "None", "netIncomeFromContinuingOperations": "133000000", "comprehensiveIncomeNetOfTax": "None", "ebit": "225700000", "ebitda": "293600000", "netIncome": "130900000"}, {"fiscalDateEnding": "2016-03-31", "reportedCurrency": "USD", "grossProfit": "475000000", "totalRevenue": "728300000", "costOfRevenue": "253300000", "costofGoodsAndServicesSold": "253300000", "operatingIncome": "176200000", "sellingGeneralAndAdministrative": "243100000", "researchAndDevelopment": "0", "operatingExpenses": "298800000", "investmentIncomeNet": "None", "netInterestIncome": "None", "interestIncome": "None", "interestExpense": "20100000", "nonInterestIncome": "None", "otherNonOperatingIncome": "-2100000", "depreciation": "None", "depreciationAndAmortization": "56800000", "incomeBeforeTax": "154000000", "incomeTaxExpense": "51600000", "interestAndDebtExpense": "None", "netIncomeFromContinuingOperations": "102400000", "comprehensiveIncomeNetOfTax": "None", "ebit": "176200000", "ebitda": "233000000", "netIncome": "102100000"}, {"fiscalDateEnding": "2015-12-31", "reportedCurrency": "USD", "grossProfit": "441300000", "totalRevenue": "666300000", "costOfRevenue": "225000000", "costofGoodsAndServicesSold": "225000000", "operatingIncome": "176900000", "sellingGeneralAndAdministrative": "150400001", "researchAndDevelopment": "0", "operatingExpenses": "264400000", "investmentIncomeNet": "None", "netInterestIncome": "None", "interestIncome": "None", "interestExpense": "15700000", "nonInterestIncome": "None", "otherNonOperatingIncome": "6500000", "depreciation": "None", "depreciationAndAmortization": "49600000", "incomeBeforeTax": "167700000", "incomeTaxExpense": "54700000", "interestAndDebtExpense": "None", "netIncomeFromContinuingOperations": "113000000", "comprehensiveIncomeNetOfTax": "None", "ebit": "176900000", "ebitda": "226500000", "netIncome": "111900000"}, {"fiscalDateEnding": "2015-09-30", "reportedCurrency": "USD", "grossProfit": "440900000", "totalRevenue": "667400000", "costOfRevenue": "226500000", "costofGoodsAndServicesSold": "226500000", "operatingIncome": "174300000", "sellingGeneralAndAdministrative": "217200000", "researchAndDevelopment": "0", "operatingExpenses": "266600000", "investmentIncomeNet": "None", "netInterestIncome": "None", "interestIncome": "None", "interestExpense": "15800000", "nonInterestIncome": "None", "otherNonOperatingIncome": "14400000", "depreciation": "None", "depreciationAndAmortization": "49600000", "incomeBeforeTax": "172900000", "incomeTaxExpense": "53200000", "interestAndDebtExpense": "None", "netIncomeFromContinuingOperations": "119700000", "comprehensiveIncomeNetOfTax": "None", "ebit": "174300000", "ebitda": "223900000", "netIncome": "117900000"}, {"fiscalDateEnding": "2015-06-30", "reportedCurrency": "USD", "grossProfit": "457300000", "totalRevenue": "678100000", "costOfRevenue": "220800000", "costofGoodsAndServicesSold": "220800000", "operatingIncome": "188500000", "sellingGeneralAndAdministrative": "218700000", "researchAndDevelopment": "0", "operatingExpenses": "268800000", "investmentIncomeNet": "None", "netInterestIncome": "None", "interestIncome": "None", "interestExpense": "16200000", "nonInterestIncome": "None", "otherNonOperatingIncome": "-13900000", "depreciation": "None", "depreciationAndAmortization": "50500000", "incomeBeforeTax": "158400000", "incomeTaxExpense": "45900000", "interestAndDebtExpense": "None", "netIncomeFromContinuingOperations": "112500000", "comprehensiveIncomeNetOfTax": "None", "ebit": "188500000", "ebitda": "239000000", "netIncome": "111000000"}, {"fiscalDateEnding": "2015-03-31", "reportedCurrency": "USD", "grossProfit": "436700000", "totalRevenue": "651800000", "costOfRevenue": "215100000", "costofGoodsAndServicesSold": "215100000", "operatingIncome": "154200000", "sellingGeneralAndAdministrative": "232900000", "researchAndDevelopment": "0", "operatingExpenses": "282500000", "investmentIncomeNet": "None", "netInterestIncome": "None", "interestIncome": "None", "interestExpense": "16100000", "nonInterestIncome": "None", "otherNonOperatingIncome": "-500000", "depreciation": "None", "depreciationAndAmortization": "50300000", "incomeBeforeTax": "137600000", "incomeTaxExpense": "48000000", "interestAndDebtExpense": "None", "netIncomeFromContinuingOperations": "89600000", "comprehensiveIncomeNetOfTax": "None", "ebit": "174900000", "ebitda": "225200000", "netIncome": "88300000"}, {"fiscalDateEnding": "2014-12-31", "reportedCurrency": "USD", "grossProfit": "410000000", "totalRevenue": "624600000", "costOfRevenue": "214600000", "costofGoodsAndServicesSold": "214600000", "operatingIncome": "165200000", "sellingGeneralAndAdministrative": "137900000", "researchAndDevelopment": "0", "operatingExpenses": "244800000", "investmentIncomeNet": "None", "netInterestIncome": "None", "interestIncome": "None", "interestExpense": "16800000", "nonInterestIncome": "None", "otherNonOperatingIncome": "3000000", "depreciation": "None", "depreciationAndAmortization": "52100000", "incomeBeforeTax": "151400000", "incomeTaxExpense": "52600000", "interestAndDebtExpense": "None", "netIncomeFromContinuingOperations": "98800000", "comprehensiveIncomeNetOfTax": "None", "ebit": "168200000", "ebitda": "220300000", "netIncome": "98000000"}, {"fiscalDateEnding": "2014-09-30", "reportedCurrency": "USD", "grossProfit": "402400000", "totalRevenue": "613400000", "costOfRevenue": "211000000", "costofGoodsAndServicesSold": "211000000", "operatingIncome": "153700000", "sellingGeneralAndAdministrative": "197800000", "researchAndDevelopment": "0", "operatingExpenses": "248700000", "investmentIncomeNet": "None", "netInterestIncome": "None", "interestIncome": "None", "interestExpense": "17100000", "nonInterestIncome": "None", "otherNonOperatingIncome": "3200000", "depreciation": "None", "depreciationAndAmortization": "50900000", "incomeBeforeTax": "139800000", "incomeTaxExpense": "45400000", "interestAndDebtExpense": "None", "netIncomeFromContinuingOperations": "94400000", "comprehensiveIncomeNetOfTax": "None", "ebit": "154100000", "ebitda": "205000000", "netIncome": "92700000"}, {"fiscalDateEnding": "2014-06-30", "reportedCurrency": "USD", "grossProfit": "401600000", "totalRevenue": "613900000", "costOfRevenue": "212300000", "costofGoodsAndServicesSold": "212300000", "operatingIncome": "167400000", "sellingGeneralAndAdministrative": "183500000", "researchAndDevelopment": "0", "operatingExpenses": "234200000", "investmentIncomeNet": "None", "netInterestIncome": "None", "interestIncome": "None", "interestExpense": "17400000", "nonInterestIncome": "None", "otherNonOperatingIncome": "500000", "depreciation": "None", "depreciationAndAmortization": "50700000", "incomeBeforeTax": "150500000", "incomeTaxExpense": "56000000", "interestAndDebtExpense": "None", "netIncomeFromContinuingOperations": "94500000", "comprehensiveIncomeNetOfTax": "None", "ebit": "167700000", "ebitda": "218400000", "netIncome": "92800000"}, {"fiscalDateEnding": "2014-03-31", "reportedCurrency": "USD", "grossProfit": "377700000", "totalRevenue": "584500000", "costOfRevenue": "206800000", "costofGoodsAndServicesSold": "206800000", "operatingIncome": "151900000", "sellingGeneralAndAdministrative": "175400000", "researchAndDevelopment": "0", "operatingExpenses": "225800000", "investmentIncomeNet": "None", "netInterestIncome": "None", "interestIncome": "None", "interestExpense": "17300000", "nonInterestIncome": "None", "otherNonOperatingIncome": "-2100000", "depreciation": "None", "depreciationAndAmortization": "50500000", "incomeBeforeTax": "132500000", "incomeTaxExpense": "46200000", "interestAndDebtExpense": "None", "netIncomeFromContinuingOperations": "86300000", "comprehensiveIncomeNetOfTax": "None", "ebit": "152300000", "ebitda": "202800000", "netIncome": "83900000"}, {"fiscalDateEnding": "2013-12-31", "reportedCurrency": "USD", "grossProfit": "381300000", "totalRevenue": "578500000", "costOfRevenue": "197200000", "costofGoodsAndServicesSold": "197200000", "operatingIncome": "154100000", "sellingGeneralAndAdministrative": "123900000", "researchAndDevelopment": "0", "operatingExpenses": "227200000", "investmentIncomeNet": "None", "netInterestIncome": "None", "interestIncome": "None", "interestExpense": "17400000", "nonInterestIncome": "None", "otherNonOperatingIncome": "-14800000", "depreciation": "None", "depreciationAndAmortization": "53400000", "incomeBeforeTax": "121900000", "incomeTaxExpense": "43000000", "interestAndDebtExpense": "None", "netIncomeFromContinuingOperations": "78900000", "comprehensiveIncomeNetOfTax": "None", "ebit": "155700000", "ebitda": "209100000", "netIncome": "76700000"}, {"fiscalDateEnding": "2013-09-30", "reportedCurrency": "USD", "grossProfit": "375200000", "totalRevenue": "572000000", "costOfRevenue": "196800000", "costofGoodsAndServicesSold": "196800000", "operatingIncome": "157700000", "sellingGeneralAndAdministrative": "173400000", "researchAndDevelopment": "0", "operatingExpenses": "217500000", "investmentIncomeNet": "None", "netInterestIncome": "None", "interestIncome": "None", "interestExpense": "17500000", "nonInterestIncome": "None", "otherNonOperatingIncome": "600000", "depreciation": "None", "depreciationAndAmortization": "44600000", "incomeBeforeTax": "140800000", "incomeTaxExpense": "49900000", "interestAndDebtExpense": "None", "netIncomeFromContinuingOperations": "86100000", "comprehensiveIncomeNetOfTax": "None", "ebit": "157700000", "ebitda": "202300000", "netIncome": "88300000"}, {"fiscalDateEnding": "2013-06-30", "reportedCurrency": "USD", "grossProfit": "388700000", "totalRevenue": "586900000", "costOfRevenue": "198200000", "costofGoodsAndServicesSold": "198200000", "operatingIncome": "158100000", "sellingGeneralAndAdministrative": "186500000", "researchAndDevelopment": "0", "operatingExpenses": "230600000", "investmentIncomeNet": "None", "netInterestIncome": "None", "interestIncome": "None", "interestExpense": "17600000", "nonInterestIncome": "None", "otherNonOperatingIncome": "3500000", "depreciation": "None", "depreciationAndAmortization": "44200000", "incomeBeforeTax": "144000000", "incomeTaxExpense": "51700000", "interestAndDebtExpense": "None", "netIncomeFromContinuingOperations": "92300000", "comprehensiveIncomeNetOfTax": "None", "ebit": "161600000", "ebitda": "205800000", "netIncome": "90500000"}, {"fiscalDateEnding": "2013-03-31", "reportedCurrency": "USD", "grossProfit": "371400000", "totalRevenue": "566500000", "costOfRevenue": "195100000", "costofGoodsAndServicesSold": "195100000", "operatingIncome": "149000000", "sellingGeneralAndAdministrative": "174500000", "researchAndDevelopment": "0", "operatingExpenses": "222400000", "investmentIncomeNet": "None", "netInterestIncome": "None", "interestIncome": "None", "interestExpense": "17700000", "nonInterestIncome": "None", "otherNonOperatingIncome": "100000", "depreciation": "None", "depreciationAndAmortization": "48100000", "incomeBeforeTax": "131400000", "incomeTaxExpense": "47200000", "interestAndDebtExpense": "None", "netIncomeFromContinuingOperations": "84200000", "comprehensiveIncomeNetOfTax": "None", "ebit": "149100000", "ebitda": "197200000", "netIncome": "101100000"}, {"fiscalDateEnding": "2012-12-31", "reportedCurrency": "USD", "grossProfit": "342300000", "totalRevenue": "558100000", "costOfRevenue": "215800000", "costofGoodsAndServicesSold": "215800000", "operatingIncome": "95200000", "sellingGeneralAndAdministrative": "157800000", "researchAndDevelopment": "0", "operatingExpenses": "247100000", "investmentIncomeNet": "None", "netInterestIncome": "None", "interestIncome": "None", "interestExpense": "14300000", "nonInterestIncome": "None", "otherNonOperatingIncome": "1100000", "depreciation": "None", "depreciationAndAmortization": "40600000", "incomeBeforeTax": "82000000", "incomeTaxExpense": "33800000", "interestAndDebtExpense": "None", "netIncomeFromContinuingOperations": "48200000", "comprehensiveIncomeNetOfTax": "None", "ebit": "96300000", "ebitda": "136900000", "netIncome": "46300000"}, {"fiscalDateEnding": "2012-09-30", "reportedCurrency": "USD", "grossProfit": "335500000", "totalRevenue": "544000000", "costOfRevenue": "208500000", "costofGoodsAndServicesSold": "208500000", "operatingIncome": "132100000", "sellingGeneralAndAdministrative": "162800000", "researchAndDevelopment": "0", "operatingExpenses": "411800000", "investmentIncomeNet": "None", "netInterestIncome": "None", "interestIncome": "None", "interestExpense": "14000000", "nonInterestIncome": "None", "otherNonOperatingIncome": "1900000", "depreciation": "None", "depreciationAndAmortization": "40400000", "incomeBeforeTax": "120400000", "incomeTaxExpense": "40000000", "interestAndDebtExpense": "None", "netIncomeFromContinuingOperations": "80100000", "comprehensiveIncomeNetOfTax": "None", "ebit": "132400000", "ebitda": "172800000", "netIncome": "77900000"}, {"fiscalDateEnding": "2012-06-30", "reportedCurrency": "USD", "grossProfit": "332200000", "totalRevenue": "535800000", "costOfRevenue": "203600000", "costofGoodsAndServicesSold": "203600000", "operatingIncome": "132700000", "sellingGeneralAndAdministrative": "158300000", "researchAndDevelopment": "0", "operatingExpenses": "199500000", "investmentIncomeNet": "None", "netInterestIncome": "None", "interestIncome": "None", "interestExpense": "13700000", "nonInterestIncome": "None", "otherNonOperatingIncome": "2200000", "depreciation": "None", "depreciationAndAmortization": "41100000", "incomeBeforeTax": "121200000", "incomeTaxExpense": "42400000", "interestAndDebtExpense": "None", "netIncomeFromContinuingOperations": "78800000", "comprehensiveIncomeNetOfTax": "None", "ebit": "131200000", "ebitda": "172300000", "netIncome": "76400000"}, {"fiscalDateEnding": "2012-03-31", "reportedCurrency": "USD", "grossProfit": "321500000", "totalRevenue": "522700000", "costOfRevenue": "201200000", "costofGoodsAndServicesSold": "201200000", "operatingIncome": "129000000", "sellingGeneralAndAdministrative": "151100000", "researchAndDevelopment": "0", "operatingExpenses": "192500000", "investmentIncomeNet": "None", "netInterestIncome": "None", "interestIncome": "None", "interestExpense": "13800000", "nonInterestIncome": "None", "otherNonOperatingIncome": "1400000", "depreciation": "None", "depreciationAndAmortization": "41300000", "incomeBeforeTax": "116600000", "incomeTaxExpense": "42900000", "interestAndDebtExpense": "None", "netIncomeFromContinuingOperations": "73700000", "comprehensiveIncomeNetOfTax": "None", "ebit": "129600000", "ebitda": "170900000", "netIncome": "71500000"}, {"fiscalDateEnding": "2011-12-31", "reportedCurrency": "USD", "grossProfit": "315500000", "totalRevenue": "509700000", "costOfRevenue": "194200000", "costofGoodsAndServicesSold": "194200000", "operatingIncome": "125700000", "sellingGeneralAndAdministrative": "148600000", "researchAndDevelopment": "0", "operatingExpenses": "189800000", "investmentIncomeNet": "None", "netInterestIncome": "None", "interestIncome": "None", "interestExpense": "13900000", "nonInterestIncome": "None", "otherNonOperatingIncome": "1000000", "depreciation": "None", "depreciationAndAmortization": "41100000", "incomeBeforeTax": "112800000", "incomeTaxExpense": "38300000", "interestAndDebtExpense": "None", "netIncomeFromContinuingOperations": "74500000", "comprehensiveIncomeNetOfTax": "None", "ebit": "126800000", "ebitda": "167900000", "netIncome": "74400000"}, {"fiscalDateEnding": "2011-09-30", "reportedCurrency": "USD", "grossProfit": "301300000", "totalRevenue": "490400000", "costOfRevenue": "189100000", "costofGoodsAndServicesSold": "189100000", "operatingIncome": "121600000", "sellingGeneralAndAdministrative": "139200000", "researchAndDevelopment": "0", "operatingExpenses": "179700000", "investmentIncomeNet": "None", "netInterestIncome": "None", "interestIncome": "None", "interestExpense": "13700000", "nonInterestIncome": "None", "otherNonOperatingIncome": "600000", "depreciation": "None", "depreciationAndAmortization": "40300000", "incomeBeforeTax": "108500000", "incomeTaxExpense": "39200000", "interestAndDebtExpense": "None", "netIncomeFromContinuingOperations": "69300000", "comprehensiveIncomeNetOfTax": "None", "ebit": "122400000", "ebitda": "162700000", "netIncome": "66700000"}, {"fiscalDateEnding": "2011-06-30", "reportedCurrency": "USD", "grossProfit": "296200000", "totalRevenue": "487100000", "costOfRevenue": "190900000", "costofGoodsAndServicesSold": "190900000", "operatingIncome": "114600000", "sellingGeneralAndAdministrative": "140500000", "researchAndDevelopment": "0", "operatingExpenses": "181600000", "investmentIncomeNet": "None", "netInterestIncome": "None", "interestIncome": "None", "interestExpense": "13700000", "nonInterestIncome": "None", "otherNonOperatingIncome": "-9600000", "depreciation": "None", "depreciationAndAmortization": "40800000", "incomeBeforeTax": "91300000", "incomeTaxExpense": "54200000", "interestAndDebtExpense": "None", "netIncomeFromContinuingOperations": "37100000", "comprehensiveIncomeNetOfTax": "None", "ebit": "114900000", "ebitda": "155700000", "netIncome": "34500000"}, {"fiscalDateEnding": "2011-03-31", "reportedCurrency": "USD", "grossProfit": "278300000", "totalRevenue": "472600000", "costOfRevenue": "194300000", "costofGoodsAndServicesSold": "194300000", "operatingIncome": "109100000", "sellingGeneralAndAdministrative": "126500000", "researchAndDevelopment": "0", "operatingExpenses": "169200000", "investmentIncomeNet": "None", "netInterestIncome": "None", "interestIncome": "None", "interestExpense": "13800000", "nonInterestIncome": "None", "otherNonOperatingIncome": "300000", "depreciation": "None", "depreciationAndAmortization": "42700000", "incomeBeforeTax": "95600000", "incomeTaxExpense": "36300000", "interestAndDebtExpense": "None", "netIncomeFromContinuingOperations": "59300000", "comprehensiveIncomeNetOfTax": "None", "ebit": "109400000", "ebitda": "152100000", "netIncome": "57300000"}, {"fiscalDateEnding": "2010-12-31", "reportedCurrency": "USD", "grossProfit": "288700000", "totalRevenue": "482000000", "costOfRevenue": "193300000", "costofGoodsAndServicesSold": "193300000", "operatingIncome": "109700000", "sellingGeneralAndAdministrative": "137000000", "researchAndDevelopment": "0", "operatingExpenses": "179000000", "investmentIncomeNet": "None", "netInterestIncome": "None", "interestIncome": "None", "interestExpense": "13800000", "nonInterestIncome": "None", "otherNonOperatingIncome": "300000", "depreciation": "None", "depreciationAndAmortization": "42100000", "incomeBeforeTax": "96200000", "incomeTaxExpense": "32200000", "interestAndDebtExpense": "None", "netIncomeFromContinuingOperations": "61900000", "comprehensiveIncomeNetOfTax": "None", "ebit": "110000000", "ebitda": "152100000", "netIncome": "62200000"}, {"fiscalDateEnding": "2010-09-30", "reportedCurrency": "USD", "grossProfit": "285600000", "totalRevenue": "473800000", "costOfRevenue": "188200000", "costofGoodsAndServicesSold": "188200000", "operatingIncome": "110200000", "sellingGeneralAndAdministrative": "134000000", "researchAndDevelopment": "0", "operatingExpenses": "175400000", "investmentIncomeNet": "None", "netInterestIncome": "None", "interestIncome": "None", "interestExpense": "14000000", "nonInterestIncome": "None", "otherNonOperatingIncome": "700000", "depreciation": "None", "depreciationAndAmortization": "41400000", "incomeBeforeTax": "96900000", "incomeTaxExpense": "33300000", "interestAndDebtExpense": "None", "netIncomeFromContinuingOperations": "63600000", "comprehensiveIncomeNetOfTax": "None", "ebit": "110900000", "ebitda": "152300000", "netIncome": "76500000"}, {"fiscalDateEnding": "2010-06-30", "reportedCurrency": "USD", "grossProfit": "272400000", "totalRevenue": "460700000", "costOfRevenue": "188300000", "costofGoodsAndServicesSold": "188300000", "operatingIncome": "105800000", "sellingGeneralAndAdministrative": "126900000", "researchAndDevelopment": "0", "operatingExpenses": "166600000", "investmentIncomeNet": "None", "netInterestIncome": "None", "interestIncome": "None", "interestExpense": "14100000", "nonInterestIncome": "None", "otherNonOperatingIncome": "800000", "depreciation": "None", "depreciationAndAmortization": "41800000", "incomeBeforeTax": "92500000", "incomeTaxExpense": "32700000", "interestAndDebtExpense": "None", "netIncomeFromContinuingOperations": "59800000", "comprehensiveIncomeNetOfTax": "None", "ebit": "106600000", "ebitda": "148400000", "netIncome": "71300000"}, {"fiscalDateEnding": "2010-03-31", "reportedCurrency": "USD", "grossProfit": "261000000", "totalRevenue": "461300000", "costOfRevenue": "200300000", "costofGoodsAndServicesSold": "200300000", "operatingIncome": "107700000", "sellingGeneralAndAdministrative": "112400000", "researchAndDevelopment": "0", "operatingExpenses": "153300000", "investmentIncomeNet": "None", "netInterestIncome": "None", "interestIncome": "None", "interestExpense": "14200000", "nonInterestIncome": "None", "otherNonOperatingIncome": "-500000", "depreciation": "None", "depreciationAndAmortization": "42500000", "incomeBeforeTax": "93000000", "incomeTaxExpense": "35000000", "interestAndDebtExpense": "None", "netIncomeFromContinuingOperations": "58000000", "comprehensiveIncomeNetOfTax": "None", "ebit": "103800000", "ebitda": "146300000", "netIncome": "56700000"}, {"fiscalDateEnding": "2009-12-31", "reportedCurrency": "USD", "grossProfit": "268200000", "totalRevenue": "464300000", "costOfRevenue": "196100000", "costofGoodsAndServicesSold": "196100000", "operatingIncome": "91400000", "sellingGeneralAndAdministrative": "134900000", "researchAndDevelopment": "0", "operatingExpenses": "176800000", "investmentIncomeNet": "None", "netInterestIncome": "None", "interestIncome": "None", "interestExpense": "14100000", "nonInterestIncome": "None", "otherNonOperatingIncome": "None", "depreciation": "None", "depreciationAndAmortization": "41900000", "incomeBeforeTax": "77600000", "incomeTaxExpense": "15700000", "interestAndDebtExpense": "None", "netIncomeFromContinuingOperations": "0", "comprehensiveIncomeNetOfTax": "None", "ebit": "91700000", "ebitda": "133600000", "netIncome": "60200000"}, {"fiscalDateEnding": "2009-09-30", "reportedCurrency": "USD", "grossProfit": "261600000", "totalRevenue": "451900000", "costOfRevenue": "190300000", "costofGoodsAndServicesSold": "190300000", "operatingIncome": "106300000", "sellingGeneralAndAdministrative": "115700000", "researchAndDevelopment": "0", "operatingExpenses": "155300000", "investmentIncomeNet": "None", "netInterestIncome": "None", "interestIncome": "None", "interestExpense": "14100000", "nonInterestIncome": "None", "otherNonOperatingIncome": "None", "depreciation": "None", "depreciationAndAmortization": "39600000", "incomeBeforeTax": "92400000", "incomeTaxExpense": "31000000", "interestAndDebtExpense": "None", "netIncomeFromContinuingOperations": "0", "comprehensiveIncomeNetOfTax": "None", "ebit": "100200000", "ebitda": "139800000", "netIncome": "59700000"}, {"fiscalDateEnding": "2009-06-30", "reportedCurrency": "USD", "grossProfit": "263000000", "totalRevenue": "455400000", "costOfRevenue": "192400000", "costofGoodsAndServicesSold": "192400000", "operatingIncome": "107200000", "sellingGeneralAndAdministrative": "116700000", "researchAndDevelopment": "0", "operatingExpenses": "155800000", "investmentIncomeNet": "None", "netInterestIncome": "None", "interestIncome": "None", "interestExpense": "14500000", "nonInterestIncome": "None", "otherNonOperatingIncome": "None", "depreciation": "None", "depreciationAndAmortization": "39100000", "incomeBeforeTax": "95800000", "incomeTaxExpense": "34700000", "interestAndDebtExpense": "None", "netIncomeFromContinuingOperations": "0", "comprehensiveIncomeNetOfTax": "None", "ebit": "105100000", "ebitda": "144200000", "netIncome": "59600000"}, {"fiscalDateEnding": "2009-03-31", "reportedCurrency": "USD", "grossProfit": "263900000", "totalRevenue": "452900000", "costOfRevenue": "189000000", "costofGoodsAndServicesSold": "189000000", "operatingIncome": "102700000", "sellingGeneralAndAdministrative": "123000000", "researchAndDevelopment": "0", "operatingExpenses": "161200000", "investmentIncomeNet": "None", "netInterestIncome": "None", "interestIncome": "None", "interestExpense": "14300000", "nonInterestIncome": "None", "otherNonOperatingIncome": "None", "depreciation": "None", "depreciationAndAmortization": "38200000", "incomeBeforeTax": "90800000", "incomeTaxExpense": "34700000", "interestAndDebtExpense": "None", "netIncomeFromContinuingOperations": "0", "comprehensiveIncomeNetOfTax": "None", "ebit": "103400000", "ebitda": "141600000", "netIncome": "54400000"}, {"fiscalDateEnding": "2008-12-31", "reportedCurrency": "USD", "grossProfit": "265300000", "totalRevenue": "446600000", "costOfRevenue": "181300000", "costofGoodsAndServicesSold": "181300000", "operatingIncome": "116100000", "sellingGeneralAndAdministrative": "111100000", "researchAndDevelopment": "0", "operatingExpenses": "149200000", "investmentIncomeNet": "None", "netInterestIncome": "None", "interestIncome": "None", "interestExpense": "71300000", "nonInterestIncome": "None", "otherNonOperatingIncome": "None", "depreciation": "None", "depreciationAndAmortization": "38100000", "incomeBeforeTax": "101000000", "incomeTaxExpense": "37000000", "interestAndDebtExpense": "None", "netIncomeFromContinuingOperations": "0", "comprehensiveIncomeNetOfTax": "None", "ebit": "116100000", "ebitda": "154200000", "netIncome": "64000000"}, {"fiscalDateEnding": "2008-09-30", "reportedCurrency": "USD", "grossProfit": "290400000", "totalRevenue": "484100000", "costOfRevenue": "193700000", "costofGoodsAndServicesSold": "193700000", "operatingIncome": "107200000", "sellingGeneralAndAdministrative": "141800000", "researchAndDevelopment": "0", "operatingExpenses": "183200000", "investmentIncomeNet": "None", "netInterestIncome": "None", "interestIncome": "None", "interestExpense": "16900000", "nonInterestIncome": "None", "otherNonOperatingIncome": "None", "depreciation": "None", "depreciationAndAmortization": "41400000", "incomeBeforeTax": "90300000", "incomeTaxExpense": "18000000", "interestAndDebtExpense": "None", "netIncomeFromContinuingOperations": "0", "comprehensiveIncomeNetOfTax": "None", "ebit": "105700000", "ebitda": "147100000", "netIncome": "72300000"}, {"fiscalDateEnding": "2008-06-30", "reportedCurrency": "USD", "grossProfit": "300900000", "totalRevenue": "501900000", "costOfRevenue": "201000000", "costofGoodsAndServicesSold": "201000000", "operatingIncome": "127700000", "sellingGeneralAndAdministrative": "135200000", "researchAndDevelopment": "0", "operatingExpenses": "173200000", "investmentIncomeNet": "None", "netInterestIncome": "None", "interestIncome": "None", "interestExpense": "17300000", "nonInterestIncome": "None", "otherNonOperatingIncome": "None", "depreciation": "None", "depreciationAndAmortization": "38000000", "incomeBeforeTax": "109500000", "incomeTaxExpense": "38700000", "interestAndDebtExpense": "None", "netIncomeFromContinuingOperations": "0", "comprehensiveIncomeNetOfTax": "None", "ebit": "126800000", "ebitda": "164800000", "netIncome": "70800000"}, {"fiscalDateEnding": "2008-03-31", "reportedCurrency": "USD", "grossProfit": "300300000", "totalRevenue": "503100000", "costOfRevenue": "202800000", "costofGoodsAndServicesSold": "202800000", "operatingIncome": "126200000", "sellingGeneralAndAdministrative": "136200000", "researchAndDevelopment": "0", "operatingExpenses": "174100000", "investmentIncomeNet": "None", "netInterestIncome": "None", "interestIncome": "None", "interestExpense": "19700000", "nonInterestIncome": "None", "otherNonOperatingIncome": "None", "depreciation": "None", "depreciationAndAmortization": "37900000", "incomeBeforeTax": "105100000", "incomeTaxExpense": "39400000", "interestAndDebtExpense": "None", "netIncomeFromContinuingOperations": "0", "comprehensiveIncomeNetOfTax": "None", "ebit": "125900000", "ebitda": "163800000", "netIncome": "65700000"}, {"fiscalDateEnding": "2007-12-31", "reportedCurrency": "USD", "grossProfit": "292300000", "totalRevenue": "490800000", "costOfRevenue": "198500000", "costofGoodsAndServicesSold": "198500000", "operatingIncome": "120200000", "sellingGeneralAndAdministrative": "134300000", "researchAndDevelopment": "0", "operatingExpenses": "172100000", "investmentIncomeNet": "None", "netInterestIncome": "None", "interestIncome": "None", "interestExpense": "58500000", "nonInterestIncome": "None", "otherNonOperatingIncome": "None", "depreciation": "None", "depreciationAndAmortization": "37800000", "incomeBeforeTax": "98200000", "incomeTaxExpense": "32500000", "interestAndDebtExpense": "None", "netIncomeFromContinuingOperations": "0", "comprehensiveIncomeNetOfTax": "None", "ebit": "120200000", "ebitda": "158000000", "netIncome": "65700000"}, {"fiscalDateEnding": "2007-09-30", "reportedCurrency": "USD", "grossProfit": "298200000", "totalRevenue": "492500000", "costOfRevenue": "194300000", "costofGoodsAndServicesSold": "194300000", "operatingIncome": "129200000", "sellingGeneralAndAdministrative": "130100000", "researchAndDevelopment": "0", "operatingExpenses": "169000000", "investmentIncomeNet": "None", "netInterestIncome": "None", "interestIncome": "None", "interestExpense": "19900000", "nonInterestIncome": "None", "otherNonOperatingIncome": "None", "depreciation": "None", "depreciationAndAmortization": "38900000", "incomeBeforeTax": "108800000", "incomeTaxExpense": "40900000", "interestAndDebtExpense": "None", "netIncomeFromContinuingOperations": "0", "comprehensiveIncomeNetOfTax": "None", "ebit": "129200000", "ebitda": "168100000", "netIncome": "67900000"}, {"fiscalDateEnding": "2007-06-30", "reportedCurrency": "USD", "grossProfit": "264600000", "totalRevenue": "454500000", "costOfRevenue": "189900000", "costofGoodsAndServicesSold": "189900000", "operatingIncome": "119800000", "sellingGeneralAndAdministrative": "115200000", "researchAndDevelopment": "0", "operatingExpenses": "144800000", "investmentIncomeNet": "None", "netInterestIncome": "None", "interestIncome": "None", "interestExpense": "10400000", "nonInterestIncome": "None", "otherNonOperatingIncome": "None", "depreciation": "None", "depreciationAndAmortization": "29600000", "incomeBeforeTax": "109200000", "incomeTaxExpense": "39100000", "interestAndDebtExpense": "None", "netIncomeFromContinuingOperations": "0", "comprehensiveIncomeNetOfTax": "None", "ebit": "119800000", "ebitda": "149400000", "netIncome": "70100000"}, {"fiscalDateEnding": "2007-03-31", "reportedCurrency": "USD", "grossProfit": "235800000", "totalRevenue": "405100000", "costOfRevenue": "169300000", "costofGoodsAndServicesSold": "169300000", "operatingIncome": "288100000", "sellingGeneralAndAdministrative": "97400000", "researchAndDevelopment": "0", "operatingExpenses": "-52300000", "investmentIncomeNet": "None", "netInterestIncome": "None", "interestIncome": "None", "interestExpense": "7400000", "nonInterestIncome": "None", "otherNonOperatingIncome": "None", "depreciation": "None", "depreciationAndAmortization": "21400000", "incomeBeforeTax": "108400000", "incomeTaxExpense": "39400000", "interestAndDebtExpense": "None", "netIncomeFromContinuingOperations": "0", "comprehensiveIncomeNetOfTax": "None", "ebit": "288100000", "ebitda": "309500000", "netIncome": "69000000"}, {"fiscalDateEnding": "2006-12-31", "reportedCurrency": "USD", "grossProfit": "230100000", "totalRevenue": "390000000", "costOfRevenue": "159900000", "costofGoodsAndServicesSold": "159900000", "operatingIncome": "109900000", "sellingGeneralAndAdministrative": "99400000", "researchAndDevelopment": "0", "operatingExpenses": "120200000", "investmentIncomeNet": "None", "netInterestIncome": "None", "interestIncome": "None", "interestExpense": "31900000", "nonInterestIncome": "None", "otherNonOperatingIncome": "None", "depreciation": "None", "depreciationAndAmortization": "20800000", "incomeBeforeTax": "100700000", "incomeTaxExpense": "37600000", "interestAndDebtExpense": "None", "netIncomeFromContinuingOperations": "0", "comprehensiveIncomeNetOfTax": "None", "ebit": "109900000", "ebitda": "130700000", "netIncome": "63100000"}, {"fiscalDateEnding": "2006-09-30", "reportedCurrency": "USD", "grossProfit": "236700000", "totalRevenue": "394600000", "costOfRevenue": "157900000", "costofGoodsAndServicesSold": "157900000", "operatingIncome": "120600000", "sellingGeneralAndAdministrative": "95700000", "researchAndDevelopment": "0", "operatingExpenses": "116100000", "investmentIncomeNet": "None", "netInterestIncome": "None", "interestIncome": "None", "interestExpense": "7900000", "nonInterestIncome": "None", "otherNonOperatingIncome": "None", "depreciation": "None", "depreciationAndAmortization": "20400000", "incomeBeforeTax": "112200000", "incomeTaxExpense": "33300000", "interestAndDebtExpense": "None", "netIncomeFromContinuingOperations": "0", "comprehensiveIncomeNetOfTax": "None", "ebit": "120600000", "ebitda": "141000000", "netIncome": "78900000"}, {"fiscalDateEnding": "2006-06-30", "reportedCurrency": "USD", "grossProfit": "225900000", "totalRevenue": "387700000", "costOfRevenue": "161800000", "costofGoodsAndServicesSold": "161800000", "operatingIncome": "96400000", "sellingGeneralAndAdministrative": "109000000", "researchAndDevelopment": "0", "operatingExpenses": "129500000", "investmentIncomeNet": "None", "netInterestIncome": "None", "interestIncome": "None", "interestExpense": "8200000", "nonInterestIncome": "None", "otherNonOperatingIncome": "None", "depreciation": "None", "depreciationAndAmortization": "20500000", "incomeBeforeTax": "102100000", "incomeTaxExpense": "32500000", "interestAndDebtExpense": "None", "netIncomeFromContinuingOperations": "0", "comprehensiveIncomeNetOfTax": "None", "ebit": "96400000", "ebitda": "116900000", "netIncome": "69600000"}, {"fiscalDateEnding": "2006-03-31", "reportedCurrency": "USD", "grossProfit": "222900000", "totalRevenue": "374000000", "costOfRevenue": "151100000", "costofGoodsAndServicesSold": "151100000", "operatingIncome": "109200000", "sellingGeneralAndAdministrative": "92600000", "researchAndDevelopment": "0", "operatingExpenses": "113700000", "investmentIncomeNet": "None", "netInterestIncome": "None", "interestIncome": "None", "interestExpense": "7900000", "nonInterestIncome": "None", "otherNonOperatingIncome": "None", "depreciation": "None", "depreciationAndAmortization": "21100000", "incomeBeforeTax": "100900000", "incomeTaxExpense": "38000000", "interestAndDebtExpense": "None", "netIncomeFromContinuingOperations": "0", "comprehensiveIncomeNetOfTax": "None", "ebit": "109200000", "ebitda": "130300000", "netIncome": "62900000"}, {"fiscalDateEnding": "2005-12-31", "reportedCurrency": "USD", "grossProfit": "210400000", "totalRevenue": "361300000", "costOfRevenue": "150900000", "costofGoodsAndServicesSold": "150900000", "operatingIncome": "106000000", "sellingGeneralAndAdministrative": "82700000", "researchAndDevelopment": "0", "operatingExpenses": "104400000", "investmentIncomeNet": "None", "netInterestIncome": "None", "interestIncome": "None", "interestExpense": "35600000", "nonInterestIncome": "None", "otherNonOperatingIncome": "None", "depreciation": "None", "depreciationAndAmortization": "21700000", "incomeBeforeTax": "95900000", "incomeTaxExpense": "33100000", "interestAndDebtExpense": "None", "netIncomeFromContinuingOperations": "0", "comprehensiveIncomeNetOfTax": "None", "ebit": "106000000", "ebitda": "127700000", "netIncome": "62800000"}, {"fiscalDateEnding": "2005-09-30", "reportedCurrency": "USD", "grossProfit": "222300000", "totalRevenue": "375300000", "costOfRevenue": "153000000", "costofGoodsAndServicesSold": "153000000", "operatingIncome": "107300000", "sellingGeneralAndAdministrative": "94500000", "researchAndDevelopment": "0", "operatingExpenses": "115000000", "investmentIncomeNet": "None", "netInterestIncome": "None", "interestIncome": "None", "interestExpense": "8600000", "nonInterestIncome": "None", "otherNonOperatingIncome": "None", "depreciation": "None", "depreciationAndAmortization": "20500000", "incomeBeforeTax": "102500000", "incomeTaxExpense": "40000000", "interestAndDebtExpense": "None", "netIncomeFromContinuingOperations": "0", "comprehensiveIncomeNetOfTax": "None", "ebit": "107300000", "ebitda": "127800000", "netIncome": "62500000"}, {"fiscalDateEnding": "2005-06-30", "reportedCurrency": "USD", "grossProfit": "215600000", "totalRevenue": "363400000", "costOfRevenue": "147800000", "costofGoodsAndServicesSold": "147800000", "operatingIncome": "106700000", "sellingGeneralAndAdministrative": "88800000", "researchAndDevelopment": "0", "operatingExpenses": "108900000", "investmentIncomeNet": "None", "netInterestIncome": "None", "interestIncome": "None", "interestExpense": "9800000", "nonInterestIncome": "None", "otherNonOperatingIncome": "None", "depreciation": "None", "depreciationAndAmortization": "20100000", "incomeBeforeTax": "98000000", "incomeTaxExpense": "35400000", "interestAndDebtExpense": "None", "netIncomeFromContinuingOperations": "0", "comprehensiveIncomeNetOfTax": "None", "ebit": "106700000", "ebitda": "126800000", "netIncome": "62600000"}, {"fiscalDateEnding": "2005-03-31", "reportedCurrency": "USD", "grossProfit": "200900000", "totalRevenue": "343400000", "costOfRevenue": "142500000", "costofGoodsAndServicesSold": "142500000", "operatingIncome": "102000000", "sellingGeneralAndAdministrative": "79000000", "researchAndDevelopment": "0", "operatingExpenses": "98900000", "investmentIncomeNet": "None", "netInterestIncome": "None", "interestIncome": "None", "interestExpense": "9100000", "nonInterestIncome": "None", "otherNonOperatingIncome": "None", "depreciation": "None", "depreciationAndAmortization": "19900000", "incomeBeforeTax": "94300000", "incomeTaxExpense": "35700000", "interestAndDebtExpense": "None", "netIncomeFromContinuingOperations": "0", "comprehensiveIncomeNetOfTax": "None", "ebit": "102000000", "ebitda": "121900000", "netIncome": "58600000"}, {"fiscalDateEnding": "2004-12-31", "reportedCurrency": "USD", "grossProfit": "189900000", "totalRevenue": "317300000", "costOfRevenue": "127400000", "costofGoodsAndServicesSold": "127400000", "operatingIncome": "106300000", "sellingGeneralAndAdministrative": "69000000", "researchAndDevelopment": "0", "operatingExpenses": "81200000", "investmentIncomeNet": "None", "netInterestIncome": "None", "interestIncome": "None", "interestExpense": "34900000", "nonInterestIncome": "None", "otherNonOperatingIncome": "None", "depreciation": "None", "depreciationAndAmortization": "19800000", "incomeBeforeTax": "98600000", "incomeTaxExpense": "38400000", "interestAndDebtExpense": "None", "netIncomeFromContinuingOperations": "0", "comprehensiveIncomeNetOfTax": "None", "ebit": "108700000", "ebitda": "128500000", "netIncome": "57500000"}]}