{"symbol": "INCY", "annualReports": [{"fiscalDateEnding": "2024-12-31", "reportedCurrency": "USD", "grossProfit": "3929149000", "totalRevenue": "4241217000", "costOfRevenue": "312068000", "costofGoodsAndServicesSold": "312068000", "operatingIncome": "61366000", "sellingGeneralAndAdministrative": "1222000000", "researchAndDevelopment": "2606848000", "operatingExpenses": "3867783000", "investmentIncomeNet": "None", "netInterestIncome": "126430000", "interestIncome": "128710000", "interestExpense": "2280000", "nonInterestIncome": "None", "otherNonOperatingIncome": "None", "depreciation": "None", "depreciationAndAmortization": "89248000", "incomeBeforeTax": "316630000", "incomeTaxExpense": "284015000", "interestAndDebtExpense": "None", "netIncomeFromContinuingOperations": "32615000", "comprehensiveIncomeNetOfTax": "None", "ebit": "318910000", "ebitda": "408158000", "netIncome": "32615000"}, {"fiscalDateEnding": "2023-12-31", "reportedCurrency": "USD", "grossProfit": "3440649000", "totalRevenue": "3695649000", "costOfRevenue": "255000000", "costofGoodsAndServicesSold": "255000000", "operatingIncome": "620525000", "sellingGeneralAndAdministrative": "1161300000", "researchAndDevelopment": "1627594000", "operatingExpenses": "2820124000", "investmentIncomeNet": "None", "netInterestIncome": "106203000", "interestIncome": "172348000", "interestExpense": "2551000", "nonInterestIncome": "None", "otherNonOperatingIncome": "None", "depreciation": "None", "depreciationAndAmortization": "82660000", "incomeBeforeTax": "834215000", "incomeTaxExpense": "236616000", "interestAndDebtExpense": "None", "netIncomeFromContinuingOperations": "424981000", "comprehensiveIncomeNetOfTax": "None", "ebit": "836766000", "ebitda": "919426000", "netIncome": "597599000"}, {"fiscalDateEnding": "2022-12-31", "reportedCurrency": "USD", "grossProfit": "3187638000", "totalRevenue": "3394635000", "costOfRevenue": "206997000", "costofGoodsAndServicesSold": "206997000", "operatingIncome": "579440000", "sellingGeneralAndAdministrative": "1002100000", "researchAndDevelopment": "1585936000", "operatingExpenses": "2596049000", "investmentIncomeNet": "None", "netInterestIncome": "-2666000", "interestIncome": "39932000", "interestExpense": "2666000", "nonInterestIncome": "None", "otherNonOperatingIncome": "39932000", "depreciation": "None", "depreciationAndAmortization": "67855000", "incomeBeforeTax": "529116000", "incomeTaxExpense": "188456000", "interestAndDebtExpense": "None", "netIncomeFromContinuingOperations": "340660000", "comprehensiveIncomeNetOfTax": "None", "ebit": "531782000", "ebitda": "599637000", "netIncome": "340660000"}, {"fiscalDateEnding": "2021-12-31", "reportedCurrency": "USD", "grossProfit": "2835276000", "totalRevenue": "2986267000", "costOfRevenue": "150991000", "costofGoodsAndServicesSold": "150991000", "operatingIncome": "585777000", "sellingGeneralAndAdministrative": "739600000", "researchAndDevelopment": "1458179000", "operatingExpenses": "2234758000", "investmentIncomeNet": "None", "netInterestIncome": "-1908000", "interestIncome": "10647000", "interestExpense": "1908000", "nonInterestIncome": "None", "otherNonOperatingIncome": "10647000", "depreciation": "None", "depreciationAndAmortization": "57844000", "incomeBeforeTax": "570444000", "incomeTaxExpense": "-378137000", "interestAndDebtExpense": "None", "netIncomeFromContinuingOperations": "948581000", "comprehensiveIncomeNetOfTax": "None", "ebit": "572352000", "ebitda": "630196000", "netIncome": "948581000"}, {"fiscalDateEnding": "2020-12-31", "reportedCurrency": "USD", "grossProfit": "2535374000", "totalRevenue": "2666702000", "costOfRevenue": "131328000", "costofGoodsAndServicesSold": "131328000", "operatingIncome": "-240291000", "sellingGeneralAndAdministrative": "516900000", "researchAndDevelopment": "2215942000", "operatingExpenses": "2775665000", "investmentIncomeNet": "None", "netInterestIncome": "-2174000", "interestIncome": "None", "interestExpense": "2174000", "nonInterestIncome": "None", "otherNonOperatingIncome": "23206000", "depreciation": "None", "depreciationAndAmortization": "51807000", "incomeBeforeTax": "-232218000", "incomeTaxExpense": "63479000", "interestAndDebtExpense": "None", "netIncomeFromContinuingOperations": "-295697000", "comprehensiveIncomeNetOfTax": "None", "ebit": "-230044000", "ebitda": "-178237000", "netIncome": "-295697000"}, {"fiscalDateEnding": "2019-12-31", "reportedCurrency": "USD", "grossProfit": "2044510000", "totalRevenue": "2158759000", "costOfRevenue": "114249000", "costofGoodsAndServicesSold": "114249000", "operatingIncome": "402006000", "sellingGeneralAndAdministrative": "453411000", "researchAndDevelopment": "1154111000", "operatingExpenses": "1622822000", "investmentIncomeNet": "None", "netInterestIncome": "-1855000", "interestIncome": "84785000", "interestExpense": "1855000", "nonInterestIncome": "None", "otherNonOperatingIncome": "52182000", "depreciation": "None", "depreciationAndAmortization": "54533000", "incomeBeforeTax": "486791000", "incomeTaxExpense": "39885000", "interestAndDebtExpense": "None", "netIncomeFromContinuingOperations": "446906000", "comprehensiveIncomeNetOfTax": "None", "ebit": "421123000", "ebitda": "475656000", "netIncome": "446906000"}, {"fiscalDateEnding": "2018-12-31", "reportedCurrency": "USD", "grossProfit": "1787760000", "totalRevenue": "1881883000", "costOfRevenue": "94123000", "costofGoodsAndServicesSold": "94123000", "operatingIncome": "129223000", "sellingGeneralAndAdministrative": "434407000", "researchAndDevelopment": "1197957000", "operatingExpenses": "1632364000", "investmentIncomeNet": "None", "netInterestIncome": "-1543000", "interestIncome": "45636000", "interestExpense": "1543000", "nonInterestIncome": "None", "otherNonOperatingIncome": "31760000", "depreciation": "None", "depreciationAndAmortization": "54969000", "incomeBeforeTax": "115347000", "incomeTaxExpense": "5854000", "interestAndDebtExpense": "None", "netIncomeFromContinuingOperations": "109493000", "comprehensiveIncomeNetOfTax": "None", "ebit": "154869000", "ebitda": "209838000", "netIncome": "109493000"}, {"fiscalDateEnding": "2017-12-31", "reportedCurrency": "USD", "grossProfit": "1456737000", "totalRevenue": "1536216000", "costOfRevenue": "79479000", "costofGoodsAndServicesSold": "79479000", "operatingIncome": "-243734000", "sellingGeneralAndAdministrative": "366406000", "researchAndDevelopment": "1326361000", "operatingExpenses": "1692767000", "investmentIncomeNet": "None", "netInterestIncome": "10600000", "interestIncome": "17500000", "interestExpense": "6900000", "nonInterestIncome": "None", "otherNonOperatingIncome": "-61656000", "depreciation": "None", "depreciationAndAmortization": "52178000", "incomeBeforeTax": "-312290000", "incomeTaxExpense": "852000", "interestAndDebtExpense": "None", "netIncomeFromContinuingOperations": "-313142000", "comprehensiveIncomeNetOfTax": "None", "ebit": "-305390000", "ebitda": "-253212000", "netIncome": "-313142000"}, {"fiscalDateEnding": "2016-12-31", "reportedCurrency": "USD", "grossProfit": "1047532000", "totalRevenue": "1105719000", "costOfRevenue": "58187000", "costofGoodsAndServicesSold": "58187000", "operatingIncome": "144998000", "sellingGeneralAndAdministrative": "303251000", "researchAndDevelopment": "581861000", "operatingExpenses": "885112000", "investmentIncomeNet": "None", "netInterestIncome": "-34333000", "interestIncome": "4412000", "interestExpense": "38745000", "nonInterestIncome": "None", "otherNonOperatingIncome": "1151000", "depreciation": "None", "depreciationAndAmortization": "58425000", "incomeBeforeTax": "107404000", "incomeTaxExpense": "3182000", "interestAndDebtExpense": "None", "netIncomeFromContinuingOperations": "104222000", "comprehensiveIncomeNetOfTax": "None", "ebit": "146149000", "ebitda": "204574000", "netIncome": "104222000"}, {"fiscalDateEnding": "2015-12-31", "reportedCurrency": "USD", "grossProfit": "726779000", "totalRevenue": "753751000", "costOfRevenue": "26972000", "costofGoodsAndServicesSold": "26972000", "operatingIncome": "50651000", "sellingGeneralAndAdministrative": "196614000", "researchAndDevelopment": "479514000", "operatingExpenses": "676128000", "investmentIncomeNet": "None", "netInterestIncome": "None", "interestIncome": "43095000", "interestExpense": "45603000", "nonInterestIncome": "None", "otherNonOperatingIncome": "2508000", "depreciation": "None", "depreciationAndAmortization": "44883000", "incomeBeforeTax": "7556000", "incomeTaxExpense": "1025000", "interestAndDebtExpense": "None", "netIncomeFromContinuingOperations": "6531000", "comprehensiveIncomeNetOfTax": "None", "ebit": "53159000", "ebitda": "98042000", "netIncome": "6531000"}, {"fiscalDateEnding": "2014-12-31", "reportedCurrency": "USD", "grossProfit": "508491000", "totalRevenue": "511495000", "costOfRevenue": "3004000", "costofGoodsAndServicesSold": "3004000", "operatingIncome": "-4804000", "sellingGeneralAndAdministrative": "165772000", "researchAndDevelopment": "347523000", "operatingExpenses": "513295000", "investmentIncomeNet": "None", "netInterestIncome": "None", "interestIncome": "None", "interestExpense": "46828000", "nonInterestIncome": "None", "otherNonOperatingIncome": "3085000", "depreciation": "None", "depreciationAndAmortization": "41413000", "incomeBeforeTax": "-48547000", "incomeTaxExpense": "-66000", "interestAndDebtExpense": "None", "netIncomeFromContinuingOperations": "-48481000", "comprehensiveIncomeNetOfTax": "None", "ebit": "-1454000", "ebitda": "39959000", "netIncome": "-48481000"}, {"fiscalDateEnding": "2013-12-31", "reportedCurrency": "USD", "grossProfit": "354317000", "totalRevenue": "354947000", "costOfRevenue": "630000", "costofGoodsAndServicesSold": "630000", "operatingIncome": "-16102000", "sellingGeneralAndAdministrative": "109983000", "researchAndDevelopment": "260436000", "operatingExpenses": "370419000", "investmentIncomeNet": "None", "netInterestIncome": "None", "interestIncome": "None", "interestExpense": "38652000", "nonInterestIncome": "None", "otherNonOperatingIncome": "-10160000", "depreciation": "None", "depreciationAndAmortization": "29207000", "incomeBeforeTax": "-82848000", "incomeTaxExpense": "299000", "interestAndDebtExpense": "None", "netIncomeFromContinuingOperations": "-83147000", "comprehensiveIncomeNetOfTax": "None", "ebit": "-44196000", "ebitda": "-14989000", "netIncome": "-83147000"}, {"fiscalDateEnding": "2012-12-31", "reportedCurrency": "USD", "grossProfit": "296902000", "totalRevenue": "297059000", "costOfRevenue": "157000", "costofGoodsAndServicesSold": "157000", "operatingIncome": "1148000", "sellingGeneralAndAdministrative": "85363000", "researchAndDevelopment": "210391000", "operatingExpenses": "295754000", "investmentIncomeNet": "None", "netInterestIncome": "None", "interestIncome": "None", "interestExpense": "46058000", "nonInterestIncome": "None", "otherNonOperatingIncome": "764000", "depreciation": "None", "depreciationAndAmortization": "29979000", "incomeBeforeTax": "-44146000", "incomeTaxExpense": "174000", "interestAndDebtExpense": "None", "netIncomeFromContinuingOperations": "-44320000", "comprehensiveIncomeNetOfTax": "None", "ebit": "1912000", "ebitda": "31891000", "netIncome": "-44320000"}, {"fiscalDateEnding": "2011-12-31", "reportedCurrency": "USD", "grossProfit": "94455000", "totalRevenue": "94455000", "costOfRevenue": "234726000", "costofGoodsAndServicesSold": "234726000", "operatingIncome": "-143183000", "sellingGeneralAndAdministrative": "58219000", "researchAndDevelopment": "178707000", "operatingExpenses": "237638000", "investmentIncomeNet": "None", "netInterestIncome": "None", "interestIncome": "None", "interestExpense": "43819000", "nonInterestIncome": "None", "otherNonOperatingIncome": "462000", "depreciation": "None", "depreciationAndAmortization": "26990000", "incomeBeforeTax": "-186540000", "incomeTaxExpense": "-26990000", "interestAndDebtExpense": "None", "netIncomeFromContinuingOperations": "-186540000", "comprehensiveIncomeNetOfTax": "None", "ebit": "-143183000", "ebitda": "-116193000", "netIncome": "-186540000"}, {"fiscalDateEnding": "2010-12-31", "reportedCurrency": "USD", "grossProfit": "169878000", "totalRevenue": "169878000", "costOfRevenue": "155108000", "costofGoodsAndServicesSold": "155108000", "operatingIncome": "14049000", "sellingGeneralAndAdministrative": "32328000", "researchAndDevelopment": "123880000", "operatingExpenses": "155829000", "investmentIncomeNet": "None", "netInterestIncome": "None", "interestIncome": "None", "interestExpense": "43323000", "nonInterestIncome": "None", "otherNonOperatingIncome": "None", "depreciation": "None", "depreciationAndAmortization": "24485000", "incomeBeforeTax": "-31846000", "incomeTaxExpense": "21410000", "interestAndDebtExpense": "None", "netIncomeFromContinuingOperations": "None", "comprehensiveIncomeNetOfTax": "None", "ebit": "11476999", "ebitda": "35961999", "netIncome": "-31846000"}, {"fiscalDateEnding": "2009-12-31", "reportedCurrency": "USD", "grossProfit": "9265000", "totalRevenue": "9265000", "costOfRevenue": "145541000", "costofGoodsAndServicesSold": "145541000", "operatingIncome": "-139768000", "sellingGeneralAndAdministrative": "27580000", "researchAndDevelopment": "119442000", "operatingExpenses": "149033000", "investmentIncomeNet": "None", "netInterestIncome": "None", "interestIncome": "None", "interestExpense": "32125000", "nonInterestIncome": "None", "otherNonOperatingIncome": "None", "depreciation": "None", "depreciationAndAmortization": "16690000", "incomeBeforeTax": "-211870000", "incomeTaxExpense": "55412000", "interestAndDebtExpense": "None", "netIncomeFromContinuingOperations": "None", "comprehensiveIncomeNetOfTax": "None", "ebit": "-139768000", "ebitda": "-123078000", "netIncome": "-211870000"}, {"fiscalDateEnding": "2008-12-31", "reportedCurrency": "USD", "grossProfit": "3919000", "totalRevenue": "3919000", "costOfRevenue": "161310000", "costofGoodsAndServicesSold": "161310000", "operatingIncome": "-159289000", "sellingGeneralAndAdministrative": "17073000", "researchAndDevelopment": "146362000", "operatingExpenses": "163208000", "investmentIncomeNet": "None", "netInterestIncome": "None", "interestIncome": "None", "interestExpense": "5306000", "nonInterestIncome": "None", "otherNonOperatingIncome": "None", "depreciation": "None", "depreciationAndAmortization": "13071000", "incomeBeforeTax": "-178920000", "incomeTaxExpense": "19631000", "interestAndDebtExpense": "None", "netIncomeFromContinuingOperations": "None", "comprehensiveIncomeNetOfTax": "None", "ebit": "-159289000", "ebitda": "-146218000", "netIncome": "-178920000"}, {"fiscalDateEnding": "2007-12-31", "reportedCurrency": "USD", "grossProfit": "34440000", "totalRevenue": "34440000", "costOfRevenue": "116296000", "costofGoodsAndServicesSold": "116296000", "operatingIncome": "-85280000", "sellingGeneralAndAdministrative": "15238000", "researchAndDevelopment": "104889000", "operatingExpenses": "119720000", "investmentIncomeNet": "None", "netInterestIncome": "None", "interestIncome": "None", "interestExpense": "22431000", "nonInterestIncome": "None", "otherNonOperatingIncome": "None", "depreciation": "None", "depreciationAndAmortization": "12963000", "incomeBeforeTax": "-86881000", "incomeTaxExpense": "1601000", "interestAndDebtExpense": "None", "netIncomeFromContinuingOperations": "None", "comprehensiveIncomeNetOfTax": "None", "ebit": "-85280000", "ebitda": "-72317000", "netIncome": "-86881000"}, {"fiscalDateEnding": "2006-12-31", "reportedCurrency": "USD", "grossProfit": "27643000", "totalRevenue": "27643000", "costOfRevenue": "97997000", "costofGoodsAndServicesSold": "97997000", "operatingIncome": "-76864000", "sellingGeneralAndAdministrative": "16911000", "researchAndDevelopment": "87596000", "operatingExpenses": "104507000", "investmentIncomeNet": "None", "netInterestIncome": "None", "interestIncome": "None", "interestExpense": "12527000", "nonInterestIncome": "None", "otherNonOperatingIncome": "None", "depreciation": "None", "depreciationAndAmortization": "7411000", "incomeBeforeTax": "-74166000", "incomeTaxExpense": "-552000", "interestAndDebtExpense": "None", "netIncomeFromContinuingOperations": "None", "comprehensiveIncomeNetOfTax": "None", "ebit": "-84275000", "ebitda": "-76864000", "netIncome": "-74166000"}, {"fiscalDateEnding": "2005-12-31", "reportedCurrency": "USD", "grossProfit": "7846000", "totalRevenue": "7846000", "costOfRevenue": "103049000", "costofGoodsAndServicesSold": "103049000", "operatingIncome": "-100784000", "sellingGeneralAndAdministrative": "13012000", "researchAndDevelopment": "95618000", "operatingExpenses": "108630000", "investmentIncomeNet": "None", "netInterestIncome": "None", "interestIncome": "None", "interestExpense": "12527000", "nonInterestIncome": "None", "otherNonOperatingIncome": "None", "depreciation": "None", "depreciationAndAmortization": "8192000", "incomeBeforeTax": "-103909000", "incomeTaxExpense": "-552000", "interestAndDebtExpense": "None", "netIncomeFromContinuingOperations": "None", "comprehensiveIncomeNetOfTax": "None", "ebit": "-100784000", "ebitda": "-92592000", "netIncome": "-103043000"}], "quarterlyReports": [{"fiscalDateEnding": "2024-12-31", "reportedCurrency": "USD", "grossProfit": "1090198000", "totalRevenue": "1178698000", "costOfRevenue": "88500000", "costofGoodsAndServicesSold": "88500000", "operatingIncome": "301513000", "sellingGeneralAndAdministrative": "326800000", "researchAndDevelopment": "466034000", "operatingExpenses": "788685000", "investmentIncomeNet": "None", "netInterestIncome": "9583000", "interestIncome": "10002000", "interestExpense": "419000", "nonInterestIncome": "None", "otherNonOperatingIncome": "None", "depreciation": "None", "depreciationAndAmortization": "22733000", "incomeBeforeTax": "313724000", "incomeTaxExpense": "112512000", "interestAndDebtExpense": "None", "netIncomeFromContinuingOperations": "201212000", "comprehensiveIncomeNetOfTax": "None", "ebit": "314143000", "ebitda": "336876000", "netIncome": "201212000"}, {"fiscalDateEnding": "2024-09-30", "reportedCurrency": "USD", "grossProfit": "1051871000", "totalRevenue": "1137871000", "costOfRevenue": "86000000", "costofGoodsAndServicesSold": "86000000", "operatingIncome": "146085000", "sellingGeneralAndAdministrative": "309200000", "researchAndDevelopment": "573174000", "operatingExpenses": "905793000", "investmentIncomeNet": "None", "netInterestIncome": "23421000", "interestIncome": "24195000", "interestExpense": "774000", "nonInterestIncome": "None", "otherNonOperatingIncome": "None", "depreciation": "None", "depreciationAndAmortization": "22520000", "incomeBeforeTax": "156524000", "incomeTaxExpense": "50068000", "interestAndDebtExpense": "None", "netIncomeFromContinuingOperations": "106456000", "comprehensiveIncomeNetOfTax": "None", "ebit": "157298000", "ebitda": "179818000", "netIncome": "106456000"}, {"fiscalDateEnding": "2024-06-30", "reportedCurrency": "USD", "grossProfit": "950777000", "totalRevenue": "1043759000", "costOfRevenue": "92982000", "costofGoodsAndServicesSold": "92982000", "operatingIncome": "-477237000", "sellingGeneralAndAdministrative": "285800000", "researchAndDevelopment": "1138380000", "operatingExpenses": "1428014000", "investmentIncomeNet": "None", "netInterestIncome": "49112000", "interestIncome": "49769000", "interestExpense": "657000", "nonInterestIncome": "None", "otherNonOperatingIncome": "None", "depreciation": "None", "depreciationAndAmortization": "22048000", "incomeBeforeTax": "-389777000", "incomeTaxExpense": "54824000", "interestAndDebtExpense": "None", "netIncomeFromContinuingOperations": "-444601000", "comprehensiveIncomeNetOfTax": "None", "ebit": "-389120000", "ebitda": "-367072000", "netIncome": "-444601000"}, {"fiscalDateEnding": "2024-03-31", "reportedCurrency": "USD", "grossProfit": "819889000", "totalRevenue": "880889000", "costOfRevenue": "61000000", "costofGoodsAndServicesSold": "61000000", "operatingIncome": "91898000", "sellingGeneralAndAdministrative": "300300000", "researchAndDevelopment": "429260000", "operatingExpenses": "728535000", "investmentIncomeNet": "None", "netInterestIncome": "44314000", "interestIncome": "44744000", "interestExpense": "430000", "nonInterestIncome": "None", "otherNonOperatingIncome": "None", "depreciation": "None", "depreciationAndAmortization": "21947000", "incomeBeforeTax": "236159000", "incomeTaxExpense": "66611000", "interestAndDebtExpense": "None", "netIncomeFromContinuingOperations": "169548000", "comprehensiveIncomeNetOfTax": "None", "ebit": "92196000", "ebitda": "114143000", "netIncome": "169548000"}, {"fiscalDateEnding": "2023-12-31", "reportedCurrency": "USD", "grossProfit": "943541000", "totalRevenue": "1013341000", "costOfRevenue": "69800000", "costofGoodsAndServicesSold": "69800000", "operatingIncome": "187270000", "sellingGeneralAndAdministrative": "293900000", "researchAndDevelopment": "444494000", "operatingExpenses": "741297000", "investmentIncomeNet": "None", "netInterestIncome": "49632000", "interestIncome": "50436000", "interestExpense": "804000", "nonInterestIncome": "None", "otherNonOperatingIncome": "None", "depreciation": "None", "depreciationAndAmortization": "21762000", "incomeBeforeTax": "270956000", "incomeTaxExpense": "69877000", "interestAndDebtExpense": "None", "netIncomeFromContinuingOperations": "201079000", "comprehensiveIncomeNetOfTax": "None", "ebit": "271760000", "ebitda": "293522000", "netIncome": "201079000"}, {"fiscalDateEnding": "2023-09-30", "reportedCurrency": "USD", "grossProfit": "858934000", "totalRevenue": "919025000", "costOfRevenue": "60091000", "costofGoodsAndServicesSold": "60091000", "operatingIncome": "214705000", "sellingGeneralAndAdministrative": "267900000", "researchAndDevelopment": "375709000", "operatingExpenses": "644655000", "investmentIncomeNet": "None", "netInterestIncome": "45748000", "interestIncome": "46371000", "interestExpense": "623000", "nonInterestIncome": "None", "otherNonOperatingIncome": "None", "depreciation": "None", "depreciationAndAmortization": "21390000", "incomeBeforeTax": "233799000", "incomeTaxExpense": "62530000", "interestAndDebtExpense": "None", "netIncomeFromContinuingOperations": "171269000", "comprehensiveIncomeNetOfTax": "None", "ebit": "215061000", "ebitda": "236451000", "netIncome": "171269000"}, {"fiscalDateEnding": "2023-06-30", "reportedCurrency": "USD", "grossProfit": "886310000", "totalRevenue": "954610000", "costOfRevenue": "68300000", "costofGoodsAndServicesSold": "68300000", "operatingIncome": "193780000", "sellingGeneralAndAdministrative": "283900000", "researchAndDevelopment": "400750000", "operatingExpenses": "684101000", "investmentIncomeNet": "None", "netInterestIncome": "42013000", "interestIncome": "42668000", "interestExpense": "655000", "nonInterestIncome": "None", "otherNonOperatingIncome": "42668000", "depreciation": "None", "depreciationAndAmortization": "20297000", "incomeBeforeTax": "277604000", "incomeTaxExpense": "74056000", "interestAndDebtExpense": "None", "netIncomeFromContinuingOperations": "203548000", "comprehensiveIncomeNetOfTax": "None", "ebit": "202660000", "ebitda": "222957000", "netIncome": "203548000"}, {"fiscalDateEnding": "2023-03-31", "reportedCurrency": "USD", "grossProfit": "751851000", "totalRevenue": "808673000", "costOfRevenue": "56822000", "costofGoodsAndServicesSold": "56822000", "operatingIncome": "90456000", "sellingGeneralAndAdministrative": "315600000", "researchAndDevelopment": "406641000", "operatingExpenses": "720885000", "investmentIncomeNet": "None", "netInterestIncome": "32404000", "interestIncome": "32873000", "interestExpense": "469000", "nonInterestIncome": "None", "otherNonOperatingIncome": "32873000", "depreciation": "None", "depreciationAndAmortization": "19211000", "incomeBeforeTax": "51856000", "incomeTaxExpense": "30153000", "interestAndDebtExpense": "None", "netIncomeFromContinuingOperations": "21703000", "comprehensiveIncomeNetOfTax": "None", "ebit": "31696000", "ebitda": "50907000", "netIncome": "21703000"}, {"fiscalDateEnding": "2022-12-31", "reportedCurrency": "USD", "grossProfit": "867537000", "totalRevenue": "926700000", "costOfRevenue": "59163000", "costofGoodsAndServicesSold": "59163000", "operatingIncome": "102859000", "sellingGeneralAndAdministrative": "272800000", "researchAndDevelopment": "501360000", "operatingExpenses": "773097000", "investmentIncomeNet": "None", "netInterestIncome": "-667000", "interestIncome": "None", "interestExpense": "667000", "nonInterestIncome": "None", "otherNonOperatingIncome": "26637000", "depreciation": "None", "depreciationAndAmortization": "18218000", "incomeBeforeTax": "80615000", "incomeTaxExpense": "52154000", "interestAndDebtExpense": "None", "netIncomeFromContinuingOperations": "28461000", "comprehensiveIncomeNetOfTax": "None", "ebit": "81282000", "ebitda": "99500000", "netIncome": "28461000"}, {"fiscalDateEnding": "2022-09-30", "reportedCurrency": "USD", "grossProfit": "768703000", "totalRevenue": "823303000", "costOfRevenue": "54600000", "costofGoodsAndServicesSold": "54600000", "operatingIncome": "138376000", "sellingGeneralAndAdministrative": "266500000", "researchAndDevelopment": "384007000", "operatingExpenses": "652276000", "investmentIncomeNet": "None", "netInterestIncome": "-641000", "interestIncome": "None", "interestExpense": "641000", "nonInterestIncome": "None", "otherNonOperatingIncome": "11513000", "depreciation": "None", "depreciationAndAmortization": "16692000", "incomeBeforeTax": "148588000", "incomeTaxExpense": "35813000", "interestAndDebtExpense": "None", "netIncomeFromContinuingOperations": "112775000", "comprehensiveIncomeNetOfTax": "None", "ebit": "117148000", "ebitda": "133840000", "netIncome": "112775000"}, {"fiscalDateEnding": "2022-06-30", "reportedCurrency": "USD", "grossProfit": "860761000", "totalRevenue": "911397000", "costOfRevenue": "50636000", "costofGoodsAndServicesSold": "50636000", "operatingIncome": "254431000", "sellingGeneralAndAdministrative": "253300000", "researchAndDevelopment": "347196000", "operatingExpenses": "603017000", "investmentIncomeNet": "None", "netInterestIncome": "-678000", "interestIncome": "None", "interestExpense": "678000", "nonInterestIncome": "None", "otherNonOperatingIncome": "522000", "depreciation": "None", "depreciationAndAmortization": "16507000", "incomeBeforeTax": "229378000", "incomeTaxExpense": "67946000", "interestAndDebtExpense": "None", "netIncomeFromContinuingOperations": "161432000", "comprehensiveIncomeNetOfTax": "None", "ebit": "258435000", "ebitda": "274942000", "netIncome": "161432000"}, {"fiscalDateEnding": "2022-03-31", "reportedCurrency": "USD", "grossProfit": "690621000", "totalRevenue": "733235000", "costOfRevenue": "42614000", "costofGoodsAndServicesSold": "42614000", "operatingIncome": "116540000", "sellingGeneralAndAdministrative": "209600000", "researchAndDevelopment": "353373000", "operatingExpenses": "567699000", "investmentIncomeNet": "None", "netInterestIncome": "-680000", "interestIncome": "None", "interestExpense": "680000", "nonInterestIncome": "None", "otherNonOperatingIncome": "1260000", "depreciation": "None", "depreciationAndAmortization": "16437999", "incomeBeforeTax": "70535000", "incomeTaxExpense": "32543000", "interestAndDebtExpense": "None", "netIncomeFromContinuingOperations": "37992000", "comprehensiveIncomeNetOfTax": "None", "ebit": "123647001", "ebitda": "140085000", "netIncome": "37992000"}, {"fiscalDateEnding": "2021-12-31", "reportedCurrency": "USD", "grossProfit": "818979000", "totalRevenue": "862853000", "costOfRevenue": "43874000", "costofGoodsAndServicesSold": "43874000", "operatingIncome": "110734000", "sellingGeneralAndAdministrative": "226200000", "researchAndDevelopment": "472827000", "operatingExpenses": "706572000", "investmentIncomeNet": "None", "netInterestIncome": "-752000", "interestIncome": "None", "interestExpense": "752000", "nonInterestIncome": "None", "otherNonOperatingIncome": "5716000", "depreciation": "None", "depreciationAndAmortization": "14858000", "incomeBeforeTax": "120020000", "incomeTaxExpense": "-443831000", "interestAndDebtExpense": "None", "netIncomeFromContinuingOperations": "563851000", "comprehensiveIncomeNetOfTax": "None", "ebit": "120772000", "ebitda": "135630000", "netIncome": "563851000"}, {"fiscalDateEnding": "2021-09-30", "reportedCurrency": "USD", "grossProfit": "773087000", "totalRevenue": "812987000", "costOfRevenue": "39900000", "costofGoodsAndServicesSold": "39900000", "operatingIncome": "235410000", "sellingGeneralAndAdministrative": "190700000", "researchAndDevelopment": "334945000", "operatingExpenses": "534794000", "investmentIncomeNet": "None", "netInterestIncome": "-439000", "interestIncome": "None", "interestExpense": "439000", "nonInterestIncome": "None", "otherNonOperatingIncome": "1948000", "depreciation": "None", "depreciationAndAmortization": "14691000", "incomeBeforeTax": "209469000", "incomeTaxExpense": "27730000", "interestAndDebtExpense": "None", "netIncomeFromContinuingOperations": "181739000", "comprehensiveIncomeNetOfTax": "None", "ebit": "209908000", "ebitda": "224599000", "netIncome": "181739000"}, {"fiscalDateEnding": "2021-06-30", "reportedCurrency": "USD", "grossProfit": "667709000", "totalRevenue": "705709000", "costOfRevenue": "38000000", "costofGoodsAndServicesSold": "38000000", "operatingIncome": "140836000", "sellingGeneralAndAdministrative": "168900000", "researchAndDevelopment": "343511000", "operatingExpenses": "522254000", "investmentIncomeNet": "None", "netInterestIncome": "-358000", "interestIncome": "None", "interestExpense": "358000", "nonInterestIncome": "None", "otherNonOperatingIncome": "4390000", "depreciation": "None", "depreciationAndAmortization": "14457000", "incomeBeforeTax": "171633000", "incomeTaxExpense": "22177000", "interestAndDebtExpense": "None", "netIncomeFromContinuingOperations": "149456000", "comprehensiveIncomeNetOfTax": "None", "ebit": "171991000", "ebitda": "186448000", "netIncome": "149456000"}, {"fiscalDateEnding": "2021-03-31", "reportedCurrency": "USD", "grossProfit": "575498000", "totalRevenue": "604718000", "costOfRevenue": "29220000", "costofGoodsAndServicesSold": "29220000", "operatingIncome": "98797000", "sellingGeneralAndAdministrative": "153800000", "researchAndDevelopment": "306896000", "operatingExpenses": "471175000", "investmentIncomeNet": "None", "netInterestIncome": "-359000", "interestIncome": "None", "interestExpense": "359000", "nonInterestIncome": "None", "otherNonOperatingIncome": "-1407000", "depreciation": "None", "depreciationAndAmortization": "13838000", "incomeBeforeTax": "69322000", "incomeTaxExpense": "15787000", "interestAndDebtExpense": "None", "netIncomeFromContinuingOperations": "53535000", "comprehensiveIncomeNetOfTax": "None", "ebit": "103974000", "ebitda": "117812000", "netIncome": "53535000"}, {"fiscalDateEnding": "2020-12-31", "reportedCurrency": "USD", "grossProfit": "753186000", "totalRevenue": "789509000", "costOfRevenue": "36323000", "costofGoodsAndServicesSold": "36323000", "operatingIncome": "164229000", "sellingGeneralAndAdministrative": "167000000", "researchAndDevelopment": "405945000", "operatingExpenses": "585362000", "investmentIncomeNet": "None", "netInterestIncome": "-428000", "interestIncome": "None", "interestExpense": "428000", "nonInterestIncome": "None", "otherNonOperatingIncome": "4810000", "depreciation": "None", "depreciationAndAmortization": "13166000", "incomeBeforeTax": "168102000", "incomeTaxExpense": "18252000", "interestAndDebtExpense": "None", "netIncomeFromContinuingOperations": "149850000", "comprehensiveIncomeNetOfTax": "None", "ebit": "168530000", "ebitda": "181696000", "netIncome": "149850000"}, {"fiscalDateEnding": "2020-09-30", "reportedCurrency": "USD", "grossProfit": "586343000", "totalRevenue": "620643000", "costOfRevenue": "34300000", "costofGoodsAndServicesSold": "34300000", "operatingIncome": "5326000", "sellingGeneralAndAdministrative": "120800000", "researchAndDevelopment": "438109000", "operatingExpenses": "573898000", "investmentIncomeNet": "None", "netInterestIncome": "-544000", "interestIncome": "None", "interestExpense": "544000", "nonInterestIncome": "None", "otherNonOperatingIncome": "4917000", "depreciation": "None", "depreciationAndAmortization": "12949000", "incomeBeforeTax": "-3508000", "incomeTaxExpense": "11695000", "interestAndDebtExpense": "None", "netIncomeFromContinuingOperations": "-15203000", "comprehensiveIncomeNetOfTax": "None", "ebit": "-2964001", "ebitda": "9984999", "netIncome": "-15203000"}, {"fiscalDateEnding": "2020-06-30", "reportedCurrency": "USD", "grossProfit": "654643000", "totalRevenue": "688043000", "costOfRevenue": "33400000", "costofGoodsAndServicesSold": "33400000", "operatingIncome": "230773000", "sellingGeneralAndAdministrative": "118000000", "researchAndDevelopment": "286601000", "operatingExpenses": "417854000", "investmentIncomeNet": "None", "netInterestIncome": "-600000", "interestIncome": "None", "interestExpense": "600000", "nonInterestIncome": "None", "otherNonOperatingIncome": "4817000", "depreciation": "None", "depreciationAndAmortization": "12594000", "incomeBeforeTax": "307264000", "incomeTaxExpense": "16966000", "interestAndDebtExpense": "None", "netIncomeFromContinuingOperations": "290298000", "comprehensiveIncomeNetOfTax": "None", "ebit": "307864000", "ebitda": "320458000", "netIncome": "290298000"}, {"fiscalDateEnding": "2020-03-31", "reportedCurrency": "USD", "grossProfit": "541188000", "totalRevenue": "568507000", "costOfRevenue": "27319000", "costofGoodsAndServicesSold": "27319000", "operatingIncome": "-664004000", "sellingGeneralAndAdministrative": "111100000", "researchAndDevelopment": "1085287000", "operatingExpenses": "1198565000", "investmentIncomeNet": "None", "netInterestIncome": "-602000", "interestIncome": "40072000", "interestExpense": "602000", "nonInterestIncome": "None", "otherNonOperatingIncome": "8662000", "depreciation": "None", "depreciationAndAmortization": "13098000", "incomeBeforeTax": "-704076000", "incomeTaxExpense": "16566000", "interestAndDebtExpense": "None", "netIncomeFromContinuingOperations": "-720642000", "comprehensiveIncomeNetOfTax": "None", "ebit": "-703474000", "ebitda": "-690376000", "netIncome": "-720642000"}, {"fiscalDateEnding": "2019-12-31", "reportedCurrency": "USD", "grossProfit": "547174000", "totalRevenue": "579389000", "costOfRevenue": "32215000", "costofGoodsAndServicesSold": "32215000", "operatingIncome": "95008000", "sellingGeneralAndAdministrative": "332534000", "researchAndDevelopment": "312867000", "operatingExpenses": "449044000", "investmentIncomeNet": "None", "netInterestIncome": "-607000", "interestIncome": "30996000", "interestExpense": "607000", "nonInterestIncome": "None", "otherNonOperatingIncome": "15848000", "depreciation": "None", "depreciationAndAmortization": "13345000", "incomeBeforeTax": "126004000", "incomeTaxExpense": "14999000", "interestAndDebtExpense": "None", "netIncomeFromContinuingOperations": "111005000", "comprehensiveIncomeNetOfTax": "None", "ebit": "126611000", "ebitda": "139956000", "netIncome": "111005000"}, {"fiscalDateEnding": "2019-09-30", "reportedCurrency": "USD", "grossProfit": "521541000", "totalRevenue": "551581000", "costOfRevenue": "30040000", "costofGoodsAndServicesSold": "30040000", "operatingIncome": "134316000", "sellingGeneralAndAdministrative": "102600000", "researchAndDevelopment": "281336000", "operatingExpenses": "383944000", "investmentIncomeNet": "None", "netInterestIncome": "-597000", "interestIncome": "13703000", "interestExpense": "597000", "nonInterestIncome": "None", "otherNonOperatingIncome": "11961000", "depreciation": "None", "depreciationAndAmortization": "13862000", "incomeBeforeTax": "148019000", "incomeTaxExpense": "19748000", "interestAndDebtExpense": "None", "netIncomeFromContinuingOperations": "128271000", "comprehensiveIncomeNetOfTax": "None", "ebit": "148616000", "ebitda": "162478000", "netIncome": "128271000"}, {"fiscalDateEnding": "2019-06-30", "reportedCurrency": "USD", "grossProfit": "500526000", "totalRevenue": "529932000", "costOfRevenue": "29406000", "costofGoodsAndServicesSold": "29406000", "operatingIncome": "98612000", "sellingGeneralAndAdministrative": "105900000", "researchAndDevelopment": "289363000", "operatingExpenses": "395306000", "investmentIncomeNet": "None", "netInterestIncome": "-316000", "interestIncome": "10059000", "interestExpense": "316000", "nonInterestIncome": "None", "otherNonOperatingIncome": "15000000", "depreciation": "None", "depreciationAndAmortization": "13435000", "incomeBeforeTax": "108671000", "incomeTaxExpense": "3353000", "interestAndDebtExpense": "None", "netIncomeFromContinuingOperations": "105318000", "comprehensiveIncomeNetOfTax": "None", "ebit": "108987000", "ebitda": "122422000", "netIncome": "105318000"}, {"fiscalDateEnding": "2019-03-31", "reportedCurrency": "USD", "grossProfit": "475269000", "totalRevenue": "497857000", "costOfRevenue": "22588000", "costofGoodsAndServicesSold": "22588000", "operatingIncome": "74070000", "sellingGeneralAndAdministrative": "123983000", "researchAndDevelopment": "270545000", "operatingExpenses": "394528000", "investmentIncomeNet": "None", "netInterestIncome": "-335000", "interestIncome": "30027000", "interestExpense": "335000", "nonInterestIncome": "None", "otherNonOperatingIncome": "9373000", "depreciation": "None", "depreciationAndAmortization": "13891000", "incomeBeforeTax": "104097000", "incomeTaxExpense": "1785000", "interestAndDebtExpense": "None", "netIncomeFromContinuingOperations": "102312000", "comprehensiveIncomeNetOfTax": "None", "ebit": "104432000", "ebitda": "118323000", "netIncome": "102312000"}, {"fiscalDateEnding": "2018-12-31", "reportedCurrency": "USD", "grossProfit": "502036000", "totalRevenue": "528402000", "costOfRevenue": "26366000", "costofGoodsAndServicesSold": "26366000", "operatingIncome": "81975000", "sellingGeneralAndAdministrative": "326049000", "researchAndDevelopment": "304238000", "operatingExpenses": "412596000", "investmentIncomeNet": "None", "netInterestIncome": "None", "interestIncome": "None", "interestExpense": "355000", "nonInterestIncome": "None", "otherNonOperatingIncome": "11279000", "depreciation": "None", "depreciationAndAmortization": "14226000", "incomeBeforeTax": "70717000", "incomeTaxExpense": "1654000", "interestAndDebtExpense": "None", "netIncomeFromContinuingOperations": "69063000", "comprehensiveIncomeNetOfTax": "None", "ebit": "71072000", "ebitda": "85298000", "netIncome": "69063000"}, {"fiscalDateEnding": "2018-09-30", "reportedCurrency": "USD", "grossProfit": "424888000", "totalRevenue": "449683000", "costOfRevenue": "24795000", "costofGoodsAndServicesSold": "24795000", "operatingIncome": "31119000", "sellingGeneralAndAdministrative": "96522000", "researchAndDevelopment": "292527000", "operatingExpenses": "389049000", "investmentIncomeNet": "None", "netInterestIncome": "None", "interestIncome": "None", "interestExpense": "405000", "nonInterestIncome": "None", "otherNonOperatingIncome": "10211000", "depreciation": "None", "depreciationAndAmortization": "13818000", "incomeBeforeTax": "30976000", "incomeTaxExpense": "1800000", "interestAndDebtExpense": "None", "netIncomeFromContinuingOperations": "29176000", "comprehensiveIncomeNetOfTax": "None", "ebit": "31381000", "ebitda": "45199000", "netIncome": "29176000"}, {"fiscalDateEnding": "2018-06-30", "reportedCurrency": "USD", "grossProfit": "496660000", "totalRevenue": "521516000", "costOfRevenue": "24856000", "costofGoodsAndServicesSold": "24856000", "operatingIncome": "83239000", "sellingGeneralAndAdministrative": "108029000", "researchAndDevelopment": "298089000", "operatingExpenses": "406118000", "investmentIncomeNet": "None", "netInterestIncome": "None", "interestIncome": "None", "interestExpense": "398000", "nonInterestIncome": "None", "otherNonOperatingIncome": "5808000", "depreciation": "None", "depreciationAndAmortization": "13501000", "incomeBeforeTax": "54008000", "incomeTaxExpense": "1614000", "interestAndDebtExpense": "None", "netIncomeFromContinuingOperations": "52394000", "comprehensiveIncomeNetOfTax": "None", "ebit": "54406000", "ebitda": "67907000", "netIncome": "52394000"}, {"fiscalDateEnding": "2018-03-31", "reportedCurrency": "USD", "grossProfit": "364176000", "totalRevenue": "382282000", "costOfRevenue": "18106000", "costofGoodsAndServicesSold": "18106000", "operatingIncome": "-67110000", "sellingGeneralAndAdministrative": "121498000", "researchAndDevelopment": "303103000", "operatingExpenses": "424601000", "investmentIncomeNet": "None", "netInterestIncome": "None", "interestIncome": "None", "interestExpense": "385000", "nonInterestIncome": "None", "otherNonOperatingIncome": "4462000", "depreciation": "None", "depreciationAndAmortization": "13424000", "incomeBeforeTax": "-40354000", "incomeTaxExpense": "786000", "interestAndDebtExpense": "None", "netIncomeFromContinuingOperations": "-41140000", "comprehensiveIncomeNetOfTax": "None", "ebit": "-39969000", "ebitda": "-26545000", "netIncome": "-41140000"}, {"fiscalDateEnding": "2017-12-31", "reportedCurrency": "USD", "grossProfit": "421797000", "totalRevenue": "444156000", "costOfRevenue": "22359000", "costofGoodsAndServicesSold": "22359000", "operatingIncome": "-132588000", "sellingGeneralAndAdministrative": "268577000", "researchAndDevelopment": "446938000", "operatingExpenses": "544767000", "investmentIncomeNet": "None", "netInterestIncome": "None", "interestIncome": "None", "interestExpense": "373000", "nonInterestIncome": "None", "otherNonOperatingIncome": "-15316000", "depreciation": "None", "depreciationAndAmortization": "12859000", "incomeBeforeTax": "-148277000", "incomeTaxExpense": "1352000", "interestAndDebtExpense": "None", "netIncomeFromContinuingOperations": "-149629000", "comprehensiveIncomeNetOfTax": "None", "ebit": "-147904000", "ebitda": "-135045000", "netIncome": "-149629000"}, {"fiscalDateEnding": "2017-09-30", "reportedCurrency": "USD", "grossProfit": "359498000", "totalRevenue": "381534000", "costOfRevenue": "22036000", "costofGoodsAndServicesSold": "22036000", "operatingIncome": "14958000", "sellingGeneralAndAdministrative": "91271000", "researchAndDevelopment": "269612000", "operatingExpenses": "360883000", "investmentIncomeNet": "None", "netInterestIncome": "None", "interestIncome": "None", "interestExpense": "204000", "nonInterestIncome": "None", "otherNonOperatingIncome": "28600000", "depreciation": "None", "depreciationAndAmortization": "11940000", "incomeBeforeTax": "43354000", "incomeTaxExpense": "7300000", "interestAndDebtExpense": "None", "netIncomeFromContinuingOperations": "36054000", "comprehensiveIncomeNetOfTax": "None", "ebit": "3018000", "ebitda": "14958000", "netIncome": "36054000"}, {"fiscalDateEnding": "2017-06-30", "reportedCurrency": "USD", "grossProfit": "306184000", "totalRevenue": "326444000", "costOfRevenue": "20260000", "costofGoodsAndServicesSold": "20260000", "operatingIncome": "7200000", "sellingGeneralAndAdministrative": "90072000", "researchAndDevelopment": "201839000", "operatingExpenses": "291911000", "investmentIncomeNet": "None", "netInterestIncome": "None", "interestIncome": "None", "interestExpense": "384000", "nonInterestIncome": "None", "otherNonOperatingIncome": "-16200000", "depreciation": "None", "depreciationAndAmortization": "12352000", "incomeBeforeTax": "-9384000", "incomeTaxExpense": "3100000", "interestAndDebtExpense": "None", "netIncomeFromContinuingOperations": "-12484000", "comprehensiveIncomeNetOfTax": "None", "ebit": "-9000000", "ebitda": "3352000", "netIncome": "-12484000"}, {"fiscalDateEnding": "2017-03-31", "reportedCurrency": "USD", "grossProfit": "369258000", "totalRevenue": "384082000", "costOfRevenue": "14824000", "costofGoodsAndServicesSold": "14824000", "operatingIncome": "-133304000", "sellingGeneralAndAdministrative": "87234000", "researchAndDevelopment": "407972000", "operatingExpenses": "495206000", "investmentIncomeNet": "None", "netInterestIncome": "None", "interestIncome": "None", "interestExpense": "5939000", "nonInterestIncome": "None", "otherNonOperatingIncome": "-58740000", "depreciation": "None", "depreciationAndAmortization": "15027000", "incomeBeforeTax": "-197983000", "incomeTaxExpense": "-10900000", "interestAndDebtExpense": "None", "netIncomeFromContinuingOperations": "-187083000", "comprehensiveIncomeNetOfTax": "None", "ebit": "-192044000", "ebitda": "-177017000", "netIncome": "-187083000"}, {"fiscalDateEnding": "2016-12-31", "reportedCurrency": "USD", "grossProfit": "306888000", "totalRevenue": "326498000", "costOfRevenue": "19610000", "costofGoodsAndServicesSold": "19610000", "operatingIncome": "42079000", "sellingGeneralAndAdministrative": "207164000", "researchAndDevelopment": "161585000", "operatingExpenses": "257670000", "investmentIncomeNet": "None", "netInterestIncome": "None", "interestIncome": "None", "interestExpense": "9470000", "nonInterestIncome": "None", "otherNonOperatingIncome": "-23163000", "depreciation": "None", "depreciationAndAmortization": "17566000", "incomeBeforeTax": "9445000", "incomeTaxExpense": "572000", "interestAndDebtExpense": "None", "netIncomeFromContinuingOperations": "8873000", "comprehensiveIncomeNetOfTax": "None", "ebit": "18915000", "ebitda": "36481000", "netIncome": "8873000"}, {"fiscalDateEnding": "2016-09-30", "reportedCurrency": "USD", "grossProfit": "249264000", "totalRevenue": "269469000", "costOfRevenue": "20205000", "costofGoodsAndServicesSold": "20205000", "operatingIncome": "22292000", "sellingGeneralAndAdministrative": "75776000", "researchAndDevelopment": "143184000", "operatingExpenses": "218960000", "investmentIncomeNet": "None", "netInterestIncome": "None", "interestIncome": "None", "interestExpense": "9479000", "nonInterestIncome": "None", "otherNonOperatingIncome": "25489000", "depreciation": "None", "depreciationAndAmortization": "16951000", "incomeBeforeTax": "38302000", "incomeTaxExpense": "1425000", "interestAndDebtExpense": "None", "netIncomeFromContinuingOperations": "36877000", "comprehensiveIncomeNetOfTax": "None", "ebit": "47781000", "ebitda": "64732000", "netIncome": "36877000"}, {"fiscalDateEnding": "2016-06-30", "reportedCurrency": "USD", "grossProfit": "233921000", "totalRevenue": "246288000", "costOfRevenue": "12367000", "costofGoodsAndServicesSold": "12367000", "operatingIncome": "44589000", "sellingGeneralAndAdministrative": "66792000", "researchAndDevelopment": "120269000", "operatingExpenses": "187061000", "investmentIncomeNet": "None", "netInterestIncome": "None", "interestIncome": "None", "interestExpense": "9662000", "nonInterestIncome": "None", "otherNonOperatingIncome": "283000", "depreciation": "None", "depreciationAndAmortization": "12850000", "incomeBeforeTax": "35210000", "incomeTaxExpense": "785000", "interestAndDebtExpense": "None", "netIncomeFromContinuingOperations": "34425000", "comprehensiveIncomeNetOfTax": "None", "ebit": "44872000", "ebitda": "57722000", "netIncome": "34425000"}, {"fiscalDateEnding": "2016-03-31", "reportedCurrency": "USD", "grossProfit": "257459000", "totalRevenue": "263464000", "costOfRevenue": "6005000", "costofGoodsAndServicesSold": "6005000", "operatingIncome": "36039000", "sellingGeneralAndAdministrative": "64596000", "researchAndDevelopment": "156824000", "operatingExpenses": "221420000", "investmentIncomeNet": "None", "netInterestIncome": "None", "interestIncome": "None", "interestExpense": "10134000", "nonInterestIncome": "None", "otherNonOperatingIncome": "-1458000", "depreciation": "None", "depreciationAndAmortization": "11058000", "incomeBeforeTax": "24447000", "incomeTaxExpense": "400000", "interestAndDebtExpense": "None", "netIncomeFromContinuingOperations": "24047000", "comprehensiveIncomeNetOfTax": "None", "ebit": "24981000", "ebitda": "36039000", "netIncome": "24047000"}, {"fiscalDateEnding": "2015-12-31", "reportedCurrency": "USD", "grossProfit": "234177000", "totalRevenue": "243881000", "costOfRevenue": "9704000", "costofGoodsAndServicesSold": "9704000", "operatingIncome": "65080000", "sellingGeneralAndAdministrative": "144149000", "researchAndDevelopment": "116630000", "operatingExpenses": "169097000", "investmentIncomeNet": "None", "netInterestIncome": "None", "interestIncome": "None", "interestExpense": "10213000", "nonInterestIncome": "None", "otherNonOperatingIncome": "823000", "depreciation": "None", "depreciationAndAmortization": "10604000", "incomeBeforeTax": "55690000", "incomeTaxExpense": "512000", "interestAndDebtExpense": "None", "netIncomeFromContinuingOperations": "55178000", "comprehensiveIncomeNetOfTax": "None", "ebit": "57378000", "ebitda": "67982000", "netIncome": "55176000"}, {"fiscalDateEnding": "2015-09-30", "reportedCurrency": "USD", "grossProfit": "179571000", "totalRevenue": "187611000", "costOfRevenue": "8040000", "costofGoodsAndServicesSold": "8040000", "operatingIncome": "-101000", "sellingGeneralAndAdministrative": "47599000", "researchAndDevelopment": "132073000", "operatingExpenses": "179672000", "investmentIncomeNet": "None", "netInterestIncome": "None", "interestIncome": "None", "interestExpense": "11209000", "nonInterestIncome": "None", "otherNonOperatingIncome": "-28263000", "depreciation": "None", "depreciationAndAmortization": "11178000", "incomeBeforeTax": "-39573000", "incomeTaxExpense": "9000", "interestAndDebtExpense": "None", "netIncomeFromContinuingOperations": "-39582000", "comprehensiveIncomeNetOfTax": "None", "ebit": "-28364000", "ebitda": "-17186000", "netIncome": "-39582000"}, {"fiscalDateEnding": "2015-06-30", "reportedCurrency": "USD", "grossProfit": "156730000", "totalRevenue": "162984000", "costOfRevenue": "6254000", "costofGoodsAndServicesSold": "6254000", "operatingIncome": "-7394000", "sellingGeneralAndAdministrative": "51679000", "researchAndDevelopment": "112445000", "operatingExpenses": "164124000", "investmentIncomeNet": "None", "netInterestIncome": "None", "interestIncome": "None", "interestExpense": "11494000", "nonInterestIncome": "None", "otherNonOperatingIncome": "28318000", "depreciation": "None", "depreciationAndAmortization": "11266000", "incomeBeforeTax": "9430000", "incomeTaxExpense": "136000", "interestAndDebtExpense": "None", "netIncomeFromContinuingOperations": "9294000", "comprehensiveIncomeNetOfTax": "None", "ebit": "-6250000", "ebitda": "5016000", "netIncome": "9294000"}, {"fiscalDateEnding": "2015-03-31", "reportedCurrency": "USD", "grossProfit": "156301000", "totalRevenue": "159275000", "costOfRevenue": "2974000", "costofGoodsAndServicesSold": "2974000", "operatingIncome": "-6935000", "sellingGeneralAndAdministrative": "44871000", "researchAndDevelopment": "118365000", "operatingExpenses": "163236000", "investmentIncomeNet": "None", "netInterestIncome": "None", "interestIncome": "None", "interestExpense": "12687000", "nonInterestIncome": "None", "otherNonOperatingIncome": "1630000", "depreciation": "None", "depreciationAndAmortization": "11835000", "incomeBeforeTax": "-17992000", "incomeTaxExpense": "367000", "interestAndDebtExpense": "None", "netIncomeFromContinuingOperations": "-18359000", "comprehensiveIncomeNetOfTax": "None", "ebit": "-5305000", "ebitda": "6530000", "netIncome": "-18359000"}, {"fiscalDateEnding": "2014-12-31", "reportedCurrency": "USD", "grossProfit": "121545000", "totalRevenue": "123973000", "costOfRevenue": "2428000", "costofGoodsAndServicesSold": "2428000", "operatingIncome": "-25624000", "sellingGeneralAndAdministrative": "117319000", "researchAndDevelopment": "98717000", "operatingExpenses": "147169000", "investmentIncomeNet": "None", "netInterestIncome": "None", "interestIncome": "None", "interestExpense": "12516000", "nonInterestIncome": "None", "otherNonOperatingIncome": "940000", "depreciation": "None", "depreciationAndAmortization": "12221000", "incomeBeforeTax": "-37200000", "incomeTaxExpense": "-256000", "interestAndDebtExpense": "None", "netIncomeFromContinuingOperations": "-36944000", "comprehensiveIncomeNetOfTax": "None", "ebit": "-24684000", "ebitda": "-12463000", "netIncome": "-36944000"}, {"fiscalDateEnding": "2014-09-30", "reportedCurrency": "USD", "grossProfit": "197926000", "totalRevenue": "198147000", "costOfRevenue": "221000", "costofGoodsAndServicesSold": "221000", "operatingIncome": "69943000", "sellingGeneralAndAdministrative": "39446000", "researchAndDevelopment": "88537000", "operatingExpenses": "127983000", "investmentIncomeNet": "None", "netInterestIncome": "None", "interestIncome": "None", "interestExpense": "11463000", "nonInterestIncome": "None", "otherNonOperatingIncome": "885000", "depreciation": "None", "depreciationAndAmortization": "9871000", "incomeBeforeTax": "59365000", "incomeTaxExpense": "72000", "interestAndDebtExpense": "None", "netIncomeFromContinuingOperations": "59293000", "comprehensiveIncomeNetOfTax": "None", "ebit": "60072000", "ebitda": "69943000", "netIncome": "59293000"}, {"fiscalDateEnding": "2014-06-30", "reportedCurrency": "USD", "grossProfit": "99395000", "totalRevenue": "99582000", "costOfRevenue": "187000", "costofGoodsAndServicesSold": "187000", "operatingIncome": "-26187000", "sellingGeneralAndAdministrative": "40899000", "researchAndDevelopment": "84683000", "operatingExpenses": "125582000", "investmentIncomeNet": "None", "netInterestIncome": "None", "interestIncome": "None", "interestExpense": "11406000", "nonInterestIncome": "None", "otherNonOperatingIncome": "790000", "depreciation": "None", "depreciationAndAmortization": "9698000", "incomeBeforeTax": "-36803000", "incomeTaxExpense": "70000", "interestAndDebtExpense": "None", "netIncomeFromContinuingOperations": "-36873000", "comprehensiveIncomeNetOfTax": "None", "ebit": "-25397000", "ebitda": "-15699000", "netIncome": "-36873000"}, {"fiscalDateEnding": "2014-03-31", "reportedCurrency": "USD", "grossProfit": "89624000", "totalRevenue": "89792000", "costOfRevenue": "168000", "costofGoodsAndServicesSold": "168000", "operatingIncome": "-22935000", "sellingGeneralAndAdministrative": "36974000", "researchAndDevelopment": "75585000", "operatingExpenses": "112559000", "investmentIncomeNet": "None", "netInterestIncome": "None", "interestIncome": "None", "interestExpense": "11443000", "nonInterestIncome": "None", "otherNonOperatingIncome": "470000", "depreciation": "None", "depreciationAndAmortization": "9623000", "incomeBeforeTax": "-33908000", "incomeTaxExpense": "49000", "interestAndDebtExpense": "None", "netIncomeFromContinuingOperations": "-33957000", "comprehensiveIncomeNetOfTax": "None", "ebit": "-22465000", "ebitda": "-12842000", "netIncome": "-33957000"}, {"fiscalDateEnding": "2013-12-31", "reportedCurrency": "USD", "grossProfit": "96905000", "totalRevenue": "97072000", "costOfRevenue": "167000", "costofGoodsAndServicesSold": "167000", "operatingIncome": "-16143000", "sellingGeneralAndAdministrative": "71957000", "researchAndDevelopment": "75020000", "operatingExpenses": "113048000", "investmentIncomeNet": "None", "netInterestIncome": "None", "interestIncome": "None", "interestExpense": "8932000", "nonInterestIncome": "None", "otherNonOperatingIncome": "273000", "depreciation": "None", "depreciationAndAmortization": "8852000", "incomeBeforeTax": "-42733000", "incomeTaxExpense": "137000", "interestAndDebtExpense": "None", "netIncomeFromContinuingOperations": "-42870000", "comprehensiveIncomeNetOfTax": "None", "ebit": "-24498000", "ebitda": "-15646000", "netIncome": "-42870000"}, {"fiscalDateEnding": "2013-09-30", "reportedCurrency": "USD", "grossProfit": "84968000", "totalRevenue": "85123000", "costOfRevenue": "155000", "costofGoodsAndServicesSold": "155000", "operatingIncome": "-13183000", "sellingGeneralAndAdministrative": "26447000", "researchAndDevelopment": "71704000", "operatingExpenses": "98151000", "investmentIncomeNet": "None", "netInterestIncome": "None", "interestIncome": "None", "interestExpense": "7699000", "nonInterestIncome": "None", "otherNonOperatingIncome": "-1106000", "depreciation": "None", "depreciationAndAmortization": "4568000", "incomeBeforeTax": "-21988000", "incomeTaxExpense": "49000", "interestAndDebtExpense": "None", "netIncomeFromContinuingOperations": "-22037000", "comprehensiveIncomeNetOfTax": "None", "ebit": "-17751000", "ebitda": "-13183000", "netIncome": "-22037000"}, {"fiscalDateEnding": "2013-06-30", "reportedCurrency": "USD", "grossProfit": "101518000", "totalRevenue": "101675000", "costOfRevenue": "157000", "costofGoodsAndServicesSold": "157000", "operatingIncome": "17319000", "sellingGeneralAndAdministrative": "23249000", "researchAndDevelopment": "60950000", "operatingExpenses": "84199000", "investmentIncomeNet": "None", "netInterestIncome": "None", "interestIncome": "None", "interestExpense": "10293000", "nonInterestIncome": "None", "otherNonOperatingIncome": "-9526000", "depreciation": "None", "depreciationAndAmortization": "8053000", "incomeBeforeTax": "-2500000", "incomeTaxExpense": "71000", "interestAndDebtExpense": "None", "netIncomeFromContinuingOperations": "-2571000", "comprehensiveIncomeNetOfTax": "None", "ebit": "17564000", "ebitda": "25617000", "netIncome": "-2571000"}, {"fiscalDateEnding": "2013-03-31", "reportedCurrency": "USD", "grossProfit": "70927000", "totalRevenue": "71077000", "costOfRevenue": "150000", "costofGoodsAndServicesSold": "150000", "operatingIncome": "-4097000", "sellingGeneralAndAdministrative": "22261000", "researchAndDevelopment": "52763000", "operatingExpenses": "75024000", "investmentIncomeNet": "None", "netInterestIncome": "None", "interestIncome": "None", "interestExpense": "11728000", "nonInterestIncome": "None", "otherNonOperatingIncome": "199000", "depreciation": "None", "depreciationAndAmortization": "7734000", "incomeBeforeTax": "-15626000", "incomeTaxExpense": "43000", "interestAndDebtExpense": "None", "netIncomeFromContinuingOperations": "-15669000", "comprehensiveIncomeNetOfTax": "None", "ebit": "-3898000", "ebitda": "3836000", "netIncome": "-15669000"}, {"fiscalDateEnding": "2012-12-31", "reportedCurrency": "USD", "grossProfit": "113746000", "totalRevenue": "113845000", "costOfRevenue": "99000", "costofGoodsAndServicesSold": "99000", "operatingIncome": "30254000", "sellingGeneralAndAdministrative": "61635000", "researchAndDevelopment": "59763000", "operatingExpenses": "83492000", "investmentIncomeNet": "None", "netInterestIncome": "None", "interestIncome": "None", "interestExpense": "11765000", "nonInterestIncome": "None", "otherNonOperatingIncome": "370000", "depreciation": "None", "depreciationAndAmortization": "7765000", "incomeBeforeTax": "18860000", "incomeTaxExpense": "81000", "interestAndDebtExpense": "None", "netIncomeFromContinuingOperations": "18779000", "comprehensiveIncomeNetOfTax": "None", "ebit": "30625000", "ebitda": "38390000", "netIncome": "18779000"}, {"fiscalDateEnding": "2012-09-30", "reportedCurrency": "USD", "grossProfit": "60461000", "totalRevenue": "60492000", "costOfRevenue": "31000", "costofGoodsAndServicesSold": "31000", "operatingIncome": "-10138000", "sellingGeneralAndAdministrative": "20520000", "researchAndDevelopment": "50079000", "operatingExpenses": "70599000", "investmentIncomeNet": "None", "netInterestIncome": "None", "interestIncome": "None", "interestExpense": "11573000", "nonInterestIncome": "None", "otherNonOperatingIncome": "27000", "depreciation": "None", "depreciationAndAmortization": "7576000", "incomeBeforeTax": "-21684000", "incomeTaxExpense": "26000", "interestAndDebtExpense": "None", "netIncomeFromContinuingOperations": "-21710000", "comprehensiveIncomeNetOfTax": "None", "ebit": "-10111000", "ebitda": "-2535000", "netIncome": "-21710000"}, {"fiscalDateEnding": "2012-06-30", "reportedCurrency": "USD", "grossProfit": "86526000", "totalRevenue": "86542000", "costOfRevenue": "16000", "costofGoodsAndServicesSold": "16000", "operatingIncome": "15219000", "sellingGeneralAndAdministrative": "19719000", "researchAndDevelopment": "51588000", "operatingExpenses": "71307000", "investmentIncomeNet": "None", "netInterestIncome": "None", "interestIncome": "None", "interestExpense": "11430000", "nonInterestIncome": "None", "otherNonOperatingIncome": "315000", "depreciation": "None", "depreciationAndAmortization": "7404000", "incomeBeforeTax": "4104000", "incomeTaxExpense": "67000", "interestAndDebtExpense": "None", "netIncomeFromContinuingOperations": "4037000", "comprehensiveIncomeNetOfTax": "None", "ebit": "15534000", "ebitda": "22938000", "netIncome": "4037000"}, {"fiscalDateEnding": "2012-03-31", "reportedCurrency": "USD", "grossProfit": "36168000", "totalRevenue": "36179000", "costOfRevenue": "11000", "costofGoodsAndServicesSold": "11000", "operatingIncome": "-34188000", "sellingGeneralAndAdministrative": "21396000", "researchAndDevelopment": "48960000", "operatingExpenses": "70356000", "investmentIncomeNet": "None", "netInterestIncome": "None", "interestIncome": "None", "interestExpense": "11290000", "nonInterestIncome": "None", "otherNonOperatingIncome": "52000", "depreciation": "None", "depreciationAndAmortization": "7234000", "incomeBeforeTax": "-45426000", "incomeTaxExpense": "52000", "interestAndDebtExpense": "None", "netIncomeFromContinuingOperations": "-45426000", "comprehensiveIncomeNetOfTax": "None", "ebit": "-34136000", "ebitda": "-26902000", "netIncome": "-45426000"}, {"fiscalDateEnding": "2011-12-31", "reportedCurrency": "USD", "grossProfit": "28890000", "totalRevenue": "28890000", "costOfRevenue": "65987000", "costofGoodsAndServicesSold": "65987000", "operatingIncome": "-44139000", "sellingGeneralAndAdministrative": "36965000", "researchAndDevelopment": "51877000", "operatingExpenses": "73029000", "investmentIncomeNet": "None", "netInterestIncome": "None", "interestIncome": "None", "interestExpense": "11153000", "nonInterestIncome": "None", "otherNonOperatingIncome": "213000", "depreciation": "None", "depreciationAndAmortization": "7042000", "incomeBeforeTax": "-55080000", "incomeTaxExpense": "10691000", "interestAndDebtExpense": "None", "netIncomeFromContinuingOperations": "-55080000", "comprehensiveIncomeNetOfTax": "None", "ebit": "-44388000", "ebitda": "-37346000", "netIncome": "-55079000"}, {"fiscalDateEnding": "2011-09-30", "reportedCurrency": "USD", "grossProfit": "16782000", "totalRevenue": "16782000", "costOfRevenue": "52014000", "costofGoodsAndServicesSold": "52014000", "operatingIncome": "-42104000", "sellingGeneralAndAdministrative": "14282000", "researchAndDevelopment": "44604000", "operatingExpenses": "58886000", "investmentIncomeNet": "None", "netInterestIncome": "None", "interestIncome": "None", "interestExpense": "11019000", "nonInterestIncome": "None", "otherNonOperatingIncome": "45000", "depreciation": "None", "depreciationAndAmortization": "6871000", "incomeBeforeTax": "-53078000", "incomeTaxExpense": "45000", "interestAndDebtExpense": "None", "netIncomeFromContinuingOperations": "-53078000", "comprehensiveIncomeNetOfTax": "None", "ebit": "-42059000", "ebitda": "-35188000", "netIncome": "-53078000"}, {"fiscalDateEnding": "2011-06-30", "reportedCurrency": "USD", "grossProfit": "16811000", "totalRevenue": "16811000", "costOfRevenue": "51258000", "costofGoodsAndServicesSold": "51258000", "operatingIncome": "-41114000", "sellingGeneralAndAdministrative": "11858000", "researchAndDevelopment": "46047000", "operatingExpenses": "57925000", "investmentIncomeNet": "None", "netInterestIncome": "None", "interestIncome": "None", "interestExpense": "10888000", "nonInterestIncome": "None", "otherNonOperatingIncome": "132000", "depreciation": "None", "depreciationAndAmortization": "6647000", "incomeBeforeTax": "-51870000", "incomeTaxExpense": "132000", "interestAndDebtExpense": "None", "netIncomeFromContinuingOperations": "-51870000", "comprehensiveIncomeNetOfTax": "None", "ebit": "-40982000", "ebitda": "-34335000", "netIncome": "-51870000"}, {"fiscalDateEnding": "2011-03-31", "reportedCurrency": "USD", "grossProfit": "31973000", "totalRevenue": "31973000", "costOfRevenue": "40677000", "costofGoodsAndServicesSold": "40677000", "operatingIncome": "-15825000", "sellingGeneralAndAdministrative": "10825000", "researchAndDevelopment": "36282000", "operatingExpenses": "47798000", "investmentIncomeNet": "None", "netInterestIncome": "None", "interestIncome": "None", "interestExpense": "10759000", "nonInterestIncome": "None", "otherNonOperatingIncome": "72000", "depreciation": "None", "depreciationAndAmortization": "6430000", "incomeBeforeTax": "-26512000", "incomeTaxExpense": "72000", "interestAndDebtExpense": "None", "netIncomeFromContinuingOperations": "-26512000", "comprehensiveIncomeNetOfTax": "None", "ebit": "-15753000", "ebitda": "-9323000", "netIncome": "-26512000"}, {"fiscalDateEnding": "2010-12-31", "reportedCurrency": "USD", "grossProfit": "85870000", "totalRevenue": "85870000", "costOfRevenue": "36713000", "costofGoodsAndServicesSold": "36713000", "operatingIncome": "42311000", "sellingGeneralAndAdministrative": "21737000", "researchAndDevelopment": "32774000", "operatingExpenses": "43559000", "investmentIncomeNet": "None", "netInterestIncome": "None", "interestIncome": "None", "interestExpense": "10637000", "nonInterestIncome": "None", "otherNonOperatingIncome": "None", "depreciation": "None", "depreciationAndAmortization": "6826000", "incomeBeforeTax": "32540000", "incomeTaxExpense": "13209000", "interestAndDebtExpense": "None", "netIncomeFromContinuingOperations": "0", "comprehensiveIncomeNetOfTax": "None", "ebit": "45750000", "ebitda": "52576000", "netIncome": "32541000"}, {"fiscalDateEnding": "2010-09-30", "reportedCurrency": "USD", "grossProfit": "16872000", "totalRevenue": "16872000", "costOfRevenue": "33689000", "costofGoodsAndServicesSold": "33689000", "operatingIncome": "-22056000", "sellingGeneralAndAdministrative": "8458000", "researchAndDevelopment": "30609000", "operatingExpenses": "38928000", "investmentIncomeNet": "None", "netInterestIncome": "None", "interestIncome": "None", "interestExpense": "10515000", "nonInterestIncome": "None", "otherNonOperatingIncome": "None", "depreciation": "None", "depreciationAndAmortization": "5378000", "incomeBeforeTax": "-32359000", "incomeTaxExpense": "-658000", "interestAndDebtExpense": "None", "netIncomeFromContinuingOperations": "0", "comprehensiveIncomeNetOfTax": "None", "ebit": "-21844000", "ebitda": "-16466000", "netIncome": "-31701000"}, {"fiscalDateEnding": "2010-06-30", "reportedCurrency": "USD", "grossProfit": "49847000", "totalRevenue": "49847000", "costOfRevenue": "30484000", "costofGoodsAndServicesSold": "30484000", "operatingIncome": "13624000", "sellingGeneralAndAdministrative": "7485000", "researchAndDevelopment": "28883000", "operatingExpenses": "36223000", "investmentIncomeNet": "None", "netInterestIncome": "None", "interestIncome": "None", "interestExpense": "10391000", "nonInterestIncome": "None", "otherNonOperatingIncome": "None", "depreciation": "None", "depreciationAndAmortization": "5885000", "incomeBeforeTax": "3375000", "incomeTaxExpense": "331000", "interestAndDebtExpense": "None", "netIncomeFromContinuingOperations": "0", "comprehensiveIncomeNetOfTax": "None", "ebit": "13766000", "ebitda": "19651000", "netIncome": "3044000"}, {"fiscalDateEnding": "2010-03-31", "reportedCurrency": "USD", "grossProfit": "17288000", "totalRevenue": "17288000", "costOfRevenue": "30837000", "costofGoodsAndServicesSold": "30837000", "operatingIncome": "-19830000", "sellingGeneralAndAdministrative": "5794000", "researchAndDevelopment": "31439000", "operatingExpenses": "37118000", "investmentIncomeNet": "None", "netInterestIncome": "None", "interestIncome": "None", "interestExpense": "11779000", "nonInterestIncome": "None", "otherNonOperatingIncome": "None", "depreciation": "None", "depreciationAndAmortization": "6396000", "incomeBeforeTax": "-35402000", "incomeTaxExpense": "327000", "interestAndDebtExpense": "None", "netIncomeFromContinuingOperations": "0", "comprehensiveIncomeNetOfTax": "None", "ebit": "-23623000", "ebitda": "-17227000", "netIncome": "-35729000"}, {"fiscalDateEnding": "2009-12-31", "reportedCurrency": "USD", "grossProfit": "6866000", "totalRevenue": "6866000", "costOfRevenue": "40844000", "costofGoodsAndServicesSold": "40844000", "operatingIncome": "-41221000", "sellingGeneralAndAdministrative": "13748000", "researchAndDevelopment": "34283000", "operatingExpenses": "48087000", "investmentIncomeNet": "None", "netInterestIncome": "None", "interestIncome": "None", "interestExpense": "12612000", "nonInterestIncome": "None", "otherNonOperatingIncome": "None", "depreciation": "None", "depreciationAndAmortization": "7272000", "incomeBeforeTax": "-75880000", "incomeTaxExpense": "47221000", "interestAndDebtExpense": "None", "netIncomeFromContinuingOperations": "0", "comprehensiveIncomeNetOfTax": "None", "ebit": "-41221000", "ebitda": "-33949000", "netIncome": "-88442000"}, {"fiscalDateEnding": "2009-09-30", "reportedCurrency": "USD", "grossProfit": "939000", "totalRevenue": "939000", "costOfRevenue": "27105000", "costofGoodsAndServicesSold": "27105000", "operatingIncome": "-31563000", "sellingGeneralAndAdministrative": "4841000", "researchAndDevelopment": "26535000", "operatingExpenses": "32502000", "investmentIncomeNet": "None", "netInterestIncome": "None", "interestIncome": "None", "interestExpense": "6531000", "nonInterestIncome": "None", "otherNonOperatingIncome": "None", "depreciation": "None", "depreciationAndAmortization": "4273000", "incomeBeforeTax": "-36931000", "incomeTaxExpense": "11794000", "interestAndDebtExpense": "None", "netIncomeFromContinuingOperations": "0", "comprehensiveIncomeNetOfTax": "None", "ebit": "-35836000", "ebitda": "-31563000", "netIncome": "-43357000"}, {"fiscalDateEnding": "2009-06-30", "reportedCurrency": "USD", "grossProfit": "789000", "totalRevenue": "789000", "costOfRevenue": "30484000", "costofGoodsAndServicesSold": "30484000", "operatingIncome": "-32738000", "sellingGeneralAndAdministrative": "4086000", "researchAndDevelopment": "29035000", "operatingExpenses": "33527000", "investmentIncomeNet": "None", "netInterestIncome": "None", "interestIncome": "None", "interestExpense": "7297000", "nonInterestIncome": "None", "otherNonOperatingIncome": "None", "depreciation": "None", "depreciationAndAmortization": "2636000", "incomeBeforeTax": "-40035000", "incomeTaxExpense": "4661000", "interestAndDebtExpense": "None", "netIncomeFromContinuingOperations": "0", "comprehensiveIncomeNetOfTax": "None", "ebit": "-35374000", "ebitda": "-32738000", "netIncome": "-40035000"}, {"fiscalDateEnding": "2009-03-31", "reportedCurrency": "USD", "grossProfit": "671000", "totalRevenue": "671000", "costOfRevenue": "31899000", "costofGoodsAndServicesSold": "31899000", "operatingIncome": "-34246000", "sellingGeneralAndAdministrative": "4821000", "researchAndDevelopment": "29587000", "operatingExpenses": "34917000", "investmentIncomeNet": "None", "netInterestIncome": "None", "interestIncome": "None", "interestExpense": "6338000", "nonInterestIncome": "None", "otherNonOperatingIncome": "None", "depreciation": "None", "depreciationAndAmortization": "2509000", "incomeBeforeTax": "-40036000", "incomeTaxExpense": "5790000", "interestAndDebtExpense": "None", "netIncomeFromContinuingOperations": "0", "comprehensiveIncomeNetOfTax": "None", "ebit": "-34246000", "ebitda": "-31737000", "netIncome": "-40036000"}, {"fiscalDateEnding": "2008-12-31", "reportedCurrency": "USD", "grossProfit": "938000", "totalRevenue": "938000", "costOfRevenue": "39676000", "costofGoodsAndServicesSold": "39676000", "operatingIncome": "-42667000", "sellingGeneralAndAdministrative": "12462000", "researchAndDevelopment": "38326000", "operatingExpenses": "42710000", "investmentIncomeNet": "None", "netInterestIncome": "None", "interestIncome": "None", "interestExpense": "5306000", "nonInterestIncome": "None", "otherNonOperatingIncome": "None", "depreciation": "None", "depreciationAndAmortization": "3261000", "incomeBeforeTax": "-43335000", "incomeTaxExpense": "6633000", "interestAndDebtExpense": "None", "netIncomeFromContinuingOperations": "0", "comprehensiveIncomeNetOfTax": "None", "ebit": "-41772000", "ebitda": "-38511000", "netIncome": "-48405000"}, {"fiscalDateEnding": "2008-09-30", "reportedCurrency": "USD", "grossProfit": "1061000", "totalRevenue": "1061000", "costOfRevenue": "37705000", "costofGoodsAndServicesSold": "37705000", "operatingIncome": "-39793000", "sellingGeneralAndAdministrative": "4005000", "researchAndDevelopment": "36949000", "operatingExpenses": "40954000", "investmentIncomeNet": "None", "netInterestIncome": "None", "interestIncome": "None", "interestExpense": "6254000", "nonInterestIncome": "None", "otherNonOperatingIncome": "None", "depreciation": "None", "depreciationAndAmortization": "3250000", "incomeBeforeTax": "-39693000", "incomeTaxExpense": "4901000", "interestAndDebtExpense": "None", "netIncomeFromContinuingOperations": "0", "comprehensiveIncomeNetOfTax": "None", "ebit": "-39793000", "ebitda": "-36543000", "netIncome": "-44794000"}, {"fiscalDateEnding": "2008-06-30", "reportedCurrency": "USD", "grossProfit": "614000", "totalRevenue": "614000", "costOfRevenue": "38962000", "costofGoodsAndServicesSold": "38962000", "operatingIncome": "-40703000", "sellingGeneralAndAdministrative": "4103000", "researchAndDevelopment": "38132000", "operatingExpenses": "41317000", "investmentIncomeNet": "None", "netInterestIncome": "None", "interestIncome": "None", "interestExpense": "6213000", "nonInterestIncome": "None", "otherNonOperatingIncome": "None", "depreciation": "None", "depreciationAndAmortization": "3272000", "incomeBeforeTax": "-39785000", "incomeTaxExpense": "4860000", "interestAndDebtExpense": "None", "netIncomeFromContinuingOperations": "0", "comprehensiveIncomeNetOfTax": "None", "ebit": "-41621000", "ebitda": "-38349000", "netIncome": "-45563000"}, {"fiscalDateEnding": "2008-03-31", "reportedCurrency": "USD", "grossProfit": "1307000", "totalRevenue": "1307000", "costOfRevenue": "34021000", "costofGoodsAndServicesSold": "34021000", "operatingIncome": "-36125000", "sellingGeneralAndAdministrative": "4354000", "researchAndDevelopment": "32955000", "operatingExpenses": "37309000", "investmentIncomeNet": "None", "netInterestIncome": "None", "interestIncome": "None", "interestExpense": "6173000", "nonInterestIncome": "None", "otherNonOperatingIncome": "None", "depreciation": "None", "depreciationAndAmortization": "3288000", "incomeBeforeTax": "-40157000", "incomeTaxExpense": "4155000", "interestAndDebtExpense": "None", "netIncomeFromContinuingOperations": "0", "comprehensiveIncomeNetOfTax": "None", "ebit": "-36125000", "ebitda": "-32837000", "netIncome": "-40157000"}, {"fiscalDateEnding": "2007-12-31", "reportedCurrency": "USD", "grossProfit": "9752000", "totalRevenue": "9752000", "costOfRevenue": "33937000", "costofGoodsAndServicesSold": "33937000", "operatingIncome": "-27435000", "sellingGeneralAndAdministrative": "10814000", "researchAndDevelopment": "32638000", "operatingExpenses": "36655000", "investmentIncomeNet": "None", "netInterestIncome": "None", "interestIncome": "None", "interestExpense": "22431000", "nonInterestIncome": "None", "otherNonOperatingIncome": "None", "depreciation": "None", "depreciationAndAmortization": "3250000", "incomeBeforeTax": "-27560000", "incomeTaxExpense": "-5102000", "interestAndDebtExpense": "None", "netIncomeFromContinuingOperations": "0", "comprehensiveIncomeNetOfTax": "None", "ebit": "-26903000", "ebitda": "-23653000", "netIncome": "-21801000"}, {"fiscalDateEnding": "2007-09-30", "reportedCurrency": "USD", "grossProfit": "6690000", "totalRevenue": "6690000", "costOfRevenue": "24812000", "costofGoodsAndServicesSold": "24812000", "operatingIncome": "-21375000", "sellingGeneralAndAdministrative": "3587000", "researchAndDevelopment": "25044000", "operatingExpenses": "28631000", "investmentIncomeNet": "None", "netInterestIncome": "None", "interestIncome": "None", "interestExpense": "6002000", "nonInterestIncome": "None", "otherNonOperatingIncome": "None", "depreciation": "None", "depreciationAndAmortization": "3253000", "incomeBeforeTax": "-20809000", "incomeTaxExpense": "2553000", "interestAndDebtExpense": "None", "netIncomeFromContinuingOperations": "0", "comprehensiveIncomeNetOfTax": "None", "ebit": "-21941000", "ebitda": "-18688000", "netIncome": "-24494000"}, {"fiscalDateEnding": "2007-06-30", "reportedCurrency": "USD", "grossProfit": "10576000", "totalRevenue": "10576000", "costOfRevenue": "23502000", "costofGoodsAndServicesSold": "23502000", "operatingIncome": "-16187000", "sellingGeneralAndAdministrative": "3535000", "researchAndDevelopment": "23301000", "operatingExpenses": "26836000", "investmentIncomeNet": "None", "netInterestIncome": "None", "interestIncome": "None", "interestExpense": "5965000", "nonInterestIncome": "None", "otherNonOperatingIncome": "None", "depreciation": "None", "depreciationAndAmortization": "3261000", "incomeBeforeTax": "-16114000", "incomeTaxExpense": "2179000", "interestAndDebtExpense": "None", "netIncomeFromContinuingOperations": "0", "comprehensiveIncomeNetOfTax": "None", "ebit": "-16260000", "ebitda": "-12999000", "netIncome": "-18439000"}, {"fiscalDateEnding": "2007-03-31", "reportedCurrency": "USD", "grossProfit": "7422000", "totalRevenue": "7422000", "costOfRevenue": "24506000", "costofGoodsAndServicesSold": "24506000", "operatingIncome": "-20283000", "sellingGeneralAndAdministrative": "3692000", "researchAndDevelopment": "23906000", "operatingExpenses": "27598000", "investmentIncomeNet": "None", "netInterestIncome": "None", "interestIncome": "None", "interestExpense": "5930000", "nonInterestIncome": "None", "otherNonOperatingIncome": "None", "depreciation": "None", "depreciationAndAmortization": "3199000", "incomeBeforeTax": "-22147000", "incomeTaxExpense": "1971000", "interestAndDebtExpense": "None", "netIncomeFromContinuingOperations": "0", "comprehensiveIncomeNetOfTax": "None", "ebit": "-20176000", "ebitda": "-16977000", "netIncome": "-22147000"}, {"fiscalDateEnding": "2006-12-31", "reportedCurrency": "USD", "grossProfit": "7056000", "totalRevenue": "7056000", "costOfRevenue": "23552000", "costofGoodsAndServicesSold": "23552000", "operatingIncome": "-19559000", "sellingGeneralAndAdministrative": "10751000", "researchAndDevelopment": "23559000", "operatingExpenses": "29720000", "investmentIncomeNet": "None", "netInterestIncome": "None", "interestIncome": "None", "interestExpense": "20679000", "nonInterestIncome": "None", "otherNonOperatingIncome": "None", "depreciation": "None", "depreciationAndAmortization": "3271000", "incomeBeforeTax": "-20503000", "incomeTaxExpense": "-2161000", "interestAndDebtExpense": "None", "netIncomeFromContinuingOperations": "0", "comprehensiveIncomeNetOfTax": "None", "ebit": "-26969000", "ebitda": "-23698000", "netIncome": "-20503000"}, {"fiscalDateEnding": "2006-09-30", "reportedCurrency": "USD", "grossProfit": "7268000", "totalRevenue": "7268000", "costOfRevenue": "21720000", "costofGoodsAndServicesSold": "21720000", "operatingIncome": "-15757000", "sellingGeneralAndAdministrative": "3454000", "researchAndDevelopment": "19558000", "operatingExpenses": "23012000", "investmentIncomeNet": "None", "netInterestIncome": "None", "interestIncome": "None", "interestExpense": "4077000", "nonInterestIncome": "None", "otherNonOperatingIncome": "None", "depreciation": "None", "depreciationAndAmortization": "1302000", "incomeBeforeTax": "-15838000", "incomeTaxExpense": "94000", "interestAndDebtExpense": "None", "netIncomeFromContinuingOperations": "0", "comprehensiveIncomeNetOfTax": "None", "ebit": "-15744000", "ebitda": "-14442000", "netIncome": "-15838000"}, {"fiscalDateEnding": "2006-06-30", "reportedCurrency": "USD", "grossProfit": "6855000", "totalRevenue": "6855000", "costOfRevenue": "21916000", "costofGoodsAndServicesSold": "21916000", "operatingIncome": "-19180000", "sellingGeneralAndAdministrative": "3421000", "researchAndDevelopment": "19724000", "operatingExpenses": "26035000", "investmentIncomeNet": "None", "netInterestIncome": "None", "interestIncome": "None", "interestExpense": "3891000", "nonInterestIncome": "None", "otherNonOperatingIncome": "None", "depreciation": "None", "depreciationAndAmortization": "1229000", "incomeBeforeTax": "-20520000", "incomeTaxExpense": "1340000", "interestAndDebtExpense": "None", "netIncomeFromContinuingOperations": "0", "comprehensiveIncomeNetOfTax": "None", "ebit": "-19180000", "ebitda": "-17951000", "netIncome": "-20520000"}, {"fiscalDateEnding": "2006-03-31", "reportedCurrency": "USD", "grossProfit": "6465000", "totalRevenue": "6465000", "costOfRevenue": "27024000", "costofGoodsAndServicesSold": "27024000", "operatingIncome": "-22369000", "sellingGeneralAndAdministrative": "3876000", "researchAndDevelopment": "24757000", "operatingExpenses": "28633000", "investmentIncomeNet": "None", "netInterestIncome": "None", "interestIncome": "None", "interestExpense": "3859000", "nonInterestIncome": "None", "otherNonOperatingIncome": "None", "depreciation": "None", "depreciationAndAmortization": "1609000", "incomeBeforeTax": "-17306000", "incomeTaxExpense": "-4862000", "interestAndDebtExpense": "None", "netIncomeFromContinuingOperations": "0", "comprehensiveIncomeNetOfTax": "None", "ebit": "-22168000", "ebitda": "-20559000", "netIncome": "-17306000"}, {"fiscalDateEnding": "2005-12-31", "reportedCurrency": "USD", "grossProfit": "1028000", "totalRevenue": "1028000", "costOfRevenue": "25678000", "costofGoodsAndServicesSold": "25678000", "operatingIncome": "-26594000", "sellingGeneralAndAdministrative": "8887000", "researchAndDevelopment": "23942000", "operatingExpenses": "27622000", "investmentIncomeNet": "None", "netInterestIncome": "None", "interestIncome": "None", "interestExpense": "12527000", "nonInterestIncome": "None", "otherNonOperatingIncome": "None", "depreciation": "None", "depreciationAndAmortization": "1676000", "incomeBeforeTax": "-28107000", "incomeTaxExpense": "-396000", "interestAndDebtExpense": "None", "netIncomeFromContinuingOperations": "0", "comprehensiveIncomeNetOfTax": "None", "ebit": "-26594000", "ebitda": "-24918000", "netIncome": "-27556000"}, {"fiscalDateEnding": "2005-09-30", "reportedCurrency": "USD", "grossProfit": "1228000", "totalRevenue": "1228000", "costOfRevenue": "26111000", "costofGoodsAndServicesSold": "26111000", "operatingIncome": "-29137000", "sellingGeneralAndAdministrative": "3009000", "researchAndDevelopment": "27356000", "operatingExpenses": "30365000", "investmentIncomeNet": "None", "netInterestIncome": "None", "interestIncome": "None", "interestExpense": "2656000", "nonInterestIncome": "None", "otherNonOperatingIncome": "None", "depreciation": "None", "depreciationAndAmortization": "3955000", "incomeBeforeTax": "-30207000", "incomeTaxExpense": "1073000", "interestAndDebtExpense": "None", "netIncomeFromContinuingOperations": "0", "comprehensiveIncomeNetOfTax": "None", "ebit": "-29137000", "ebitda": "-25182000", "netIncome": "-30210000"}, {"fiscalDateEnding": "2005-06-30", "reportedCurrency": "USD", "grossProfit": "2676000", "totalRevenue": "2676000", "costOfRevenue": "28581000", "costofGoodsAndServicesSold": "28581000", "operatingIncome": "-27060000", "sellingGeneralAndAdministrative": "2734000", "researchAndDevelopment": "26556000", "operatingExpenses": "29736000", "investmentIncomeNet": "None", "netInterestIncome": "None", "interestIncome": "None", "interestExpense": "4130000", "nonInterestIncome": "None", "otherNonOperatingIncome": "None", "depreciation": "None", "depreciationAndAmortization": "708000", "incomeBeforeTax": "-25310000", "incomeTaxExpense": "-156000", "interestAndDebtExpense": "None", "netIncomeFromContinuingOperations": "0", "comprehensiveIncomeNetOfTax": "None", "ebit": "-27060000", "ebitda": "-26352000", "netIncome": "-25145000"}, {"fiscalDateEnding": "2005-03-31", "reportedCurrency": "USD", "grossProfit": "2915000", "totalRevenue": "2915000", "costOfRevenue": "18712000", "costofGoodsAndServicesSold": "18712000", "operatingIncome": "-17993000", "sellingGeneralAndAdministrative": "3144000", "researchAndDevelopment": "17764000", "operatingExpenses": "20908000", "investmentIncomeNet": "None", "netInterestIncome": "None", "interestIncome": "None", "interestExpense": "2152000", "nonInterestIncome": "None", "otherNonOperatingIncome": "None", "depreciation": "None", "depreciationAndAmortization": "1853000", "incomeBeforeTax": "-20284000", "incomeTaxExpense": "2138000", "interestAndDebtExpense": "None", "netIncomeFromContinuingOperations": "0", "comprehensiveIncomeNetOfTax": "None", "ebit": "-17650000", "ebitda": "-15797000", "netIncome": "-20131000"}, {"fiscalDateEnding": "2004-12-31", "reportedCurrency": "USD", "grossProfit": "-1052000", "totalRevenue": "-1052000", "costOfRevenue": "23915000", "costofGoodsAndServicesSold": "23915000", "operatingIncome": "-34093000", "sellingGeneralAndAdministrative": "59579000", "researchAndDevelopment": "17892000", "operatingExpenses": "33041000", "investmentIncomeNet": "None", "netInterestIncome": "None", "interestIncome": "None", "interestExpense": "3563000", "nonInterestIncome": "None", "otherNonOperatingIncome": "None", "depreciation": "None", "depreciationAndAmortization": "2928000", "incomeBeforeTax": "-36147000", "incomeTaxExpense": "226000", "interestAndDebtExpense": "None", "netIncomeFromContinuingOperations": "0", "comprehensiveIncomeNetOfTax": "None", "ebit": "-34093000", "ebitda": "-31165000", "netIncome": "-37526000"}]}