{"symbol": "PPG", "annualReports": [{"fiscalDateEnding": "2024-12-31", "reportedCurrency": "USD", "grossProfit": "6593000000", "totalRevenue": "15845000000", "costOfRevenue": "9252000000", "costofGoodsAndServicesSold": "9252000000", "operatingIncome": "2287000000", "sellingGeneralAndAdministrative": "3391000000", "researchAndDevelopment": "423000000", "operatingExpenses": "4306000000", "investmentIncomeNet": "None", "netInterestIncome": "-64000000", "interestIncome": "177000000", "interestExpense": "241000000", "nonInterestIncome": "None", "otherNonOperatingIncome": "None", "depreciation": "None", "depreciationAndAmortization": "492000000", "incomeBeforeTax": "1852000000", "incomeTaxExpense": "475000000", "interestAndDebtExpense": "None", "netIncomeFromContinuingOperations": "1377000000", "comprehensiveIncomeNetOfTax": "None", "ebit": "2093000000", "ebitda": "2585000000", "netIncome": "1377000000"}, {"fiscalDateEnding": "2023-12-31", "reportedCurrency": "USD", "grossProfit": "7547000000", "totalRevenue": "18246000000", "costOfRevenue": "10699000000", "costofGoodsAndServicesSold": "10699000000", "operatingIncome": "2784000000", "sellingGeneralAndAdministrative": "4442000000", "researchAndDevelopment": "433000000", "operatingExpenses": "4763000000", "investmentIncomeNet": "None", "netInterestIncome": "-107000000", "interestIncome": "140000000", "interestExpense": "247000000", "nonInterestIncome": "None", "otherNonOperatingIncome": "None", "depreciation": "None", "depreciationAndAmortization": "604000000", "incomeBeforeTax": "1748000000", "incomeTaxExpense": "439000000", "interestAndDebtExpense": "None", "netIncomeFromContinuingOperations": "1309000000", "comprehensiveIncomeNetOfTax": "None", "ebit": "1997000000", "ebitda": "2601000000", "netIncome": "1270000000"}, {"fiscalDateEnding": "2022-12-31", "reportedCurrency": "USD", "grossProfit": "6556000000", "totalRevenue": "17652000000", "costOfRevenue": "11096000000", "costofGoodsAndServicesSold": "11096000000", "operatingIncome": "1722000000", "sellingGeneralAndAdministrative": "3842000000", "researchAndDevelopment": "448000000", "operatingExpenses": "4844000000", "investmentIncomeNet": "None", "netInterestIncome": "-113000000", "interestIncome": "113000000", "interestExpense": "167000000", "nonInterestIncome": "None", "otherNonOperatingIncome": "114000000", "depreciation": "None", "depreciationAndAmortization": "567000000", "incomeBeforeTax": "1381000000", "incomeTaxExpense": "325000000", "interestAndDebtExpense": "None", "netIncomeFromContinuingOperations": "1056000000", "comprehensiveIncomeNetOfTax": "None", "ebit": "1813000000", "ebitda": "2380000000", "netIncome": "1026000000"}, {"fiscalDateEnding": "2021-12-31", "reportedCurrency": "USD", "grossProfit": "6516000000", "totalRevenue": "16802000000", "costOfRevenue": "10286000000", "costofGoodsAndServicesSold": "10286000000", "operatingIncome": "1822000000", "sellingGeneralAndAdministrative": "3830000000", "researchAndDevelopment": "439000000", "operatingExpenses": "4830000000", "investmentIncomeNet": "None", "netInterestIncome": "-95000000", "interestIncome": "26000000", "interestExpense": "121000000", "nonInterestIncome": "None", "otherNonOperatingIncome": "26000000", "depreciation": "None", "depreciationAndAmortization": "605000000", "incomeBeforeTax": "1815000000", "incomeTaxExpense": "374000000", "interestAndDebtExpense": "None", "netIncomeFromContinuingOperations": "1441000000", "comprehensiveIncomeNetOfTax": "None", "ebit": "1964000000", "ebitda": "2569000000", "netIncome": "1439000000"}, {"fiscalDateEnding": "2020-12-31", "reportedCurrency": "USD", "grossProfit": "6057000000", "totalRevenue": "13834000000", "costOfRevenue": "7777000000", "costofGoodsAndServicesSold": "7777000000", "operatingIncome": "1789000000", "sellingGeneralAndAdministrative": "3389000000", "researchAndDevelopment": "379000000", "operatingExpenses": "4277000000", "investmentIncomeNet": "None", "netInterestIncome": "-115000000", "interestIncome": "23000000", "interestExpense": "138000000", "nonInterestIncome": "None", "otherNonOperatingIncome": "23000000", "depreciation": "None", "depreciationAndAmortization": "547000000", "incomeBeforeTax": "1362000000", "incomeTaxExpense": "291000000", "interestAndDebtExpense": "None", "netIncomeFromContinuingOperations": "1071000000", "comprehensiveIncomeNetOfTax": "None", "ebit": "1528000000", "ebitda": "2075000000", "netIncome": "1059000000"}, {"fiscalDateEnding": "2019-12-31", "reportedCurrency": "USD", "grossProfit": "6493000000", "totalRevenue": "15146000000", "costOfRevenue": "8653000000", "costofGoodsAndServicesSold": "8653000000", "operatingIncome": "1822000000", "sellingGeneralAndAdministrative": "3604000000", "researchAndDevelopment": "432000000", "operatingExpenses": "4547000000", "investmentIncomeNet": "None", "netInterestIncome": "-100000000", "interestIncome": "32000000", "interestExpense": "132000000", "nonInterestIncome": "None", "otherNonOperatingIncome": "32000000", "depreciation": "None", "depreciationAndAmortization": "588000000", "incomeBeforeTax": "1661000000", "incomeTaxExpense": "392000000", "interestAndDebtExpense": "None", "netIncomeFromContinuingOperations": "1269000000", "comprehensiveIncomeNetOfTax": "None", "ebit": "1814000000", "ebitda": "2402000000", "netIncome": "1243000000"}, {"fiscalDateEnding": "2018-12-31", "reportedCurrency": "USD", "grossProfit": "6373000000", "totalRevenue": "15374000000", "costOfRevenue": "9001000000", "costofGoodsAndServicesSold": "9001000000", "operatingIncome": "1691000000", "sellingGeneralAndAdministrative": "3573000000", "researchAndDevelopment": "441000000", "operatingExpenses": "4511000000", "investmentIncomeNet": "None", "netInterestIncome": "-95000000", "interestIncome": "23000000", "interestExpense": "118000000", "nonInterestIncome": "None", "otherNonOperatingIncome": "23000000", "depreciation": "None", "depreciationAndAmortization": "559000000", "incomeBeforeTax": "1693000000", "incomeTaxExpense": "353000000", "interestAndDebtExpense": "None", "netIncomeFromContinuingOperations": "1340000000", "comprehensiveIncomeNetOfTax": "None", "ebit": "1827000000", "ebitda": "2386000000", "netIncome": "1341000000"}, {"fiscalDateEnding": "2017-12-31", "reportedCurrency": "USD", "grossProfit": "6546000000", "totalRevenue": "14750000000", "costOfRevenue": "8204000000", "costofGoodsAndServicesSold": "8204000000", "operatingIncome": "1986000000", "sellingGeneralAndAdministrative": "3630000000", "researchAndDevelopment": "453000000", "operatingExpenses": "4543000000", "investmentIncomeNet": "None", "netInterestIncome": "-85000000", "interestIncome": "20000000", "interestExpense": "105000000", "nonInterestIncome": "None", "otherNonOperatingIncome": "20000000", "depreciation": "None", "depreciationAndAmortization": "464000000", "incomeBeforeTax": "2008000000", "incomeTaxExpense": "579000000", "interestAndDebtExpense": "None", "netIncomeFromContinuingOperations": "1390000000", "comprehensiveIncomeNetOfTax": "None", "ebit": "2110000000", "ebitda": "2574000000", "netIncome": "1594000000"}, {"fiscalDateEnding": "2016-12-31", "reportedCurrency": "USD", "grossProfit": "6688000000", "totalRevenue": "14751000000", "costOfRevenue": "8063000000", "costofGoodsAndServicesSold": "8063000000", "operatingIncome": "1983000000", "sellingGeneralAndAdministrative": "5050000000", "researchAndDevelopment": "466000000", "operatingExpenses": "5594000000", "investmentIncomeNet": "None", "netInterestIncome": "-99000000", "interestIncome": "26000000", "interestExpense": "125000000", "nonInterestIncome": "None", "otherNonOperatingIncome": "26000000", "depreciation": "None", "depreciationAndAmortization": "522000000", "incomeBeforeTax": "827000000", "incomeTaxExpense": "241000000", "interestAndDebtExpense": "None", "netIncomeFromContinuingOperations": "586000000", "comprehensiveIncomeNetOfTax": "None", "ebit": "900000000", "ebitda": "1422000000", "netIncome": "873000000"}, {"fiscalDateEnding": "2015-12-31", "reportedCurrency": "USD", "grossProfit": "6739000000", "totalRevenue": "15330000000", "costOfRevenue": "8591000000", "costofGoodsAndServicesSold": "8591000000", "operatingIncome": "1851000000", "sellingGeneralAndAdministrative": "3679000000", "researchAndDevelopment": "486000000", "operatingExpenses": "4660000000", "investmentIncomeNet": "None", "netInterestIncome": "None", "interestIncome": "93000000", "interestExpense": "126000000", "nonInterestIncome": "None", "otherNonOperatingIncome": "40000000", "depreciation": "None", "depreciationAndAmortization": "495000000", "incomeBeforeTax": "1882000000", "incomeTaxExpense": "456000000", "interestAndDebtExpense": "None", "netIncomeFromContinuingOperations": "1426000000", "comprehensiveIncomeNetOfTax": "None", "ebit": "1802000000", "ebitda": "2297000000", "netIncome": "1406000000"}, {"fiscalDateEnding": "2014-12-31", "reportedCurrency": "USD", "grossProfit": "6569000000", "totalRevenue": "15360000000", "costOfRevenue": "8791000000", "costofGoodsAndServicesSold": "8791000000", "operatingIncome": "1550000000", "sellingGeneralAndAdministrative": "3758000000", "researchAndDevelopment": "492000000", "operatingExpenses": "4726000000", "investmentIncomeNet": "None", "netInterestIncome": "None", "interestIncome": "None", "interestExpense": "187000000", "nonInterestIncome": "None", "otherNonOperatingIncome": "-267000000", "depreciation": "None", "depreciationAndAmortization": "476000000", "incomeBeforeTax": "1416000000", "incomeTaxExpense": "259000000", "interestAndDebtExpense": "None", "netIncomeFromContinuingOperations": "1157000000", "comprehensiveIncomeNetOfTax": "None", "ebit": "1524000000", "ebitda": "2000000000", "netIncome": "2102000000"}, {"fiscalDateEnding": "2013-12-31", "reportedCurrency": "USD", "grossProfit": "6472000000", "totalRevenue": "15108000000", "costOfRevenue": "8636000000", "costofGoodsAndServicesSold": "8636000000", "operatingIncome": "1550000000", "sellingGeneralAndAdministrative": "3699000000", "researchAndDevelopment": "488000000", "operatingExpenses": "4662000000", "investmentIncomeNet": "None", "netInterestIncome": "None", "interestIncome": "None", "interestExpense": "196000000", "nonInterestIncome": "None", "otherNonOperatingIncome": "43000000", "depreciation": "None", "depreciationAndAmortization": "475000000", "incomeBeforeTax": "1489000000", "incomeTaxExpense": "333000000", "interestAndDebtExpense": "None", "netIncomeFromContinuingOperations": "1156000000", "comprehensiveIncomeNetOfTax": "None", "ebit": "1527000000", "ebitda": "2002000000", "netIncome": "3231000000"}, {"fiscalDateEnding": "2012-12-31", "reportedCurrency": "USD", "grossProfit": "6131000000", "totalRevenue": "15200000000", "costOfRevenue": "9069000000", "costofGoodsAndServicesSold": "9069000000", "operatingIncome": "1216000000", "sellingGeneralAndAdministrative": "3335000000", "researchAndDevelopment": "455000000", "operatingExpenses": "4255000000", "investmentIncomeNet": "None", "netInterestIncome": "None", "interestIncome": "None", "interestExpense": "210000000", "nonInterestIncome": "None", "otherNonOperatingIncome": "39000000", "depreciation": "None", "depreciationAndAmortization": "465000000", "incomeBeforeTax": "1402000000", "incomeTaxExpense": "338000000", "interestAndDebtExpense": "None", "netIncomeFromContinuingOperations": "1064000000", "comprehensiveIncomeNetOfTax": "None", "ebit": "972000000", "ebitda": "1437000000", "netIncome": "941000000"}, {"fiscalDateEnding": "2011-12-31", "reportedCurrency": "USD", "grossProfit": "5804000000", "totalRevenue": "14885000000", "costOfRevenue": "9081000000", "costofGoodsAndServicesSold": "9081000000", "operatingIncome": "1673000000", "sellingGeneralAndAdministrative": "3122000000", "researchAndDevelopment": "430000000", "operatingExpenses": "4131000000", "investmentIncomeNet": "None", "netInterestIncome": "None", "interestIncome": "None", "interestExpense": "210000000", "nonInterestIncome": "None", "otherNonOperatingIncome": "42000000", "depreciation": "None", "depreciationAndAmortization": "467000000", "incomeBeforeTax": "1597000000", "incomeTaxExpense": "385000000", "interestAndDebtExpense": "None", "netIncomeFromContinuingOperations": "1212000000", "comprehensiveIncomeNetOfTax": "None", "ebit": "1390000000", "ebitda": "1857000000", "netIncome": "1095000000"}, {"fiscalDateEnding": "2010-12-31", "reportedCurrency": "USD", "grossProfit": "5209000000", "totalRevenue": "13423000000", "costOfRevenue": "8214000000", "costofGoodsAndServicesSold": "8214000000", "operatingIncome": "1354000000", "sellingGeneralAndAdministrative": "2979000000", "researchAndDevelopment": "394000000", "operatingExpenses": "3725000000", "investmentIncomeNet": "None", "netInterestIncome": "None", "interestIncome": "None", "interestExpense": "189000000", "nonInterestIncome": "None", "otherNonOperatingIncome": "None", "depreciation": "None", "depreciationAndAmortization": "470000000", "incomeBeforeTax": "1295000000", "incomeTaxExpense": "415000000", "interestAndDebtExpense": "None", "netIncomeFromContinuingOperations": "9094000000", "comprehensiveIncomeNetOfTax": "None", "ebit": "1484000000", "ebitda": "1954000000", "netIncome": "769000000"}, {"fiscalDateEnding": "2009-12-31", "reportedCurrency": "USD", "grossProfit": "4700000000", "totalRevenue": "12239000000", "costOfRevenue": "7539000000", "costofGoodsAndServicesSold": "7539000000", "operatingIncome": "883000000", "sellingGeneralAndAdministrative": "388000000", "researchAndDevelopment": "388000000", "operatingExpenses": "3704000000", "investmentIncomeNet": "None", "netInterestIncome": "None", "interestIncome": "None", "interestExpense": "193000000", "nonInterestIncome": "None", "otherNonOperatingIncome": "None", "depreciation": "None", "depreciationAndAmortization": "480000000", "incomeBeforeTax": "617000000", "incomeTaxExpense": "191000000", "interestAndDebtExpense": "None", "netIncomeFromContinuingOperations": "426000000", "comprehensiveIncomeNetOfTax": "None", "ebit": "810000000", "ebitda": "1290000000", "netIncome": "336000000"}, {"fiscalDateEnding": "2008-12-31", "reportedCurrency": "USD", "grossProfit": "5694000000", "totalRevenue": "15849000000", "costOfRevenue": "10155000000", "costofGoodsAndServicesSold": "10155000000", "operatingIncome": "1244000000", "sellingGeneralAndAdministrative": "3432000000", "researchAndDevelopment": "451000000", "operatingExpenses": "563000000", "investmentIncomeNet": "None", "netInterestIncome": "None", "interestIncome": "None", "interestExpense": "254000000", "nonInterestIncome": "None", "otherNonOperatingIncome": "None", "depreciation": "None", "depreciationAndAmortization": "563000000", "incomeBeforeTax": "908000000", "incomeTaxExpense": "284000000", "interestAndDebtExpense": "None", "netIncomeFromContinuingOperations": "None", "comprehensiveIncomeNetOfTax": "None", "ebit": "1177000000", "ebitda": "1740000000", "netIncome": "538000000"}, {"fiscalDateEnding": "2007-12-31", "reportedCurrency": "USD", "grossProfit": "4119000000", "totalRevenue": "11206000000", "costOfRevenue": "7087000000", "costofGoodsAndServicesSold": "7087000000", "operatingIncome": "1264000000", "sellingGeneralAndAdministrative": "2136000000", "researchAndDevelopment": "339000000", "operatingExpenses": "2855000000", "investmentIncomeNet": "None", "netInterestIncome": "None", "interestIncome": "None", "interestExpense": "93000000", "nonInterestIncome": "None", "otherNonOperatingIncome": "None", "depreciation": "None", "depreciationAndAmortization": "380000000", "incomeBeforeTax": "1243000000", "incomeTaxExpense": "355000000", "interestAndDebtExpense": "None", "netIncomeFromContinuingOperations": "None", "comprehensiveIncomeNetOfTax": "None", "ebit": "1212000000", "ebitda": "1592000000", "netIncome": "834000000"}, {"fiscalDateEnding": "2006-12-31", "reportedCurrency": "USD", "grossProfit": "4001000000", "totalRevenue": "11037000000", "costOfRevenue": "7036000000", "costofGoodsAndServicesSold": "7036000000", "operatingIncome": "1323000000", "sellingGeneralAndAdministrative": "1980000000", "researchAndDevelopment": "318000000", "operatingExpenses": "2678000000", "investmentIncomeNet": "None", "netInterestIncome": "None", "interestIncome": "None", "interestExpense": "0", "nonInterestIncome": "None", "otherNonOperatingIncome": "None", "depreciation": "None", "depreciationAndAmortization": "380000000", "incomeBeforeTax": "1060000000", "incomeTaxExpense": "278000000", "interestAndDebtExpense": "None", "netIncomeFromContinuingOperations": "None", "comprehensiveIncomeNetOfTax": "None", "ebit": "1229000000", "ebitda": "1609000000", "netIncome": "711000000"}, {"fiscalDateEnding": "2005-12-31", "reportedCurrency": "USD", "grossProfit": "3728000000", "totalRevenue": "10201000000", "costOfRevenue": "6473000000", "costofGoodsAndServicesSold": "6473000000", "operatingIncome": "1276000000", "sellingGeneralAndAdministrative": "1771000000", "researchAndDevelopment": "309000000", "operatingExpenses": "2452000000", "investmentIncomeNet": "None", "netInterestIncome": "None", "interestIncome": "None", "interestExpense": "0", "nonInterestIncome": "None", "otherNonOperatingIncome": "None", "depreciation": "None", "depreciationAndAmortization": "372000000", "incomeBeforeTax": "947000000", "incomeTaxExpense": "282000000", "interestAndDebtExpense": "None", "netIncomeFromContinuingOperations": "None", "comprehensiveIncomeNetOfTax": "None", "ebit": "1184000000", "ebitda": "1556000000", "netIncome": "596000000"}], "quarterlyReports": [{"fiscalDateEnding": "2024-12-31", "reportedCurrency": "USD", "grossProfit": "755000000", "totalRevenue": "2165000000", "costOfRevenue": "1410000000", "costofGoodsAndServicesSold": "1410000000", "operatingIncome": "381000000", "sellingGeneralAndAdministrative": "188000000", "researchAndDevelopment": "98000000", "operatingExpenses": "374000000", "investmentIncomeNet": "None", "netInterestIncome": "-15000000", "interestIncome": "42000000", "interestExpense": "57000000", "nonInterestIncome": "None", "otherNonOperatingIncome": "None", "depreciation": "None", "depreciationAndAmortization": "88000000", "incomeBeforeTax": "10000000", "incomeTaxExpense": "53000000", "interestAndDebtExpense": "None", "netIncomeFromContinuingOperations": "-43000000", "comprehensiveIncomeNetOfTax": "None", "ebit": "67000000", "ebitda": "155000000", "netIncome": "-280000000"}, {"fiscalDateEnding": "2024-09-30", "reportedCurrency": "USD", "grossProfit": "1912000000", "totalRevenue": "4575000000", "costOfRevenue": "2663000000", "costofGoodsAndServicesSold": "2663000000", "operatingIncome": "616000000", "sellingGeneralAndAdministrative": "1062000000", "researchAndDevelopment": "105000000", "operatingExpenses": "1296000000", "investmentIncomeNet": "None", "netInterestIncome": "-19000000", "interestIncome": "48000000", "interestExpense": "67000000", "nonInterestIncome": "None", "otherNonOperatingIncome": "None", "depreciation": "None", "depreciationAndAmortization": "129000000", "incomeBeforeTax": "611000000", "incomeTaxExpense": "137000000", "interestAndDebtExpense": "None", "netIncomeFromContinuingOperations": "474000000", "comprehensiveIncomeNetOfTax": "None", "ebit": "678000000", "ebitda": "807000000", "netIncome": "468000000"}, {"fiscalDateEnding": "2024-06-30", "reportedCurrency": "USD", "grossProfit": "1905000000", "totalRevenue": "4794000000", "costOfRevenue": "2889000000", "costofGoodsAndServicesSold": "2889000000", "operatingIncome": "717000000", "sellingGeneralAndAdministrative": "1077000000", "researchAndDevelopment": "111000000", "operatingExpenses": "1188000000", "investmentIncomeNet": "None", "netInterestIncome": "-17000000", "interestIncome": "45000000", "interestExpense": "62000000", "nonInterestIncome": "None", "otherNonOperatingIncome": "None", "depreciation": "None", "depreciationAndAmortization": "155000000", "incomeBeforeTax": "693000000", "incomeTaxExpense": "156000000", "interestAndDebtExpense": "None", "netIncomeFromContinuingOperations": "537000000", "comprehensiveIncomeNetOfTax": "None", "ebit": "756000000", "ebitda": "911000000", "netIncome": "528000000"}, {"fiscalDateEnding": "2024-03-31", "reportedCurrency": "USD", "grossProfit": "1722000000", "totalRevenue": "4311000000", "costOfRevenue": "2589000000", "costofGoodsAndServicesSold": "2589000000", "operatingIncome": "549000000", "sellingGeneralAndAdministrative": "1064000000", "researchAndDevelopment": "109000000", "operatingExpenses": "1173000000", "investmentIncomeNet": "None", "netInterestIncome": "-13000000", "interestIncome": "42000000", "interestExpense": "55000000", "nonInterestIncome": "None", "otherNonOperatingIncome": "None", "depreciation": "None", "depreciationAndAmortization": "144000000", "incomeBeforeTax": "538000000", "incomeTaxExpense": "129000000", "interestAndDebtExpense": "None", "netIncomeFromContinuingOperations": "409000000", "comprehensiveIncomeNetOfTax": "None", "ebit": "592000000", "ebitda": "736000000", "netIncome": "400000000"}, {"fiscalDateEnding": "2023-12-31", "reportedCurrency": "USD", "grossProfit": "1819000000", "totalRevenue": "4350000000", "costOfRevenue": "2531000000", "costofGoodsAndServicesSold": "2531000000", "operatingIncome": "179000000", "sellingGeneralAndAdministrative": "1114000000", "researchAndDevelopment": "111000000", "operatingExpenses": "1375000000", "investmentIncomeNet": "None", "netInterestIncome": "-13000000", "interestIncome": "44000000", "interestExpense": "57000000", "nonInterestIncome": "None", "otherNonOperatingIncome": "None", "depreciation": "None", "depreciationAndAmortization": "180000000", "incomeBeforeTax": "192000000", "incomeTaxExpense": "89000000", "interestAndDebtExpense": "None", "netIncomeFromContinuingOperations": "103000000", "comprehensiveIncomeNetOfTax": "None", "ebit": "248000000", "ebitda": "428000000", "netIncome": "90000000"}, {"fiscalDateEnding": "2023-09-30", "reportedCurrency": "USD", "grossProfit": "1892000000", "totalRevenue": "4644000000", "costOfRevenue": "2752000000", "costofGoodsAndServicesSold": "2752000000", "operatingIncome": "584000000", "sellingGeneralAndAdministrative": "1047000000", "researchAndDevelopment": "108000000", "operatingExpenses": "1297000000", "investmentIncomeNet": "None", "netInterestIncome": "-25000000", "interestIncome": "25000000", "interestExpense": "64000000", "nonInterestIncome": "None", "otherNonOperatingIncome": "None", "depreciation": "None", "depreciationAndAmortization": "145000000", "incomeBeforeTax": "557000000", "incomeTaxExpense": "121000000", "interestAndDebtExpense": "None", "netIncomeFromContinuingOperations": "436000000", "comprehensiveIncomeNetOfTax": "None", "ebit": "621000000", "ebitda": "766000000", "netIncome": "426000000"}, {"fiscalDateEnding": "2023-06-30", "reportedCurrency": "USD", "grossProfit": "2006000000", "totalRevenue": "4872000000", "costOfRevenue": "2866000000", "costofGoodsAndServicesSold": "2866000000", "operatingIncome": "687000000", "sellingGeneralAndAdministrative": "1069000000", "researchAndDevelopment": "110000000", "operatingExpenses": "1312000000", "investmentIncomeNet": "None", "netInterestIncome": "-35000000", "interestIncome": "32000000", "interestExpense": "67000000", "nonInterestIncome": "None", "otherNonOperatingIncome": "32000000", "depreciation": "None", "depreciationAndAmortization": "143000000", "incomeBeforeTax": "646000000", "incomeTaxExpense": "149000000", "interestAndDebtExpense": "None", "netIncomeFromContinuingOperations": "497000000", "comprehensiveIncomeNetOfTax": "None", "ebit": "713000000", "ebitda": "856000000", "netIncome": "490000000"}, {"fiscalDateEnding": "2023-03-31", "reportedCurrency": "USD", "grossProfit": "1784000000", "totalRevenue": "4380000000", "costOfRevenue": "2596000000", "costofGoodsAndServicesSold": "2596000000", "operatingIncome": "567000000", "sellingGeneralAndAdministrative": "1182000000", "researchAndDevelopment": "104000000", "operatingExpenses": "1419000000", "investmentIncomeNet": "None", "netInterestIncome": "-34000000", "interestIncome": "25000000", "interestExpense": "59000000", "nonInterestIncome": "None", "otherNonOperatingIncome": "25000000", "depreciation": "None", "depreciationAndAmortization": "136000000", "incomeBeforeTax": "353000000", "incomeTaxExpense": "80000000", "interestAndDebtExpense": "None", "netIncomeFromContinuingOperations": "273000000", "comprehensiveIncomeNetOfTax": "None", "ebit": "415000000", "ebitda": "551000000", "netIncome": "264000000"}, {"fiscalDateEnding": "2022-12-31", "reportedCurrency": "USD", "grossProfit": "1562000000", "totalRevenue": "4185000000", "costOfRevenue": "2623000000", "costofGoodsAndServicesSold": "2623000000", "operatingIncome": "363000000", "sellingGeneralAndAdministrative": "955000000", "researchAndDevelopment": "108000000", "operatingExpenses": "1196000000", "investmentIncomeNet": "None", "netInterestIncome": "-33000000", "interestIncome": "33000000", "interestExpense": "53000000", "nonInterestIncome": "None", "otherNonOperatingIncome": "80000000", "depreciation": "None", "depreciationAndAmortization": "135000000", "incomeBeforeTax": "319000000", "incomeTaxExpense": "73000000", "interestAndDebtExpense": "None", "netIncomeFromContinuingOperations": "246000000", "comprehensiveIncomeNetOfTax": "None", "ebit": "378000000", "ebitda": "513000000", "netIncome": "238000000"}, {"fiscalDateEnding": "2022-09-30", "reportedCurrency": "USD", "grossProfit": "1647000000", "totalRevenue": "4468000000", "costOfRevenue": "2821000000", "costofGoodsAndServicesSold": "2821000000", "operatingIncome": "476000000", "sellingGeneralAndAdministrative": "931000000", "researchAndDevelopment": "110000000", "operatingExpenses": "1176000000", "investmentIncomeNet": "None", "netInterestIncome": "-32000000", "interestIncome": "32000000", "interestExpense": "46000000", "nonInterestIncome": "None", "otherNonOperatingIncome": "14000000", "depreciation": "None", "depreciationAndAmortization": "138000000", "incomeBeforeTax": "418000000", "incomeTaxExpense": "79000000", "interestAndDebtExpense": "None", "netIncomeFromContinuingOperations": "339000000", "comprehensiveIncomeNetOfTax": "None", "ebit": "469000000", "ebitda": "607000000", "netIncome": "329000000"}, {"fiscalDateEnding": "2022-06-30", "reportedCurrency": "USD", "grossProfit": "1737000000", "totalRevenue": "4691000000", "costOfRevenue": "2954000000", "costofGoodsAndServicesSold": "2954000000", "operatingIncome": "503000000", "sellingGeneralAndAdministrative": "982000000", "researchAndDevelopment": "115000000", "operatingExpenses": "1238000000", "investmentIncomeNet": "None", "netInterestIncome": "-27000000", "interestIncome": "11000000", "interestExpense": "38000000", "nonInterestIncome": "None", "otherNonOperatingIncome": "11000000", "depreciation": "None", "depreciationAndAmortization": "143000000", "incomeBeforeTax": "566000000", "incomeTaxExpense": "118000000", "interestAndDebtExpense": "None", "netIncomeFromContinuingOperations": "448000000", "comprehensiveIncomeNetOfTax": "None", "ebit": "607000000", "ebitda": "750000000", "netIncome": "441000000"}, {"fiscalDateEnding": "2022-03-31", "reportedCurrency": "USD", "grossProfit": "1610000000", "totalRevenue": "4308000000", "costOfRevenue": "2698000000", "costofGoodsAndServicesSold": "2698000000", "operatingIncome": "376000000", "sellingGeneralAndAdministrative": "974000000", "researchAndDevelopment": "115000000", "operatingExpenses": "1234000000", "investmentIncomeNet": "None", "netInterestIncome": "-21000000", "interestIncome": "9000000", "interestExpense": "30000000", "nonInterestIncome": "None", "otherNonOperatingIncome": "9000000", "depreciation": "None", "depreciationAndAmortization": "151000000", "incomeBeforeTax": "78000000", "incomeTaxExpense": "55000000", "interestAndDebtExpense": "None", "netIncomeFromContinuingOperations": "23000000", "comprehensiveIncomeNetOfTax": "None", "ebit": "105000000", "ebitda": "256000000", "netIncome": "18000000"}, {"fiscalDateEnding": "2021-12-31", "reportedCurrency": "USD", "grossProfit": "1498000000", "totalRevenue": "4190000000", "costOfRevenue": "2692000000", "costofGoodsAndServicesSold": "2692000000", "operatingIncome": "284000000", "sellingGeneralAndAdministrative": "1034000000", "researchAndDevelopment": "116000000", "operatingExpenses": "1299000000", "investmentIncomeNet": "None", "netInterestIncome": "-23000000", "interestIncome": "23000000", "interestExpense": "30000000", "nonInterestIncome": "None", "otherNonOperatingIncome": "7000000", "depreciation": "None", "depreciationAndAmortization": "157000000", "incomeBeforeTax": "282000000", "incomeTaxExpense": "4000000", "interestAndDebtExpense": "None", "netIncomeFromContinuingOperations": "278000000", "comprehensiveIncomeNetOfTax": "None", "ebit": "319000000", "ebitda": "476000000", "netIncome": "286000000"}, {"fiscalDateEnding": "2021-09-30", "reportedCurrency": "USD", "grossProfit": "1639000000", "totalRevenue": "4372000000", "costOfRevenue": "2733000000", "costofGoodsAndServicesSold": "2733000000", "operatingIncome": "446000000", "sellingGeneralAndAdministrative": "950000000", "researchAndDevelopment": "114000000", "operatingExpenses": "1210000000", "investmentIncomeNet": "None", "netInterestIncome": "-23000000", "interestIncome": "7000000", "interestExpense": "30000000", "nonInterestIncome": "None", "otherNonOperatingIncome": "7000000", "depreciation": "None", "depreciationAndAmortization": "151000000", "incomeBeforeTax": "441000000", "incomeTaxExpense": "96000000", "interestAndDebtExpense": "None", "netIncomeFromContinuingOperations": "345000000", "comprehensiveIncomeNetOfTax": "None", "ebit": "478000000", "ebitda": "629000000", "netIncome": "344000000"}, {"fiscalDateEnding": "2021-06-30", "reportedCurrency": "USD", "grossProfit": "1730000000", "totalRevenue": "4359000000", "costOfRevenue": "2629000000", "costofGoodsAndServicesSold": "2629000000", "operatingIncome": "548000000", "sellingGeneralAndAdministrative": "955000000", "researchAndDevelopment": "107000000", "operatingExpenses": "1199000000", "investmentIncomeNet": "None", "netInterestIncome": "-25000000", "interestIncome": "6000000", "interestExpense": "31000000", "nonInterestIncome": "None", "otherNonOperatingIncome": "6000000", "depreciation": "None", "depreciationAndAmortization": "149000000", "incomeBeforeTax": "593000000", "incomeTaxExpense": "160000000", "interestAndDebtExpense": "None", "netIncomeFromContinuingOperations": "433000000", "comprehensiveIncomeNetOfTax": "None", "ebit": "627000000", "ebitda": "776000000", "netIncome": "431000000"}, {"fiscalDateEnding": "2021-03-31", "reportedCurrency": "USD", "grossProfit": "1649000000", "totalRevenue": "3881000000", "costOfRevenue": "2232000000", "costofGoodsAndServicesSold": "2232000000", "operatingIncome": "513000000", "sellingGeneralAndAdministrative": "891000000", "researchAndDevelopment": "102000000", "operatingExpenses": "1122000000", "investmentIncomeNet": "None", "netInterestIncome": "-24000000", "interestIncome": "6000000", "interestExpense": "30000000", "nonInterestIncome": "None", "otherNonOperatingIncome": "6000000", "depreciation": "None", "depreciationAndAmortization": "129000000", "incomeBeforeTax": "499000000", "incomeTaxExpense": "114000000", "interestAndDebtExpense": "None", "netIncomeFromContinuingOperations": "385000000", "comprehensiveIncomeNetOfTax": "None", "ebit": "513000000", "ebitda": "642000000", "netIncome": "378000000"}, {"fiscalDateEnding": "2020-12-31", "reportedCurrency": "USD", "grossProfit": "1617000000", "totalRevenue": "3757000000", "costOfRevenue": "2140000000", "costofGoodsAndServicesSold": "2140000000", "operatingIncome": "457000000", "sellingGeneralAndAdministrative": "882000000", "researchAndDevelopment": "100000000", "operatingExpenses": "1107000000", "investmentIncomeNet": "None", "netInterestIncome": "-26000000", "interestIncome": "5000000", "interestExpense": "31000000", "nonInterestIncome": "None", "otherNonOperatingIncome": "5000000", "depreciation": "None", "depreciationAndAmortization": "125000000", "incomeBeforeTax": "345000000", "incomeTaxExpense": "67000000", "interestAndDebtExpense": "None", "netIncomeFromContinuingOperations": "136000000", "comprehensiveIncomeNetOfTax": "None", "ebit": "457000000", "ebitda": "582000000", "netIncome": "272000000"}, {"fiscalDateEnding": "2020-09-30", "reportedCurrency": "USD", "grossProfit": "1659000000", "totalRevenue": "3685000000", "costOfRevenue": "2026000000", "costofGoodsAndServicesSold": "2026000000", "operatingIncome": "578000000", "sellingGeneralAndAdministrative": "836000000", "researchAndDevelopment": "92000000", "operatingExpenses": "1060000000", "investmentIncomeNet": "None", "netInterestIncome": "-30000000", "interestIncome": "30000000", "interestExpense": "34000000", "nonInterestIncome": "None", "otherNonOperatingIncome": "4000000", "depreciation": "None", "depreciationAndAmortization": "132000000", "incomeBeforeTax": "572000000", "incomeTaxExpense": "124000000", "interestAndDebtExpense": "None", "netIncomeFromContinuingOperations": "448000000", "comprehensiveIncomeNetOfTax": "None", "ebit": "578000000", "ebitda": "710000000", "netIncome": "442000000"}, {"fiscalDateEnding": "2020-06-30", "reportedCurrency": "USD", "grossProfit": "1312000000", "totalRevenue": "3015000000", "costOfRevenue": "1703000000", "costofGoodsAndServicesSold": "1703000000", "operatingIncome": "316000000", "sellingGeneralAndAdministrative": "766000000", "researchAndDevelopment": "86000000", "operatingExpenses": "975000000", "investmentIncomeNet": "None", "netInterestIncome": "-36000000", "interestIncome": "5000000", "interestExpense": "41000000", "nonInterestIncome": "None", "otherNonOperatingIncome": "5000000", "depreciation": "None", "depreciationAndAmortization": "123000000", "incomeBeforeTax": "126000000", "incomeTaxExpense": "29000000", "interestAndDebtExpense": "None", "netIncomeFromContinuingOperations": "97000000", "comprehensiveIncomeNetOfTax": "None", "ebit": "316000000", "ebitda": "439000000", "netIncome": "102000000"}, {"fiscalDateEnding": "2020-03-31", "reportedCurrency": "USD", "grossProfit": "1469000000", "totalRevenue": "3377000000", "costOfRevenue": "1908000000", "costofGoodsAndServicesSold": "1908000000", "operatingIncome": "308000000", "sellingGeneralAndAdministrative": "905000000", "researchAndDevelopment": "101000000", "operatingExpenses": "1135000000", "investmentIncomeNet": "None", "netInterestIncome": "-23000000", "interestIncome": "9000000", "interestExpense": "32000000", "nonInterestIncome": "None", "otherNonOperatingIncome": "9000000", "depreciation": "None", "depreciationAndAmortization": "129000000", "incomeBeforeTax": "319000000", "incomeTaxExpense": "71000000", "interestAndDebtExpense": "None", "netIncomeFromContinuingOperations": "390000000", "comprehensiveIncomeNetOfTax": "None", "ebit": "308000000", "ebitda": "437000000", "netIncome": "243000000"}, {"fiscalDateEnding": "2019-12-31", "reportedCurrency": "USD", "grossProfit": "1561000000", "totalRevenue": "3672000000", "costOfRevenue": "2111000000", "costofGoodsAndServicesSold": "2111000000", "operatingIncome": "401000000", "sellingGeneralAndAdministrative": "894000000", "researchAndDevelopment": "109000000", "operatingExpenses": "1137000000", "investmentIncomeNet": "None", "netInterestIncome": "-24000000", "interestIncome": "9000000", "interestExpense": "33000000", "nonInterestIncome": "None", "otherNonOperatingIncome": "9000000", "depreciation": "None", "depreciationAndAmortization": "134000000", "incomeBeforeTax": "398000000", "incomeTaxExpense": "95000000", "interestAndDebtExpense": "None", "netIncomeFromContinuingOperations": "303000000", "comprehensiveIncomeNetOfTax": "None", "ebit": "401000000", "ebitda": "535000000", "netIncome": "292000000"}, {"fiscalDateEnding": "2019-09-30", "reportedCurrency": "USD", "grossProfit": "1645000000", "totalRevenue": "3826000000", "costOfRevenue": "2181000000", "costofGoodsAndServicesSold": "2181000000", "operatingIncome": "465000000", "sellingGeneralAndAdministrative": "887000000", "researchAndDevelopment": "107000000", "operatingExpenses": "1127000000", "investmentIncomeNet": "None", "netInterestIncome": "-23000000", "interestIncome": "10000000", "interestExpense": "33000000", "nonInterestIncome": "None", "otherNonOperatingIncome": "10000000", "depreciation": "None", "depreciationAndAmortization": "133000000", "incomeBeforeTax": "481000000", "incomeTaxExpense": "109000000", "interestAndDebtExpense": "None", "netIncomeFromContinuingOperations": "372000000", "comprehensiveIncomeNetOfTax": "None", "ebit": "465000000", "ebitda": "598000000", "netIncome": "367000000"}, {"fiscalDateEnding": "2019-06-30", "reportedCurrency": "USD", "grossProfit": "1736000000", "totalRevenue": "4024000000", "costOfRevenue": "2288000000", "costofGoodsAndServicesSold": "2288000000", "operatingIncome": "536000000", "sellingGeneralAndAdministrative": "934000000", "researchAndDevelopment": "111000000", "operatingExpenses": "1171000000", "investmentIncomeNet": "None", "netInterestIncome": "-28000000", "interestIncome": "7000000", "interestExpense": "35000000", "nonInterestIncome": "None", "otherNonOperatingIncome": "7000000", "depreciation": "None", "depreciationAndAmortization": "126000000", "incomeBeforeTax": "363000000", "incomeTaxExpense": "86000000", "interestAndDebtExpense": "None", "netIncomeFromContinuingOperations": "277000000", "comprehensiveIncomeNetOfTax": "None", "ebit": "536000000", "ebitda": "662000000", "netIncome": "272000000"}, {"fiscalDateEnding": "2019-03-31", "reportedCurrency": "USD", "grossProfit": "1551000000", "totalRevenue": "3624000000", "costOfRevenue": "2073000000", "costofGoodsAndServicesSold": "2073000000", "operatingIncome": "419000000", "sellingGeneralAndAdministrative": "889000000", "researchAndDevelopment": "105000000", "operatingExpenses": "1112000000", "investmentIncomeNet": "None", "netInterestIncome": "-25000000", "interestIncome": "6000000", "interestExpense": "31000000", "nonInterestIncome": "None", "otherNonOperatingIncome": "6000000", "depreciation": "None", "depreciationAndAmortization": "118000000", "incomeBeforeTax": "419000000", "incomeTaxExpense": "102000000", "interestAndDebtExpense": "None", "netIncomeFromContinuingOperations": "317000000", "comprehensiveIncomeNetOfTax": "None", "ebit": "419000000", "ebitda": "537000000", "netIncome": "312000000"}, {"fiscalDateEnding": "2018-12-31", "reportedCurrency": "USD", "grossProfit": "1457000000", "totalRevenue": "3645000000", "costOfRevenue": "2188000000", "costofGoodsAndServicesSold": "2188000000", "operatingIncome": "302000000", "sellingGeneralAndAdministrative": "855000000", "researchAndDevelopment": "105000000", "operatingExpenses": "1087000000", "investmentIncomeNet": "None", "netInterestIncome": "None", "interestIncome": "None", "interestExpense": "30000000", "nonInterestIncome": "None", "otherNonOperatingIncome": "5000000", "depreciation": "None", "depreciationAndAmortization": "127000000", "incomeBeforeTax": "342000000", "incomeTaxExpense": "83000000", "interestAndDebtExpense": "None", "netIncomeFromContinuingOperations": "259000000", "comprehensiveIncomeNetOfTax": "None", "ebit": "302000000", "ebitda": "429000000", "netIncome": "258000000"}, {"fiscalDateEnding": "2018-09-30", "reportedCurrency": "USD", "grossProfit": "1564000000", "totalRevenue": "3817000000", "costOfRevenue": "2253000000", "costofGoodsAndServicesSold": "2253000000", "operatingIncome": "440000000", "sellingGeneralAndAdministrative": "867000000", "researchAndDevelopment": "110000000", "operatingExpenses": "1099000000", "investmentIncomeNet": "None", "netInterestIncome": "None", "interestIncome": "None", "interestExpense": "31000000", "nonInterestIncome": "None", "otherNonOperatingIncome": "6000000", "depreciation": "None", "depreciationAndAmortization": "122000000", "incomeBeforeTax": "451000000", "incomeTaxExpense": "79000000", "interestAndDebtExpense": "None", "netIncomeFromContinuingOperations": "372000000", "comprehensiveIncomeNetOfTax": "None", "ebit": "440000000", "ebitda": "562000000", "netIncome": "378000000"}, {"fiscalDateEnding": "2018-06-30", "reportedCurrency": "USD", "grossProfit": "1752000000", "totalRevenue": "4131000000", "costOfRevenue": "2379000000", "costofGoodsAndServicesSold": "2379000000", "operatingIncome": "562000000", "sellingGeneralAndAdministrative": "945000000", "researchAndDevelopment": "114000000", "operatingExpenses": "1184000000", "investmentIncomeNet": "None", "netInterestIncome": "None", "interestIncome": "None", "interestExpense": "31000000", "nonInterestIncome": "None", "otherNonOperatingIncome": "7000000", "depreciation": "None", "depreciationAndAmortization": "125000000", "incomeBeforeTax": "479000000", "incomeTaxExpense": "104000000", "interestAndDebtExpense": "None", "netIncomeFromContinuingOperations": "375000000", "comprehensiveIncomeNetOfTax": "None", "ebit": "562000000", "ebitda": "687000000", "netIncome": "371000000"}, {"fiscalDateEnding": "2018-03-31", "reportedCurrency": "USD", "grossProfit": "1604000000", "totalRevenue": "3786000000", "costOfRevenue": "2182000000", "costofGoodsAndServicesSold": "2182000000", "operatingIncome": "414000000", "sellingGeneralAndAdministrative": "903000000", "researchAndDevelopment": "112000000", "operatingExpenses": "1136000000", "investmentIncomeNet": "None", "netInterestIncome": "None", "interestIncome": "None", "interestExpense": "26000000", "nonInterestIncome": "None", "otherNonOperatingIncome": "5000000", "depreciation": "None", "depreciationAndAmortization": "121000000", "incomeBeforeTax": "462000000", "incomeTaxExpense": "109000000", "interestAndDebtExpense": "None", "netIncomeFromContinuingOperations": "334000000", "comprehensiveIncomeNetOfTax": "None", "ebit": "2507000000", "ebitda": "2628000000", "netIncome": "334000000"}, {"fiscalDateEnding": "2017-12-31", "reportedCurrency": "USD", "grossProfit": "1565000000", "totalRevenue": "3682000000", "costOfRevenue": "2117000000", "costofGoodsAndServicesSold": "2117000000", "operatingIncome": "380000000", "sellingGeneralAndAdministrative": "950000000", "researchAndDevelopment": "116000000", "operatingExpenses": "1186000000", "investmentIncomeNet": "None", "netInterestIncome": "None", "interestIncome": "None", "interestExpense": "27000000", "nonInterestIncome": "None", "otherNonOperatingIncome": "7000000", "depreciation": "None", "depreciationAndAmortization": "120000000", "incomeBeforeTax": "376000000", "incomeTaxExpense": "187000000", "interestAndDebtExpense": "None", "netIncomeFromContinuingOperations": "144000000", "comprehensiveIncomeNetOfTax": "None", "ebit": "380000000", "ebitda": "500000000", "netIncome": "151000000"}, {"fiscalDateEnding": "2017-09-30", "reportedCurrency": "USD", "grossProfit": "1676000000", "totalRevenue": "3776000000", "costOfRevenue": "2100000000", "costofGoodsAndServicesSold": "2100000000", "operatingIncome": "529000000", "sellingGeneralAndAdministrative": "905000000", "researchAndDevelopment": "114000000", "operatingExpenses": "1136000000", "investmentIncomeNet": "None", "netInterestIncome": "None", "interestIncome": "None", "interestExpense": "27000000", "nonInterestIncome": "None", "otherNonOperatingIncome": "5000000", "depreciation": "None", "depreciationAndAmortization": "117000000", "incomeBeforeTax": "521000000", "incomeTaxExpense": "123000000", "interestAndDebtExpense": "None", "netIncomeFromContinuingOperations": "398000000", "comprehensiveIncomeNetOfTax": "None", "ebit": "529000000", "ebitda": "646000000", "netIncome": "610000000"}, {"fiscalDateEnding": "2017-06-30", "reportedCurrency": "USD", "grossProfit": "1724000000", "totalRevenue": "3806000000", "costOfRevenue": "2082000000", "costofGoodsAndServicesSold": "2082000000", "operatingIncome": "612000000", "sellingGeneralAndAdministrative": "865000000", "researchAndDevelopment": "113000000", "operatingExpenses": "1091000000", "investmentIncomeNet": "None", "netInterestIncome": "None", "interestIncome": "None", "interestExpense": "26000000", "nonInterestIncome": "None", "otherNonOperatingIncome": "4000000", "depreciation": "None", "depreciationAndAmortization": "113000000", "incomeBeforeTax": "671000000", "incomeTaxExpense": "162000000", "interestAndDebtExpense": "None", "netIncomeFromContinuingOperations": "509000000", "comprehensiveIncomeNetOfTax": "None", "ebit": "612000000", "ebitda": "725000000", "netIncome": "496000000"}, {"fiscalDateEnding": "2017-03-31", "reportedCurrency": "USD", "grossProfit": "1600000000", "totalRevenue": "3569000000", "costOfRevenue": "1969000000", "costofGoodsAndServicesSold": "1969000000", "operatingIncome": "465000000", "sellingGeneralAndAdministrative": "918000000", "researchAndDevelopment": "110000000", "operatingExpenses": "1142000000", "investmentIncomeNet": "None", "netInterestIncome": "None", "interestIncome": "None", "interestExpense": "25000000", "nonInterestIncome": "None", "otherNonOperatingIncome": "4000000", "depreciation": "None", "depreciationAndAmortization": "114000000", "incomeBeforeTax": "448000000", "incomeTaxExpense": "109000000", "interestAndDebtExpense": "None", "netIncomeFromContinuingOperations": "339000000", "comprehensiveIncomeNetOfTax": "None", "ebit": "474000000", "ebitda": "588000000", "netIncome": "337000000"}, {"fiscalDateEnding": "2016-12-31", "reportedCurrency": "USD", "grossProfit": "1529000000", "totalRevenue": "3497000000", "costOfRevenue": "1968000000", "costofGoodsAndServicesSold": "1968000000", "operatingIncome": "364000000", "sellingGeneralAndAdministrative": "986000000", "researchAndDevelopment": "115000000", "operatingExpenses": "1181000000", "investmentIncomeNet": "None", "netInterestIncome": "None", "interestIncome": "None", "interestExpense": "29000000", "nonInterestIncome": "None", "otherNonOperatingIncome": "6000000", "depreciation": "None", "depreciationAndAmortization": "113000000", "incomeBeforeTax": "140000000", "incomeTaxExpense": "59000000", "interestAndDebtExpense": "None", "netIncomeFromContinuingOperations": "52000000", "comprehensiveIncomeNetOfTax": "None", "ebit": "360000000", "ebitda": "473000000", "netIncome": "340000000"}, {"fiscalDateEnding": "2016-09-30", "reportedCurrency": "USD", "grossProfit": "1708000000", "totalRevenue": "3789000000", "costOfRevenue": "2081000000", "costofGoodsAndServicesSold": "2081000000", "operatingIncome": "549000000", "sellingGeneralAndAdministrative": "1984000000", "researchAndDevelopment": "117000000", "operatingExpenses": "2103000000", "investmentIncomeNet": "None", "netInterestIncome": "None", "interestIncome": "None", "interestExpense": "34000000", "nonInterestIncome": "None", "otherNonOperatingIncome": "6000000", "depreciation": "None", "depreciationAndAmortization": "119000000", "incomeBeforeTax": "-413000000", "incomeTaxExpense": "-217000000", "interestAndDebtExpense": "None", "netIncomeFromContinuingOperations": "-196000000", "comprehensiveIncomeNetOfTax": "None", "ebit": "-376000000", "ebitda": "-257000000", "netIncome": "-184000000"}, {"fiscalDateEnding": "2016-06-30", "reportedCurrency": "USD", "grossProfit": "1874000000", "totalRevenue": "4064000000", "costOfRevenue": "2190000000", "costofGoodsAndServicesSold": "2190000000", "operatingIncome": "621000000", "sellingGeneralAndAdministrative": "956000000", "researchAndDevelopment": "119000000", "operatingExpenses": "1196000000", "investmentIncomeNet": "None", "netInterestIncome": "None", "interestIncome": "None", "interestExpense": "31000000", "nonInterestIncome": "None", "otherNonOperatingIncome": "7000000", "depreciation": "None", "depreciationAndAmortization": "121000000", "incomeBeforeTax": "673000000", "incomeTaxExpense": "297000000", "interestAndDebtExpense": "None", "netIncomeFromContinuingOperations": "376000000", "comprehensiveIncomeNetOfTax": "None", "ebit": "603000000", "ebitda": "724000000", "netIncome": "370000000"}, {"fiscalDateEnding": "2016-03-31", "reportedCurrency": "USD", "grossProfit": "1659000000", "totalRevenue": "3672000000", "costOfRevenue": "2013000000", "costofGoodsAndServicesSold": "2013000000", "operatingIncome": "459000000", "sellingGeneralAndAdministrative": "919000000", "researchAndDevelopment": "118000000", "operatingExpenses": "1158000000", "investmentIncomeNet": "None", "netInterestIncome": "None", "interestIncome": "None", "interestExpense": "31000000", "nonInterestIncome": "None", "otherNonOperatingIncome": "7000000", "depreciation": "None", "depreciationAndAmortization": "121000000", "incomeBeforeTax": "471000000", "incomeTaxExpense": "117000000", "interestAndDebtExpense": "None", "netIncomeFromContinuingOperations": "354000000", "comprehensiveIncomeNetOfTax": "None", "ebit": "453000000", "ebitda": "574000000", "netIncome": "347000000"}, {"fiscalDateEnding": "2015-12-31", "reportedCurrency": "USD", "grossProfit": "1603000000", "totalRevenue": "3696000000", "costOfRevenue": "2093000000", "costofGoodsAndServicesSold": "2093000000", "operatingIncome": "437000000", "sellingGeneralAndAdministrative": "922000000", "researchAndDevelopment": "125000000", "operatingExpenses": "1172000000", "investmentIncomeNet": "None", "netInterestIncome": "None", "interestIncome": "None", "interestExpense": "32000000", "nonInterestIncome": "None", "otherNonOperatingIncome": "9000000", "depreciation": "None", "depreciationAndAmortization": "125000000", "incomeBeforeTax": "419000000", "incomeTaxExpense": "100000000", "interestAndDebtExpense": "None", "netIncomeFromContinuingOperations": "319000000", "comprehensiveIncomeNetOfTax": "None", "ebit": "451000000", "ebitda": "576000000", "netIncome": "314000000"}, {"fiscalDateEnding": "2015-09-30", "reportedCurrency": "USD", "grossProfit": "1722000000", "totalRevenue": "3872000000", "costOfRevenue": "2150000000", "costofGoodsAndServicesSold": "2150000000", "operatingIncome": "543000000", "sellingGeneralAndAdministrative": "890000000", "researchAndDevelopment": "119000000", "operatingExpenses": "1134000000", "investmentIncomeNet": "None", "netInterestIncome": "None", "interestIncome": "None", "interestExpense": "31000000", "nonInterestIncome": "None", "otherNonOperatingIncome": "10000000", "depreciation": "None", "depreciationAndAmortization": "125000000", "incomeBeforeTax": "581000000", "incomeTaxExpense": "142000000", "interestAndDebtExpense": "None", "netIncomeFromContinuingOperations": "439000000", "comprehensiveIncomeNetOfTax": "None", "ebit": "612000000", "ebitda": "737000000", "netIncome": "433000000"}, {"fiscalDateEnding": "2015-06-30", "reportedCurrency": "USD", "grossProfit": "1817000000", "totalRevenue": "4100000000", "costOfRevenue": "2283000000", "costofGoodsAndServicesSold": "2283000000", "operatingIncome": "454000000", "sellingGeneralAndAdministrative": "954000000", "researchAndDevelopment": "123000000", "operatingExpenses": "1202000000", "investmentIncomeNet": "None", "netInterestIncome": "None", "interestIncome": "None", "interestExpense": "34000000", "nonInterestIncome": "None", "otherNonOperatingIncome": "10000000", "depreciation": "None", "depreciationAndAmortization": "125000000", "incomeBeforeTax": "452000000", "incomeTaxExpense": "110000000", "interestAndDebtExpense": "None", "netIncomeFromContinuingOperations": "342000000", "comprehensiveIncomeNetOfTax": "None", "ebit": "454000000", "ebitda": "579000000", "netIncome": "337000000"}, {"fiscalDateEnding": "2015-03-31", "reportedCurrency": "USD", "grossProfit": "1597000000", "totalRevenue": "3662000000", "costOfRevenue": "2065000000", "costofGoodsAndServicesSold": "2065000000", "operatingIncome": "444000000", "sellingGeneralAndAdministrative": "914000000", "researchAndDevelopment": "119000000", "operatingExpenses": "1153000000", "investmentIncomeNet": "None", "netInterestIncome": "None", "interestIncome": "None", "interestExpense": "29000000", "nonInterestIncome": "None", "otherNonOperatingIncome": "11000000", "depreciation": "None", "depreciationAndAmortization": "120000000", "incomeBeforeTax": "430000000", "incomeTaxExpense": "104000000", "interestAndDebtExpense": "None", "netIncomeFromContinuingOperations": "326000000", "comprehensiveIncomeNetOfTax": "None", "ebit": "444000000", "ebitda": "564000000", "netIncome": "322000000"}, {"fiscalDateEnding": "2014-12-31", "reportedCurrency": "USD", "grossProfit": "1542000000", "totalRevenue": "3707000000", "costOfRevenue": "2165000000", "costofGoodsAndServicesSold": "2165000000", "operatingIncome": "361000000", "sellingGeneralAndAdministrative": "932000000", "researchAndDevelopment": "126000000", "operatingExpenses": "1181000000", "investmentIncomeNet": "None", "netInterestIncome": "None", "interestIncome": "None", "interestExpense": "45000000", "nonInterestIncome": "None", "otherNonOperatingIncome": "-305000000", "depreciation": "None", "depreciationAndAmortization": "123000000", "incomeBeforeTax": "21000000", "incomeTaxExpense": "-71000000", "interestAndDebtExpense": "None", "netIncomeFromContinuingOperations": "92000000", "comprehensiveIncomeNetOfTax": "None", "ebit": "361000000", "ebitda": "484000000", "netIncome": "83000000"}, {"fiscalDateEnding": "2014-09-30", "reportedCurrency": "USD", "grossProfit": "1706000000", "totalRevenue": "3935000000", "costOfRevenue": "2229000000", "costofGoodsAndServicesSold": "2229000000", "operatingIncome": "526000000", "sellingGeneralAndAdministrative": "941000000", "researchAndDevelopment": "120000000", "operatingExpenses": "1180000000", "investmentIncomeNet": "None", "netInterestIncome": "None", "interestIncome": "None", "interestExpense": "47000000", "nonInterestIncome": "None", "otherNonOperatingIncome": "13000000", "depreciation": "None", "depreciationAndAmortization": "119000000", "incomeBeforeTax": "499000000", "incomeTaxExpense": "116000000", "interestAndDebtExpense": "None", "netIncomeFromContinuingOperations": "383000000", "comprehensiveIncomeNetOfTax": "None", "ebit": "526000000", "ebitda": "645000000", "netIncome": "371000000"}, {"fiscalDateEnding": "2014-06-30", "reportedCurrency": "USD", "grossProfit": "1776000000", "totalRevenue": "4082000000", "costOfRevenue": "2306000000", "costofGoodsAndServicesSold": "2306000000", "operatingIncome": "550000000", "sellingGeneralAndAdministrative": "985000000", "researchAndDevelopment": "126000000", "operatingExpenses": "1226000000", "investmentIncomeNet": "None", "netInterestIncome": "None", "interestIncome": "None", "interestExpense": "48000000", "nonInterestIncome": "None", "otherNonOperatingIncome": "13000000", "depreciation": "None", "depreciationAndAmortization": "115000000", "incomeBeforeTax": "524000000", "incomeTaxExpense": "125000000", "interestAndDebtExpense": "None", "netIncomeFromContinuingOperations": "399000000", "comprehensiveIncomeNetOfTax": "None", "ebit": "550000000", "ebitda": "665000000", "netIncome": "386000000"}, {"fiscalDateEnding": "2014-03-31", "reportedCurrency": "USD", "grossProfit": "1545000000", "totalRevenue": "3636000000", "costOfRevenue": "2091000000", "costofGoodsAndServicesSold": "2091000000", "operatingIncome": "380000000", "sellingGeneralAndAdministrative": "900000000", "researchAndDevelopment": "120000000", "operatingExpenses": "1139000000", "investmentIncomeNet": "None", "netInterestIncome": "None", "interestIncome": "None", "interestExpense": "47000000", "nonInterestIncome": "None", "otherNonOperatingIncome": "12000000", "depreciation": "None", "depreciationAndAmortization": "119000000", "incomeBeforeTax": "372000000", "incomeTaxExpense": "89000000", "interestAndDebtExpense": "None", "netIncomeFromContinuingOperations": "283000000", "comprehensiveIncomeNetOfTax": "None", "ebit": "380000000", "ebitda": "499000000", "netIncome": "1262000000"}, {"fiscalDateEnding": "2013-12-31", "reportedCurrency": "USD", "grossProfit": "1594000000", "totalRevenue": "3702000000", "costOfRevenue": "2108000000", "costofGoodsAndServicesSold": "2108000000", "operatingIncome": "406000000", "sellingGeneralAndAdministrative": "957000000", "researchAndDevelopment": "126000000", "operatingExpenses": "1208000000", "investmentIncomeNet": "None", "netInterestIncome": "None", "interestIncome": "None", "interestExpense": "48000000", "nonInterestIncome": "None", "otherNonOperatingIncome": "13000000", "depreciation": "None", "depreciationAndAmortization": "125000000", "incomeBeforeTax": "373000000", "incomeTaxExpense": "91000000", "interestAndDebtExpense": "None", "netIncomeFromContinuingOperations": "282000000", "comprehensiveIncomeNetOfTax": "None", "ebit": "421000000", "ebitda": "546000000", "netIncome": "254000000"}, {"fiscalDateEnding": "2013-09-30", "reportedCurrency": "USD", "grossProfit": "1742000000", "totalRevenue": "3980000000", "costOfRevenue": "2238000000", "costofGoodsAndServicesSold": "2238000000", "operatingIncome": "354000000", "sellingGeneralAndAdministrative": "964000000", "researchAndDevelopment": "123000000", "operatingExpenses": "1206000000", "investmentIncomeNet": "None", "netInterestIncome": "None", "interestIncome": "None", "interestExpense": "48000000", "nonInterestIncome": "None", "otherNonOperatingIncome": "11000000", "depreciation": "None", "depreciationAndAmortization": "119000000", "incomeBeforeTax": "309000000", "incomeTaxExpense": "60000000", "interestAndDebtExpense": "None", "netIncomeFromContinuingOperations": "249000000", "comprehensiveIncomeNetOfTax": "None", "ebit": "348000000", "ebitda": "467000000", "netIncome": "226000000"}, {"fiscalDateEnding": "2013-06-30", "reportedCurrency": "USD", "grossProfit": "1752000000", "totalRevenue": "4095000000", "costOfRevenue": "2343000000", "costofGoodsAndServicesSold": "2343000000", "operatingIncome": "434000000", "sellingGeneralAndAdministrative": "981000000", "researchAndDevelopment": "124000000", "operatingExpenses": "1229000000", "investmentIncomeNet": "None", "netInterestIncome": "None", "interestIncome": "None", "interestExpense": "47000000", "nonInterestIncome": "None", "otherNonOperatingIncome": "9000000", "depreciation": "None", "depreciationAndAmortization": "124000000", "incomeBeforeTax": "489000000", "incomeTaxExpense": "118000000", "interestAndDebtExpense": "None", "netIncomeFromContinuingOperations": "371000000", "comprehensiveIncomeNetOfTax": "None", "ebit": "464000000", "ebitda": "588000000", "netIncome": "341000000"}, {"fiscalDateEnding": "2013-03-31", "reportedCurrency": "USD", "grossProfit": "1384000000", "totalRevenue": "3331000000", "costOfRevenue": "1947000000", "costofGoodsAndServicesSold": "1947000000", "operatingIncome": "271000000", "sellingGeneralAndAdministrative": "797000000", "researchAndDevelopment": "115000000", "operatingExpenses": "1019000000", "investmentIncomeNet": "None", "netInterestIncome": "None", "interestIncome": "None", "interestExpense": "53000000", "nonInterestIncome": "None", "otherNonOperatingIncome": "10000000", "depreciation": "None", "depreciationAndAmortization": "107000000", "incomeBeforeTax": "318000000", "incomeTaxExpense": "64000000", "interestAndDebtExpense": "None", "netIncomeFromContinuingOperations": "254000000", "comprehensiveIncomeNetOfTax": "None", "ebit": "288000000", "ebitda": "395000000", "netIncome": "2410000000"}, {"fiscalDateEnding": "2012-12-31", "reportedCurrency": "USD", "grossProfit": "1448000000", "totalRevenue": "3648000000", "costOfRevenue": "2200000000", "costofGoodsAndServicesSold": "2200000000", "operatingIncome": "446000000", "sellingGeneralAndAdministrative": "677000000", "researchAndDevelopment": "118000000", "operatingExpenses": "1082000000", "investmentIncomeNet": "None", "netInterestIncome": "None", "interestIncome": "None", "interestExpense": "55000000", "nonInterestIncome": "None", "otherNonOperatingIncome": "10000000", "depreciation": "None", "depreciationAndAmortization": "117000000", "incomeBeforeTax": "338000000", "incomeTaxExpense": "85000000", "interestAndDebtExpense": "None", "netIncomeFromContinuingOperations": "253000000", "comprehensiveIncomeNetOfTax": "None", "ebit": "393000000", "ebitda": "510000000", "netIncome": "227000000"}, {"fiscalDateEnding": "2012-09-30", "reportedCurrency": "USD", "grossProfit": "1557000000", "totalRevenue": "3845000000", "costOfRevenue": "2288000000", "costofGoodsAndServicesSold": "2288000000", "operatingIncome": "512000000", "sellingGeneralAndAdministrative": "779000000", "researchAndDevelopment": "113000000", "operatingExpenses": "1045000000", "investmentIncomeNet": "None", "netInterestIncome": "None", "interestIncome": "None", "interestExpense": "54000000", "nonInterestIncome": "None", "otherNonOperatingIncome": "10000000", "depreciation": "None", "depreciationAndAmortization": "116000000", "incomeBeforeTax": "486000000", "incomeTaxExpense": "122000000", "interestAndDebtExpense": "None", "netIncomeFromContinuingOperations": "364000000", "comprehensiveIncomeNetOfTax": "None", "ebit": "522000000", "ebitda": "638000000", "netIncome": "339000000"}, {"fiscalDateEnding": "2012-06-30", "reportedCurrency": "USD", "grossProfit": "1603000000", "totalRevenue": "3955000000", "costOfRevenue": "2352000000", "costofGoodsAndServicesSold": "2352000000", "operatingIncome": "555000000", "sellingGeneralAndAdministrative": "792000000", "researchAndDevelopment": "113000000", "operatingExpenses": "1048000000", "investmentIncomeNet": "None", "netInterestIncome": "None", "interestIncome": "None", "interestExpense": "50000000", "nonInterestIncome": "None", "otherNonOperatingIncome": "9000000", "depreciation": "None", "depreciationAndAmortization": "114000000", "incomeBeforeTax": "527000000", "incomeTaxExpense": "131000000", "interestAndDebtExpense": "None", "netIncomeFromContinuingOperations": "396000000", "comprehensiveIncomeNetOfTax": "None", "ebit": "465000000", "ebitda": "579000000", "netIncome": "362000000"}, {"fiscalDateEnding": "2012-03-31", "reportedCurrency": "USD", "grossProfit": "1523000000", "totalRevenue": "3752000000", "costOfRevenue": "2229000000", "costofGoodsAndServicesSold": "2229000000", "operatingIncome": "443000000", "sellingGeneralAndAdministrative": "823000000", "researchAndDevelopment": "111000000", "operatingExpenses": "1080000000", "investmentIncomeNet": "None", "netInterestIncome": "None", "interestIncome": "None", "interestExpense": "51000000", "nonInterestIncome": "None", "otherNonOperatingIncome": "10000000", "depreciation": "None", "depreciationAndAmortization": "118000000", "incomeBeforeTax": "51000000", "incomeTaxExpense": "38000000", "interestAndDebtExpense": "None", "netIncomeFromContinuingOperations": "51000000", "comprehensiveIncomeNetOfTax": "None", "ebit": "453000000", "ebitda": "571000000", "netIncome": "13000000"}, {"fiscalDateEnding": "2011-12-31", "reportedCurrency": "USD", "grossProfit": "1333000000", "totalRevenue": "3517000000", "costOfRevenue": "2184000000", "costofGoodsAndServicesSold": "2184000000", "operatingIncome": "307000000", "sellingGeneralAndAdministrative": "802000000", "researchAndDevelopment": "109000000", "operatingExpenses": "1026000000", "investmentIncomeNet": "None", "netInterestIncome": "None", "interestIncome": "None", "interestExpense": "51000000", "nonInterestIncome": "None", "otherNonOperatingIncome": "31000000", "depreciation": "None", "depreciationAndAmortization": "115000000", "incomeBeforeTax": "284000000", "incomeTaxExpense": "45000000", "interestAndDebtExpense": "None", "netIncomeFromContinuingOperations": "239000000", "comprehensiveIncomeNetOfTax": "None", "ebit": "335000000", "ebitda": "450000000", "netIncome": "216000000"}, {"fiscalDateEnding": "2011-09-30", "reportedCurrency": "USD", "grossProfit": "1496000000", "totalRevenue": "3849000000", "costOfRevenue": "2353000000", "costofGoodsAndServicesSold": "2353000000", "operatingIncome": "466000000", "sellingGeneralAndAdministrative": "806000000", "researchAndDevelopment": "108000000", "operatingExpenses": "1030000000", "investmentIncomeNet": "None", "netInterestIncome": "None", "interestIncome": "None", "interestExpense": "51000000", "nonInterestIncome": "None", "otherNonOperatingIncome": "11000000", "depreciation": "None", "depreciationAndAmortization": "116000000", "incomeBeforeTax": "462000000", "incomeTaxExpense": "120000000", "interestAndDebtExpense": "None", "netIncomeFromContinuingOperations": "342000000", "comprehensiveIncomeNetOfTax": "None", "ebit": "513000000", "ebitda": "629000000", "netIncome": "311000000"}, {"fiscalDateEnding": "2011-06-30", "reportedCurrency": "USD", "grossProfit": "1569000000", "totalRevenue": "3986000000", "costOfRevenue": "2417000000", "costofGoodsAndServicesSold": "2417000000", "operatingIncome": "511000000", "sellingGeneralAndAdministrative": "829000000", "researchAndDevelopment": "110000000", "operatingExpenses": "1058000000", "investmentIncomeNet": "None", "netInterestIncome": "None", "interestIncome": "None", "interestExpense": "55000000", "nonInterestIncome": "None", "otherNonOperatingIncome": "None", "depreciation": "None", "depreciationAndAmortization": "119000000", "incomeBeforeTax": "500000000", "incomeTaxExpense": "128000000", "interestAndDebtExpense": "None", "netIncomeFromContinuingOperations": "372000000", "comprehensiveIncomeNetOfTax": "None", "ebit": "555000000", "ebitda": "674000000", "netIncome": "340000000"}, {"fiscalDateEnding": "2011-03-31", "reportedCurrency": "USD", "grossProfit": "1406000000", "totalRevenue": "3533000000", "costOfRevenue": "2127000000", "costofGoodsAndServicesSold": "2127000000", "operatingIncome": "389000000", "sellingGeneralAndAdministrative": "797000000", "researchAndDevelopment": "103000000", "operatingExpenses": "964000000", "investmentIncomeNet": "None", "netInterestIncome": "None", "interestIncome": "None", "interestExpense": "53000000", "nonInterestIncome": "None", "otherNonOperatingIncome": "None", "depreciation": "None", "depreciationAndAmortization": "117000000", "incomeBeforeTax": "351000000", "incomeTaxExpense": "92000000", "interestAndDebtExpense": "None", "netIncomeFromContinuingOperations": "259000000", "comprehensiveIncomeNetOfTax": "None", "ebit": "404000000", "ebitda": "521000000", "netIncome": "228000000"}, {"fiscalDateEnding": "2010-12-31", "reportedCurrency": "USD", "grossProfit": "1293000000", "totalRevenue": "3379000000", "costOfRevenue": "2086000000", "costofGoodsAndServicesSold": "2086000000", "operatingIncome": "300000000", "sellingGeneralAndAdministrative": "768000000", "researchAndDevelopment": "104000000", "operatingExpenses": "993000000", "investmentIncomeNet": "None", "netInterestIncome": "None", "interestIncome": "None", "interestExpense": "52000000", "nonInterestIncome": "None", "otherNonOperatingIncome": "None", "depreciation": "None", "depreciationAndAmortization": "118000000", "incomeBeforeTax": "291000000", "incomeTaxExpense": "63000000", "interestAndDebtExpense": "None", "netIncomeFromContinuingOperations": "2314000000", "comprehensiveIncomeNetOfTax": "None", "ebit": "343000000", "ebitda": "461000000", "netIncome": "205000000"}, {"fiscalDateEnding": "2010-09-30", "reportedCurrency": "USD", "grossProfit": "1352000000", "totalRevenue": "3460000000", "costOfRevenue": "2108000000", "costofGoodsAndServicesSold": "2108000000", "operatingIncome": "397000000", "sellingGeneralAndAdministrative": "739000000", "researchAndDevelopment": "97000000", "operatingExpenses": "952000000", "investmentIncomeNet": "None", "netInterestIncome": "None", "interestIncome": "None", "interestExpense": "46000000", "nonInterestIncome": "None", "otherNonOperatingIncome": "None", "depreciation": "None", "depreciationAndAmortization": "116000000", "incomeBeforeTax": "386000000", "incomeTaxExpense": "94000000", "interestAndDebtExpense": "None", "netIncomeFromContinuingOperations": "2400000000", "comprehensiveIncomeNetOfTax": "None", "ebit": "432000000", "ebitda": "548000000", "netIncome": "262000000"}, {"fiscalDateEnding": "2010-06-30", "reportedCurrency": "USD", "grossProfit": "1382000000", "totalRevenue": "3458000000", "costOfRevenue": "2076000000", "costofGoodsAndServicesSold": "2076000000", "operatingIncome": "422000000", "sellingGeneralAndAdministrative": "745000000", "researchAndDevelopment": "97000000", "operatingExpenses": "957000000", "investmentIncomeNet": "None", "netInterestIncome": "None", "interestIncome": "None", "interestExpense": "46000000", "nonInterestIncome": "None", "otherNonOperatingIncome": "None", "depreciation": "None", "depreciationAndAmortization": "115000000", "incomeBeforeTax": "412000000", "incomeTaxExpense": "111000000", "interestAndDebtExpense": "None", "netIncomeFromContinuingOperations": "2377000000", "comprehensiveIncomeNetOfTax": "None", "ebit": "458000000", "ebitda": "573000000", "netIncome": "272000000"}, {"fiscalDateEnding": "2010-03-31", "reportedCurrency": "USD", "grossProfit": "1182000000", "totalRevenue": "3126000000", "costOfRevenue": "1944000000", "costofGoodsAndServicesSold": "1944000000", "operatingIncome": "235000000", "sellingGeneralAndAdministrative": "727000000", "researchAndDevelopment": "96000000", "operatingExpenses": "947000000", "investmentIncomeNet": "None", "netInterestIncome": "None", "interestIncome": "None", "interestExpense": "45000000", "nonInterestIncome": "None", "otherNonOperatingIncome": "None", "depreciation": "None", "depreciationAndAmortization": "121000000", "incomeBeforeTax": "206000000", "incomeTaxExpense": "147000000", "interestAndDebtExpense": "None", "netIncomeFromContinuingOperations": "2003000000", "comprehensiveIncomeNetOfTax": "None", "ebit": "251000000", "ebitda": "372000000", "netIncome": "30000000"}, {"fiscalDateEnding": "2009-12-31", "reportedCurrency": "USD", "grossProfit": "1182000000", "totalRevenue": "3116000000", "costOfRevenue": "1934000000", "costofGoodsAndServicesSold": "1934000000", "operatingIncome": "197000000", "sellingGeneralAndAdministrative": "757000000", "researchAndDevelopment": "102000000", "operatingExpenses": "985000000", "investmentIncomeNet": "None", "netInterestIncome": "None", "interestIncome": "None", "interestExpense": "49000000", "nonInterestIncome": "None", "otherNonOperatingIncome": "None", "depreciation": "None", "depreciationAndAmortization": "123000000", "incomeBeforeTax": "200000000", "incomeTaxExpense": "37000000", "interestAndDebtExpense": "None", "netIncomeFromContinuingOperations": "0", "comprehensiveIncomeNetOfTax": "None", "ebit": "249000000", "ebitda": "372000000", "netIncome": "142000000"}, {"fiscalDateEnding": "2009-09-30", "reportedCurrency": "USD", "grossProfit": "1236000000", "totalRevenue": "3225000000", "costOfRevenue": "1989000000", "costofGoodsAndServicesSold": "1989000000", "operatingIncome": "286000000", "sellingGeneralAndAdministrative": "95000000", "researchAndDevelopment": "95000000", "operatingExpenses": "914000000", "investmentIncomeNet": "None", "netInterestIncome": "None", "interestIncome": "None", "interestExpense": "47000000", "nonInterestIncome": "None", "otherNonOperatingIncome": "None", "depreciation": "None", "depreciationAndAmortization": "120000000", "incomeBeforeTax": "275000000", "incomeTaxExpense": "90000000", "interestAndDebtExpense": "None", "netIncomeFromContinuingOperations": "2174000000", "comprehensiveIncomeNetOfTax": "None", "ebit": "322000000", "ebitda": "442000000", "netIncome": "159000000"}, {"fiscalDateEnding": "2009-06-30", "reportedCurrency": "USD", "grossProfit": "1217000000", "totalRevenue": "3115000000", "costOfRevenue": "1898000000", "costofGoodsAndServicesSold": "1898000000", "operatingIncome": "267000000", "sellingGeneralAndAdministrative": "97000000", "researchAndDevelopment": "97000000", "operatingExpenses": "950000000", "investmentIncomeNet": "None", "netInterestIncome": "None", "interestIncome": "None", "interestExpense": "49000000", "nonInterestIncome": "None", "otherNonOperatingIncome": "None", "depreciation": "None", "depreciationAndAmortization": "119000000", "incomeBeforeTax": "253000000", "incomeTaxExpense": "84000000", "interestAndDebtExpense": "None", "netIncomeFromContinuingOperations": "169000000", "comprehensiveIncomeNetOfTax": "None", "ebit": "302000000", "ebitda": "421000000", "netIncome": "146000000"}, {"fiscalDateEnding": "2009-03-31", "reportedCurrency": "USD", "grossProfit": "1065000000", "totalRevenue": "2783000000", "costOfRevenue": "1718000000", "costofGoodsAndServicesSold": "1718000000", "operatingIncome": "133000000", "sellingGeneralAndAdministrative": "716000000", "researchAndDevelopment": "94000000", "operatingExpenses": "932000000", "investmentIncomeNet": "None", "netInterestIncome": "None", "interestIncome": "None", "interestExpense": "48000000", "nonInterestIncome": "None", "otherNonOperatingIncome": "None", "depreciation": "None", "depreciationAndAmortization": "118000000", "incomeBeforeTax": "-111000000", "incomeTaxExpense": "-20000000", "interestAndDebtExpense": "None", "netIncomeFromContinuingOperations": "0", "comprehensiveIncomeNetOfTax": "None", "ebit": "-63000000", "ebitda": "55000000", "netIncome": "-111000000"}, {"fiscalDateEnding": "2008-12-31", "reportedCurrency": "USD", "grossProfit": "1159000000", "totalRevenue": "3188000000", "costOfRevenue": "2029000000", "costofGoodsAndServicesSold": "2029000000", "operatingIncome": "180000000", "sellingGeneralAndAdministrative": "750000000", "researchAndDevelopment": "107000000", "operatingExpenses": "979000000", "investmentIncomeNet": "None", "netInterestIncome": "None", "interestIncome": "None", "interestExpense": "61000000", "nonInterestIncome": "None", "otherNonOperatingIncome": "None", "depreciation": "None", "depreciationAndAmortization": "118000000", "incomeBeforeTax": "128000000", "incomeTaxExpense": "46000000", "interestAndDebtExpense": "None", "netIncomeFromContinuingOperations": "0", "comprehensiveIncomeNetOfTax": "None", "ebit": "98000000", "ebitda": "216000000", "netIncome": "71000000"}, {"fiscalDateEnding": "2008-09-30", "reportedCurrency": "USD", "grossProfit": "1524000000", "totalRevenue": "4225000000", "costOfRevenue": "2701000000", "costofGoodsAndServicesSold": "2701000000", "operatingIncome": "394000000", "sellingGeneralAndAdministrative": "877000000", "researchAndDevelopment": "114000000", "operatingExpenses": "1130000000", "investmentIncomeNet": "None", "netInterestIncome": "None", "interestIncome": "None", "interestExpense": "62000000", "nonInterestIncome": "None", "otherNonOperatingIncome": "None", "depreciation": "None", "depreciationAndAmortization": "139000000", "incomeBeforeTax": "203000000", "incomeTaxExpense": "65000000", "interestAndDebtExpense": "None", "netIncomeFromContinuingOperations": "0", "comprehensiveIncomeNetOfTax": "None", "ebit": "265000000", "ebitda": "404000000", "netIncome": "117000000"}, {"fiscalDateEnding": "2008-06-30", "reportedCurrency": "USD", "grossProfit": "1645000000", "totalRevenue": "4474000000", "costOfRevenue": "2829000000", "costofGoodsAndServicesSold": "2829000000", "operatingIncome": "426000000", "sellingGeneralAndAdministrative": "936000000", "researchAndDevelopment": "118000000", "operatingExpenses": "1219000000", "investmentIncomeNet": "None", "netInterestIncome": "None", "interestIncome": "None", "interestExpense": "65000000", "nonInterestIncome": "None", "otherNonOperatingIncome": "None", "depreciation": "None", "depreciationAndAmortization": "165000000", "incomeBeforeTax": "394000000", "incomeTaxExpense": "116000000", "interestAndDebtExpense": "None", "netIncomeFromContinuingOperations": "0", "comprehensiveIncomeNetOfTax": "None", "ebit": "459000000", "ebitda": "624000000", "netIncome": "250000000"}, {"fiscalDateEnding": "2008-03-31", "reportedCurrency": "USD", "grossProfit": "1296000000", "totalRevenue": "3720000000", "costOfRevenue": "2424000000", "costofGoodsAndServicesSold": "2424000000", "operatingIncome": "222000000", "sellingGeneralAndAdministrative": "822000000", "researchAndDevelopment": "111000000", "operatingExpenses": "1074000000", "investmentIncomeNet": "None", "netInterestIncome": "None", "interestIncome": "None", "interestExpense": "64000000", "nonInterestIncome": "None", "otherNonOperatingIncome": "None", "depreciation": "None", "depreciationAndAmortization": "141000000", "incomeBeforeTax": "162000000", "incomeTaxExpense": "49000000", "interestAndDebtExpense": "None", "netIncomeFromContinuingOperations": "0", "comprehensiveIncomeNetOfTax": "None", "ebit": "247000000", "ebitda": "388000000", "netIncome": "100000000"}, {"fiscalDateEnding": "2007-12-31", "reportedCurrency": "USD", "grossProfit": "1028000000", "totalRevenue": "2874000000", "costOfRevenue": "1846000000", "costofGoodsAndServicesSold": "1846000000", "operatingIncome": "273000000", "sellingGeneralAndAdministrative": "569000000", "researchAndDevelopment": "90000000", "operatingExpenses": "755000000", "investmentIncomeNet": "None", "netInterestIncome": "None", "interestIncome": "None", "interestExpense": "26000000", "nonInterestIncome": "None", "otherNonOperatingIncome": "None", "depreciation": "None", "depreciationAndAmortization": "96000000", "incomeBeforeTax": "292000000", "incomeTaxExpense": "82000000", "interestAndDebtExpense": "None", "netIncomeFromContinuingOperations": "0", "comprehensiveIncomeNetOfTax": "None", "ebit": "273000000", "ebitda": "369000000", "netIncome": "200000000"}, {"fiscalDateEnding": "2007-09-30", "reportedCurrency": "USD", "grossProfit": "1061000000", "totalRevenue": "2823000000", "costOfRevenue": "1762000000", "costofGoodsAndServicesSold": "1762000000", "operatingIncome": "342000000", "sellingGeneralAndAdministrative": "539000000", "researchAndDevelopment": "83000000", "operatingExpenses": "719000000", "investmentIncomeNet": "None", "netInterestIncome": "None", "interestIncome": "None", "interestExpense": "22000000", "nonInterestIncome": "None", "otherNonOperatingIncome": "None", "depreciation": "None", "depreciationAndAmortization": "97000000", "incomeBeforeTax": "335000000", "incomeTaxExpense": "103000000", "interestAndDebtExpense": "None", "netIncomeFromContinuingOperations": "0", "comprehensiveIncomeNetOfTax": "None", "ebit": "348000000", "ebitda": "445000000", "netIncome": "189000000"}, {"fiscalDateEnding": "2007-06-30", "reportedCurrency": "USD", "grossProfit": "1156000000", "totalRevenue": "3173000000", "costOfRevenue": "2017000000", "costofGoodsAndServicesSold": "2017000000", "operatingIncome": "398000000", "sellingGeneralAndAdministrative": "565000000", "researchAndDevelopment": "88000000", "operatingExpenses": "758000000", "investmentIncomeNet": "None", "netInterestIncome": "None", "interestIncome": "None", "interestExpense": "23000000", "nonInterestIncome": "None", "otherNonOperatingIncome": "None", "depreciation": "None", "depreciationAndAmortization": "105000000", "incomeBeforeTax": "396000000", "incomeTaxExpense": "124000000", "interestAndDebtExpense": "None", "netIncomeFromContinuingOperations": "0", "comprehensiveIncomeNetOfTax": "None", "ebit": "398000000", "ebitda": "503000000", "netIncome": "249000000"}, {"fiscalDateEnding": "2007-03-31", "reportedCurrency": "USD", "grossProfit": "1032000000", "totalRevenue": "2917000000", "costOfRevenue": "1885000000", "costofGoodsAndServicesSold": "1885000000", "operatingIncome": "309000000", "sellingGeneralAndAdministrative": "538000000", "researchAndDevelopment": "84000000", "operatingExpenses": "723000000", "investmentIncomeNet": "None", "netInterestIncome": "None", "interestIncome": "None", "interestExpense": "22000000", "nonInterestIncome": "None", "otherNonOperatingIncome": "None", "depreciation": "None", "depreciationAndAmortization": "101000000", "incomeBeforeTax": "280000000", "incomeTaxExpense": "68000000", "interestAndDebtExpense": "None", "netIncomeFromContinuingOperations": "0", "comprehensiveIncomeNetOfTax": "None", "ebit": "271000000", "ebitda": "372000000", "netIncome": "194000000"}, {"fiscalDateEnding": "2006-12-31", "reportedCurrency": "USD", "grossProfit": "966000000", "totalRevenue": "2773000000", "costOfRevenue": "1807000000", "costofGoodsAndServicesSold": "1807000000", "operatingIncome": "257000000", "sellingGeneralAndAdministrative": "525000000", "researchAndDevelopment": "87000000", "operatingExpenses": "709000000", "investmentIncomeNet": "None", "netInterestIncome": "None", "interestIncome": "None", "interestExpense": "20000000", "nonInterestIncome": "None", "otherNonOperatingIncome": "None", "depreciation": "None", "depreciationAndAmortization": "97000000", "incomeBeforeTax": "253000000", "incomeTaxExpense": "80000000", "interestAndDebtExpense": "None", "netIncomeFromContinuingOperations": "0", "comprehensiveIncomeNetOfTax": "None", "ebit": "257000000", "ebitda": "354000000", "netIncome": "157000000"}, {"fiscalDateEnding": "2006-09-30", "reportedCurrency": "USD", "grossProfit": "1011000000", "totalRevenue": "2802000000", "costOfRevenue": "1791000000", "costofGoodsAndServicesSold": "1791000000", "operatingIncome": "335000000", "sellingGeneralAndAdministrative": "500000000", "researchAndDevelopment": "78000000", "operatingExpenses": "676000000", "investmentIncomeNet": "None", "netInterestIncome": "None", "interestIncome": "None", "interestExpense": "22000000", "nonInterestIncome": "None", "otherNonOperatingIncome": "None", "depreciation": "None", "depreciationAndAmortization": "98000000", "incomeBeforeTax": "133000000", "incomeTaxExpense": "25000000", "interestAndDebtExpense": "None", "netIncomeFromContinuingOperations": "0", "comprehensiveIncomeNetOfTax": "None", "ebit": "591000000", "ebitda": "689000000", "netIncome": "90000000"}, {"fiscalDateEnding": "2006-06-30", "reportedCurrency": "USD", "grossProfit": "1077000000", "totalRevenue": "2824000000", "costOfRevenue": "1747000000", "costofGoodsAndServicesSold": "1747000000", "operatingIncome": "410000000", "sellingGeneralAndAdministrative": "495000000", "researchAndDevelopment": "78000000", "operatingExpenses": "667000000", "investmentIncomeNet": "None", "netInterestIncome": "None", "interestIncome": "None", "interestExpense": "21000000", "nonInterestIncome": "None", "otherNonOperatingIncome": "None", "depreciation": "None", "depreciationAndAmortization": "94000000", "incomeBeforeTax": "405000000", "incomeTaxExpense": "107000000", "interestAndDebtExpense": "None", "netIncomeFromContinuingOperations": "0", "comprehensiveIncomeNetOfTax": "None", "ebit": "410000000", "ebitda": "504000000", "netIncome": "280000000"}, {"fiscalDateEnding": "2006-03-31", "reportedCurrency": "USD", "grossProfit": "947000000", "totalRevenue": "2638000000", "costOfRevenue": "1691000000", "costofGoodsAndServicesSold": "1691000000", "operatingIncome": "321000000", "sellingGeneralAndAdministrative": "460000000", "researchAndDevelopment": "75000000", "operatingExpenses": "626000000", "investmentIncomeNet": "None", "netInterestIncome": "None", "interestIncome": "None", "interestExpense": "20000000", "nonInterestIncome": "None", "otherNonOperatingIncome": "None", "depreciation": "None", "depreciationAndAmortization": "91000000", "incomeBeforeTax": "269000000", "incomeTaxExpense": "66000000", "interestAndDebtExpense": "None", "netIncomeFromContinuingOperations": "0", "comprehensiveIncomeNetOfTax": "None", "ebit": "321000000", "ebitda": "412000000", "netIncome": "184000000"}, {"fiscalDateEnding": "2005-12-31", "reportedCurrency": "USD", "grossProfit": "854000000", "totalRevenue": "2505000000", "costOfRevenue": "1651000000", "costofGoodsAndServicesSold": "1651000000", "operatingIncome": "260000000", "sellingGeneralAndAdministrative": "423000000", "researchAndDevelopment": "79000000", "operatingExpenses": "594000000", "investmentIncomeNet": "None", "netInterestIncome": "None", "interestIncome": "None", "interestExpense": "19000000", "nonInterestIncome": "None", "otherNonOperatingIncome": "None", "depreciation": "None", "depreciationAndAmortization": "92000000", "incomeBeforeTax": "187000000", "incomeTaxExpense": "60000000", "interestAndDebtExpense": "None", "netIncomeFromContinuingOperations": "0", "comprehensiveIncomeNetOfTax": "None", "ebit": "260000000", "ebitda": "352000000", "netIncome": "113000000"}, {"fiscalDateEnding": "2005-09-30", "reportedCurrency": "USD", "grossProfit": "933000000", "totalRevenue": "2547000000", "costOfRevenue": "1614000000", "costofGoodsAndServicesSold": "1614000000", "operatingIncome": "327000000", "sellingGeneralAndAdministrative": "437000000", "researchAndDevelopment": "77000000", "operatingExpenses": "606000000", "investmentIncomeNet": "None", "netInterestIncome": "None", "interestIncome": "None", "interestExpense": "21000000", "nonInterestIncome": "None", "otherNonOperatingIncome": "None", "depreciation": "None", "depreciationAndAmortization": "92000000", "incomeBeforeTax": "255000000", "incomeTaxExpense": "77000000", "interestAndDebtExpense": "None", "netIncomeFromContinuingOperations": "0", "comprehensiveIncomeNetOfTax": "None", "ebit": "327000000", "ebitda": "419000000", "netIncome": "157000000"}, {"fiscalDateEnding": "2005-06-30", "reportedCurrency": "USD", "grossProfit": "1006000000", "totalRevenue": "2656000000", "costOfRevenue": "1650000000", "costofGoodsAndServicesSold": "1650000000", "operatingIncome": "376000000", "sellingGeneralAndAdministrative": "461000000", "researchAndDevelopment": "76000000", "operatingExpenses": "630000000", "investmentIncomeNet": "None", "netInterestIncome": "None", "interestIncome": "None", "interestExpense": "20000000", "nonInterestIncome": "None", "otherNonOperatingIncome": "None", "depreciation": "None", "depreciationAndAmortization": "93000000", "incomeBeforeTax": "360000000", "incomeTaxExpense": "111000000", "interestAndDebtExpense": "None", "netIncomeFromContinuingOperations": "0", "comprehensiveIncomeNetOfTax": "None", "ebit": "376000000", "ebitda": "469000000", "netIncome": "231000000"}, {"fiscalDateEnding": "2005-03-31", "reportedCurrency": "USD", "grossProfit": "935000000", "totalRevenue": "2493000000", "costOfRevenue": "1558000000", "costofGoodsAndServicesSold": "1558000000", "operatingIncome": "313000000", "sellingGeneralAndAdministrative": "450000000", "researchAndDevelopment": "77000000", "operatingExpenses": "622000000", "investmentIncomeNet": "None", "netInterestIncome": "None", "interestIncome": "None", "interestExpense": "21000000", "nonInterestIncome": "None", "otherNonOperatingIncome": "None", "depreciation": "None", "depreciationAndAmortization": "95000000", "incomeBeforeTax": "145000000", "incomeTaxExpense": "34000000", "interestAndDebtExpense": "None", "netIncomeFromContinuingOperations": "0", "comprehensiveIncomeNetOfTax": "None", "ebit": "313000000", "ebitda": "408000000", "netIncome": "95000000"}, {"fiscalDateEnding": "2004-12-31", "reportedCurrency": "USD", "grossProfit": "885000000", "totalRevenue": "2411000000", "costOfRevenue": "1526000000", "costofGoodsAndServicesSold": "1526000000", "operatingIncome": "265000000", "sellingGeneralAndAdministrative": "444000000", "researchAndDevelopment": "79000000", "operatingExpenses": "620000000", "investmentIncomeNet": "None", "netInterestIncome": "None", "interestIncome": "None", "interestExpense": "20000000", "nonInterestIncome": "None", "otherNonOperatingIncome": "None", "depreciation": "None", "depreciationAndAmortization": "97000000", "incomeBeforeTax": "265000000", "incomeTaxExpense": "72000000", "interestAndDebtExpense": "None", "netIncomeFromContinuingOperations": "0", "comprehensiveIncomeNetOfTax": "None", "ebit": "265000000", "ebitda": "362000000", "netIncome": "183000000"}]}