{"symbol": "DPZ", "annualReports": [{"fiscalDateEnding": "2024-12-31", "reportedCurrency": "USD", "grossProfit": "1848502000", "totalRevenue": "4706416000", "costOfRevenue": "2857914000", "costofGoodsAndServicesSold": "2857914000", "operatingIncome": "878999000", "sellingGeneralAndAdministrative": "459492000", "researchAndDevelopment": "None", "operatingExpenses": "969503000", "investmentIncomeNet": "None", "netInterestIncome": "-178848000", "interestIncome": "17022000", "interestExpense": "195870000", "nonInterestIncome": "None", "otherNonOperatingIncome": "None", "depreciation": "None", "depreciationAndAmortization": "87732000", "incomeBeforeTax": "722215000", "incomeTaxExpense": "138045000", "interestAndDebtExpense": "None", "netIncomeFromContinuingOperations": "584170000", "comprehensiveIncomeNetOfTax": "None", "ebit": "918085000", "ebitda": "1005817000", "netIncome": "584170000"}, {"fiscalDateEnding": "2023-12-31", "reportedCurrency": "USD", "grossProfit": "1727417000", "totalRevenue": "4479358000", "costOfRevenue": "2751941000", "costofGoodsAndServicesSold": "2751941000", "operatingIncome": "819519000", "sellingGeneralAndAdministrative": "434554000", "researchAndDevelopment": "None", "operatingExpenses": "906450000", "investmentIncomeNet": "None", "netInterestIncome": "-187673000", "interestIncome": "9696000", "interestExpense": "196475000", "nonInterestIncome": "None", "otherNonOperatingIncome": "None", "depreciation": "None", "depreciationAndAmortization": "80640000", "incomeBeforeTax": "652440000", "incomeTaxExpense": "133322000", "interestAndDebtExpense": "None", "netIncomeFromContinuingOperations": "520128000", "comprehensiveIncomeNetOfTax": "None", "ebit": "848915000", "ebitda": "929555000", "netIncome": "519118000"}, {"fiscalDateEnding": "2022-12-31", "reportedCurrency": "USD", "grossProfit": "1648606000", "totalRevenue": "4537158000", "costOfRevenue": "2888552000", "costofGoodsAndServicesSold": "2888552000", "operatingIncome": "767925000", "sellingGeneralAndAdministrative": "416524000", "researchAndDevelopment": "None", "operatingExpenses": "880681000", "investmentIncomeNet": "None", "netInterestIncome": "-195092000", "interestIncome": "3162000", "interestExpense": "195092000", "nonInterestIncome": "None", "otherNonOperatingIncome": "3162000", "depreciation": "None", "depreciationAndAmortization": "80251000", "incomeBeforeTax": "572833000", "incomeTaxExpense": "120570000", "interestAndDebtExpense": "None", "netIncomeFromContinuingOperations": "452263000", "comprehensiveIncomeNetOfTax": "None", "ebit": "771087000", "ebitda": "851338000", "netIncome": "452263000"}, {"fiscalDateEnding": "2021-12-31", "reportedCurrency": "USD", "grossProfit": "1688242000", "totalRevenue": "4357373000", "costOfRevenue": "2669131000", "costofGoodsAndServicesSold": "2669131000", "operatingIncome": "780408000", "sellingGeneralAndAdministrative": "428333000", "researchAndDevelopment": "None", "operatingExpenses": "907834000", "investmentIncomeNet": "None", "netInterestIncome": "-191461000", "interestIncome": "345000", "interestExpense": "191461000", "nonInterestIncome": "None", "otherNonOperatingIncome": "345000", "depreciation": "None", "depreciationAndAmortization": "72923000", "incomeBeforeTax": "625705000", "incomeTaxExpense": "115238000", "interestAndDebtExpense": "None", "netIncomeFromContinuingOperations": "510467000", "comprehensiveIncomeNetOfTax": "None", "ebit": "817511000", "ebitda": "890434000", "netIncome": "510467000"}, {"fiscalDateEnding": "2020-12-31", "reportedCurrency": "USD", "grossProfit": "1594493000", "totalRevenue": "4117411000", "costOfRevenue": "2522918000", "costofGoodsAndServicesSold": "2522918000", "operatingIncome": "725642000", "sellingGeneralAndAdministrative": "406613000", "researchAndDevelopment": "None", "operatingExpenses": "868851000", "investmentIncomeNet": "None", "netInterestIncome": "-170512000", "interestIncome": "1654000", "interestExpense": "170512000", "nonInterestIncome": "None", "otherNonOperatingIncome": "1654000", "depreciation": "None", "depreciationAndAmortization": "65038000", "incomeBeforeTax": "555130000", "incomeTaxExpense": "63834000", "interestAndDebtExpense": "None", "netIncomeFromContinuingOperations": "491296000", "comprehensiveIncomeNetOfTax": "None", "ebit": "725642000", "ebitda": "790680000", "netIncome": "491296000"}, {"fiscalDateEnding": "2019-12-31", "reportedCurrency": "USD", "grossProfit": "1402499000", "totalRevenue": "3618774000", "costOfRevenue": "2216275000", "costofGoodsAndServicesSold": "2216275000", "operatingIncome": "629407000", "sellingGeneralAndAdministrative": "382293000", "researchAndDevelopment": "None", "operatingExpenses": "773092000", "investmentIncomeNet": "None", "netInterestIncome": "-146770000", "interestIncome": "4048000", "interestExpense": "146770000", "nonInterestIncome": "None", "otherNonOperatingIncome": "4048000", "depreciation": "None", "depreciationAndAmortization": "59930000", "incomeBeforeTax": "482637000", "incomeTaxExpense": "81928000", "interestAndDebtExpense": "None", "netIncomeFromContinuingOperations": "400709000", "comprehensiveIncomeNetOfTax": "None", "ebit": "633455000", "ebitda": "693385000", "netIncome": "400709000"}, {"fiscalDateEnding": "2018-12-31", "reportedCurrency": "USD", "grossProfit": "1302679000", "totalRevenue": "3432867000", "costOfRevenue": "2130188000", "costofGoodsAndServicesSold": "2130188000", "operatingIncome": "571689000", "sellingGeneralAndAdministrative": "372464000", "researchAndDevelopment": "0", "operatingExpenses": "730990000", "investmentIncomeNet": "None", "netInterestIncome": "-143011000", "interestIncome": "3334000", "interestExpense": "146345000", "nonInterestIncome": "None", "otherNonOperatingIncome": "3334000", "depreciation": "None", "depreciationAndAmortization": "53665000", "incomeBeforeTax": "428678000", "incomeTaxExpense": "66706000", "interestAndDebtExpense": "None", "netIncomeFromContinuingOperations": "361972000", "comprehensiveIncomeNetOfTax": "None", "ebit": "575023000", "ebitda": "628688000", "netIncome": "361972000"}, {"fiscalDateEnding": "2017-12-31", "reportedCurrency": "USD", "grossProfit": "865991000", "totalRevenue": "2787979000", "costOfRevenue": "1921988000", "costofGoodsAndServicesSold": "1921988000", "operatingIncome": "521232000", "sellingGeneralAndAdministrative": "344759000", "researchAndDevelopment": "0", "operatingExpenses": "344759000", "investmentIncomeNet": "None", "netInterestIncome": "-121079000", "interestIncome": "1462000", "interestExpense": "122541000", "nonInterestIncome": "None", "otherNonOperatingIncome": "1462000", "depreciation": "None", "depreciationAndAmortization": "44369000", "incomeBeforeTax": "400153000", "incomeTaxExpense": "122248000", "interestAndDebtExpense": "None", "netIncomeFromContinuingOperations": "277905000", "comprehensiveIncomeNetOfTax": "None", "ebit": "522694000", "ebitda": "567063000", "netIncome": "277905000"}, {"fiscalDateEnding": "2016-12-31", "reportedCurrency": "USD", "grossProfit": "767691000", "totalRevenue": "2472628000", "costOfRevenue": "1704937000", "costofGoodsAndServicesSold": "1704937000", "operatingIncome": "454042000", "sellingGeneralAndAdministrative": "313649000", "researchAndDevelopment": "0", "operatingExpenses": "313649000", "investmentIncomeNet": "None", "netInterestIncome": "-109384000", "interestIncome": "685000", "interestExpense": "110069000", "nonInterestIncome": "None", "otherNonOperatingIncome": "685000", "depreciation": "None", "depreciationAndAmortization": "38140000", "incomeBeforeTax": "344658000", "incomeTaxExpense": "129980000", "interestAndDebtExpense": "None", "netIncomeFromContinuingOperations": "214678000", "comprehensiveIncomeNetOfTax": "None", "ebit": "454042000", "ebitda": "492182000", "netIncome": "214678000"}, {"fiscalDateEnding": "2015-12-31", "reportedCurrency": "USD", "grossProfit": "683131000", "totalRevenue": "2216528000", "costOfRevenue": "1533397000", "costofGoodsAndServicesSold": "1533397000", "operatingIncome": "405439000", "sellingGeneralAndAdministrative": "277692000", "researchAndDevelopment": "0", "operatingExpenses": "277692000", "investmentIncomeNet": "None", "netInterestIncome": "None", "interestIncome": "99224000", "interestExpense": "99537000", "nonInterestIncome": "None", "otherNonOperatingIncome": "313000", "depreciation": "None", "depreciationAndAmortization": "32434000", "incomeBeforeTax": "306215000", "incomeTaxExpense": "113426000", "interestAndDebtExpense": "None", "netIncomeFromContinuingOperations": "192789000", "comprehensiveIncomeNetOfTax": "None", "ebit": "398852000", "ebitda": "431286000", "netIncome": "192789000"}, {"fiscalDateEnding": "2014-12-31", "reportedCurrency": "USD", "grossProfit": "594766000", "totalRevenue": "1993833000", "costOfRevenue": "1399067000", "costofGoodsAndServicesSold": "1399067000", "operatingIncome": "345361000", "sellingGeneralAndAdministrative": "249405000", "researchAndDevelopment": "0", "operatingExpenses": "249405000", "investmentIncomeNet": "None", "netInterestIncome": "None", "interestIncome": "None", "interestExpense": "86881000", "nonInterestIncome": "None", "otherNonOperatingIncome": "143000", "depreciation": "None", "depreciationAndAmortization": "35788000", "incomeBeforeTax": "258623000", "incomeTaxExpense": "96036000", "interestAndDebtExpense": "None", "netIncomeFromContinuingOperations": "162587000", "comprehensiveIncomeNetOfTax": "None", "ebit": "345504000", "ebitda": "381292000", "netIncome": "162587000"}, {"fiscalDateEnding": "2013-12-31", "reportedCurrency": "USD", "grossProfit": "548974000", "totalRevenue": "1802223000", "costOfRevenue": "1253249000", "costofGoodsAndServicesSold": "1253249000", "operatingIncome": "313811000", "sellingGeneralAndAdministrative": "235163000", "researchAndDevelopment": "0", "operatingExpenses": "235163000", "investmentIncomeNet": "None", "netInterestIncome": "None", "interestIncome": "None", "interestExpense": "88872000", "nonInterestIncome": "None", "otherNonOperatingIncome": "160000", "depreciation": "None", "depreciationAndAmortization": "25783000", "incomeBeforeTax": "225099000", "incomeTaxExpense": "82114000", "interestAndDebtExpense": "None", "netIncomeFromContinuingOperations": "142985000", "comprehensiveIncomeNetOfTax": "None", "ebit": "313811000", "ebitda": "339594000", "netIncome": "142985000"}, {"fiscalDateEnding": "2012-12-31", "reportedCurrency": "USD", "grossProfit": "501338000", "totalRevenue": "1678439000", "costOfRevenue": "1177101000", "costofGoodsAndServicesSold": "1177101000", "operatingIncome": "282331000", "sellingGeneralAndAdministrative": "219007000", "researchAndDevelopment": "0", "operatingExpenses": "219007000", "investmentIncomeNet": "None", "netInterestIncome": "None", "interestIncome": "None", "interestExpense": "101448000", "nonInterestIncome": "None", "otherNonOperatingIncome": "304000", "depreciation": "None", "depreciationAndAmortization": "23171000", "incomeBeforeTax": "181187000", "incomeTaxExpense": "68795000", "interestAndDebtExpense": "None", "netIncomeFromContinuingOperations": "112392000", "comprehensiveIncomeNetOfTax": "None", "ebit": "282635000", "ebitda": "305806000", "netIncome": "112392000"}, {"fiscalDateEnding": "2011-12-31", "reportedCurrency": "USD", "grossProfit": "470516000", "totalRevenue": "1652193000", "costOfRevenue": "1181677000", "costofGoodsAndServicesSold": "1181677000", "operatingIncome": "259145000", "sellingGeneralAndAdministrative": "210887000", "researchAndDevelopment": "0", "operatingExpenses": "211371000", "investmentIncomeNet": "None", "netInterestIncome": "None", "interestIncome": "None", "interestExpense": "91635000", "nonInterestIncome": "None", "otherNonOperatingIncome": "296000", "depreciation": "None", "depreciationAndAmortization": "24042000", "incomeBeforeTax": "167806000", "incomeTaxExpense": "62445000", "interestAndDebtExpense": "None", "netIncomeFromContinuingOperations": "105361000", "comprehensiveIncomeNetOfTax": "None", "ebit": "259441000", "ebitda": "283483000", "netIncome": "105361000"}, {"fiscalDateEnding": "2010-12-31", "reportedCurrency": "USD", "grossProfit": "438589000", "totalRevenue": "1570894000", "costOfRevenue": "1132305000", "costofGoodsAndServicesSold": "1132305000", "operatingIncome": "227702000", "sellingGeneralAndAdministrative": "210900", "researchAndDevelopment": "None", "operatingExpenses": "210887000", "investmentIncomeNet": "None", "netInterestIncome": "None", "interestIncome": "None", "interestExpense": "96810000", "nonInterestIncome": "None", "otherNonOperatingIncome": "None", "depreciation": "None", "depreciationAndAmortization": "24052000", "incomeBeforeTax": "138945000", "incomeTaxExpense": "51028000", "interestAndDebtExpense": "None", "netIncomeFromContinuingOperations": "None", "comprehensiveIncomeNetOfTax": "None", "ebit": "235755000", "ebitda": "259807000", "netIncome": "87917000"}, {"fiscalDateEnding": "2009-12-31", "reportedCurrency": "USD", "grossProfit": "386976000", "totalRevenue": "1404057000", "costOfRevenue": "1017081000", "costofGoodsAndServicesSold": "1017081000", "operatingIncome": "189509000", "sellingGeneralAndAdministrative": "197500", "researchAndDevelopment": "None", "operatingExpenses": "197467000", "investmentIncomeNet": "None", "netInterestIncome": "None", "interestIncome": "None", "interestExpense": "110945000", "nonInterestIncome": "None", "otherNonOperatingIncome": "None", "depreciation": "None", "depreciationAndAmortization": "24064000", "incomeBeforeTax": "135522000", "incomeTaxExpense": "55778000", "interestAndDebtExpense": "None", "netIncomeFromContinuingOperations": "None", "comprehensiveIncomeNetOfTax": "None", "ebit": "234467000", "ebitda": "258531000", "netIncome": "79744000"}, {"fiscalDateEnding": "2008-12-31", "reportedCurrency": "USD", "grossProfit": "363261000", "totalRevenue": "1425114000", "costOfRevenue": "1061853000", "costofGoodsAndServicesSold": "1061853000", "operatingIncome": "195030000", "sellingGeneralAndAdministrative": "168200", "researchAndDevelopment": "None", "operatingExpenses": "168231000", "investmentIncomeNet": "None", "netInterestIncome": "None", "interestIncome": "None", "interestExpense": "114906000", "nonInterestIncome": "None", "otherNonOperatingIncome": "None", "depreciation": "None", "depreciationAndAmortization": "28377000", "incomeBeforeTax": "82870000", "incomeTaxExpense": "28899000", "interestAndDebtExpense": "None", "netIncomeFromContinuingOperations": "None", "comprehensiveIncomeNetOfTax": "None", "ebit": "197776000", "ebitda": "226153000", "netIncome": "53971000"}, {"fiscalDateEnding": "2007-12-31", "reportedCurrency": "USD", "grossProfit": "378854000", "totalRevenue": "1462870000", "costOfRevenue": "1084016000", "costofGoodsAndServicesSold": "1084016000", "operatingIncome": "193910000", "sellingGeneralAndAdministrative": "184944000", "researchAndDevelopment": "None", "operatingExpenses": "184944000", "investmentIncomeNet": "None", "netInterestIncome": "None", "interestIncome": "None", "interestExpense": "130374000", "nonInterestIncome": "None", "otherNonOperatingIncome": "None", "depreciation": "None", "depreciationAndAmortization": "69788000", "incomeBeforeTax": "55559000", "incomeTaxExpense": "17677000", "interestAndDebtExpense": "None", "netIncomeFromContinuingOperations": "None", "comprehensiveIncomeNetOfTax": "None", "ebit": "135321000", "ebitda": "205109000", "netIncome": "37882000"}, {"fiscalDateEnding": "2006-12-31", "reportedCurrency": "USD", "grossProfit": "384531000", "totalRevenue": "1437319000", "costOfRevenue": "1052788000", "costofGoodsAndServicesSold": "1052788000", "operatingIncome": "214197000", "sellingGeneralAndAdministrative": "186184000", "researchAndDevelopment": "None", "operatingExpenses": "170334000", "investmentIncomeNet": "None", "netInterestIncome": "None", "interestIncome": "None", "interestExpense": "48755000", "nonInterestIncome": "None", "otherNonOperatingIncome": "None", "depreciation": "None", "depreciationAndAmortization": "35646000", "incomeBeforeTax": "160425000", "incomeTaxExpense": "54198000", "interestAndDebtExpense": "None", "netIncomeFromContinuingOperations": "None", "comprehensiveIncomeNetOfTax": "None", "ebit": "178551000", "ebitda": "214197000", "netIncome": "106227000"}, {"fiscalDateEnding": "2005-12-31", "reportedCurrency": "USD", "grossProfit": "385288000", "totalRevenue": "1511597000", "costOfRevenue": "1126309000", "costofGoodsAndServicesSold": "1126309000", "operatingIncome": "199104000", "sellingGeneralAndAdministrative": "182302000", "researchAndDevelopment": "None", "operatingExpenses": "186184000", "investmentIncomeNet": "None", "netInterestIncome": "None", "interestIncome": "None", "interestExpense": "61068000", "nonInterestIncome": "None", "otherNonOperatingIncome": "None", "depreciation": "None", "depreciationAndAmortization": "35435000", "incomeBeforeTax": "173251000", "incomeTaxExpense": "64969000", "interestAndDebtExpense": "None", "netIncomeFromContinuingOperations": "None", "comprehensiveIncomeNetOfTax": "None", "ebit": "199104000", "ebitda": "234539000", "netIncome": "108282000"}], "quarterlyReports": [{"fiscalDateEnding": "2024-12-31", "reportedCurrency": "USD", "grossProfit": "565854000", "totalRevenue": "1443914000", "costOfRevenue": "878060000", "costofGoodsAndServicesSold": "878060000", "operatingIncome": "273652000", "sellingGeneralAndAdministrative": "138530000", "researchAndDevelopment": "None", "operatingExpenses": "138530000", "investmentIncomeNet": "None", "netInterestIncome": "-55852000", "interestIncome": "4725000", "interestExpense": "55852000", "nonInterestIncome": "None", "otherNonOperatingIncome": "None", "depreciation": "None", "depreciationAndAmortization": "None", "incomeBeforeTax": "220993000", "incomeTaxExpense": "51549000", "interestAndDebtExpense": "None", "netIncomeFromContinuingOperations": "169444000", "comprehensiveIncomeNetOfTax": "None", "ebit": "None", "ebitda": "273652000", "netIncome": "169444000"}, {"fiscalDateEnding": "2024-09-30", "reportedCurrency": "USD", "grossProfit": "423747000", "totalRevenue": "1080119000", "costOfRevenue": "656372000", "costofGoodsAndServicesSold": "656372000", "operatingIncome": "198831000", "sellingGeneralAndAdministrative": "103991000", "researchAndDevelopment": "None", "operatingExpenses": "224742000", "investmentIncomeNet": "None", "netInterestIncome": "-40387000", "interestIncome": "4339000", "interestExpense": "44726000", "nonInterestIncome": "None", "otherNonOperatingIncome": "None", "depreciation": "None", "depreciationAndAmortization": "20756000", "incomeBeforeTax": "184616000", "incomeTaxExpense": "37692000", "interestAndDebtExpense": "None", "netIncomeFromContinuingOperations": "146924000", "comprehensiveIncomeNetOfTax": "None", "ebit": "229342000", "ebitda": "250098000", "netIncome": "146924000"}, {"fiscalDateEnding": "2024-06-30", "reportedCurrency": "USD", "grossProfit": "437031000", "totalRevenue": "1097736000", "costOfRevenue": "660705000", "costofGoodsAndServicesSold": "660705000", "operatingIncome": "196455000", "sellingGeneralAndAdministrative": "115947000", "researchAndDevelopment": "None", "operatingExpenses": "240576000", "investmentIncomeNet": "None", "netInterestIncome": "-40502000", "interestIncome": "4219000", "interestExpense": "44721000", "nonInterestIncome": "None", "otherNonOperatingIncome": "None", "depreciation": "None", "depreciationAndAmortization": "20349000", "incomeBeforeTax": "166999000", "incomeTaxExpense": "25021000", "interestAndDebtExpense": "None", "netIncomeFromContinuingOperations": "141978000", "comprehensiveIncomeNetOfTax": "None", "ebit": "196128000", "ebitda": "216477000", "netIncome": "141978000"}, {"fiscalDateEnding": "2024-03-31", "reportedCurrency": "USD", "grossProfit": "421870000", "totalRevenue": "1084647000", "costOfRevenue": "662777000", "costofGoodsAndServicesSold": "662777000", "operatingIncome": "210636000", "sellingGeneralAndAdministrative": "101024000", "researchAndDevelopment": "None", "operatingExpenses": "211234000", "investmentIncomeNet": "None", "netInterestIncome": "-42107000", "interestIncome": "3739000", "interestExpense": "45846000", "nonInterestIncome": "None", "otherNonOperatingIncome": "None", "depreciation": "None", "depreciationAndAmortization": "19869000", "incomeBeforeTax": "149607000", "incomeTaxExpense": "23783000", "interestAndDebtExpense": "None", "netIncomeFromContinuingOperations": "125824000", "comprehensiveIncomeNetOfTax": "None", "ebit": "210546000", "ebitda": "230415000", "netIncome": "125824000"}, {"fiscalDateEnding": "2023-12-31", "reportedCurrency": "USD", "grossProfit": "539045000", "totalRevenue": "1402972000", "costOfRevenue": "863927000", "costofGoodsAndServicesSold": "863927000", "operatingIncome": "257201000", "sellingGeneralAndAdministrative": "144368000", "researchAndDevelopment": "None", "operatingExpenses": "281695000", "investmentIncomeNet": "None", "netInterestIncome": "-56152000", "interestIncome": "4048000", "interestExpense": "60200000", "nonInterestIncome": "None", "otherNonOperatingIncome": "None", "depreciation": "None", "depreciationAndAmortization": "25641000", "incomeBeforeTax": "205495000", "incomeTaxExpense": "48203000", "interestAndDebtExpense": "None", "netIncomeFromContinuingOperations": "157292000", "comprehensiveIncomeNetOfTax": "None", "ebit": "265695000", "ebitda": "291336000", "netIncome": "157292000"}, {"fiscalDateEnding": "2023-09-30", "reportedCurrency": "USD", "grossProfit": "398169000", "totalRevenue": "1027361000", "costOfRevenue": "629192000", "costofGoodsAndServicesSold": "629192000", "operatingIncome": "189432000", "sellingGeneralAndAdministrative": "97203000", "researchAndDevelopment": "None", "operatingExpenses": "208737000", "investmentIncomeNet": "None", "netInterestIncome": "-42089000", "interestIncome": "13889000", "interestExpense": "44796000", "nonInterestIncome": "None", "otherNonOperatingIncome": "None", "depreciation": "None", "depreciationAndAmortization": "18268000", "incomeBeforeTax": "175574000", "incomeTaxExpense": "27898000", "interestAndDebtExpense": "None", "netIncomeFromContinuingOperations": "147676000", "comprehensiveIncomeNetOfTax": "None", "ebit": "189432000", "ebitda": "207700000", "netIncome": "147676000"}, {"fiscalDateEnding": "2023-06-30", "reportedCurrency": "USD", "grossProfit": "404656000", "totalRevenue": "1024627000", "costOfRevenue": "619971000", "costofGoodsAndServicesSold": "619971000", "operatingIncome": "195403000", "sellingGeneralAndAdministrative": "97794000", "researchAndDevelopment": "None", "operatingExpenses": "209253000", "investmentIncomeNet": "None", "netInterestIncome": "-42395000", "interestIncome": "2537000", "interestExpense": "42395000", "nonInterestIncome": "None", "otherNonOperatingIncome": "None", "depreciation": "None", "depreciationAndAmortization": "18561000", "incomeBeforeTax": "138044000", "incomeTaxExpense": "28664000", "interestAndDebtExpense": "None", "netIncomeFromContinuingOperations": "109380000", "comprehensiveIncomeNetOfTax": "None", "ebit": "195403000", "ebitda": "213964000", "netIncome": "109380000"}, {"fiscalDateEnding": "2023-03-31", "reportedCurrency": "USD", "grossProfit": "385547000", "totalRevenue": "1024398000", "costOfRevenue": "638851000", "costofGoodsAndServicesSold": "638851000", "operatingIncome": "177483000", "sellingGeneralAndAdministrative": "95189000", "researchAndDevelopment": "None", "operatingExpenses": "208064000", "investmentIncomeNet": "None", "netInterestIncome": "-44156000", "interestIncome": "44156000", "interestExpense": "46547000", "nonInterestIncome": "None", "otherNonOperatingIncome": "2391000", "depreciation": "None", "depreciationAndAmortization": "18170000", "incomeBeforeTax": "133327000", "incomeTaxExpense": "28557000", "interestAndDebtExpense": "None", "netIncomeFromContinuingOperations": "104770000", "comprehensiveIncomeNetOfTax": "None", "ebit": "179874000", "ebitda": "198044000", "netIncome": "104770000"}, {"fiscalDateEnding": "2022-12-31", "reportedCurrency": "USD", "grossProfit": "511867000", "totalRevenue": "1392231000", "costOfRevenue": "880364000", "costofGoodsAndServicesSold": "880364000", "operatingIncome": "248818000", "sellingGeneralAndAdministrative": "130755000", "researchAndDevelopment": "None", "operatingExpenses": "263049000", "investmentIncomeNet": "None", "netInterestIncome": "-59033000", "interestIncome": "2061000", "interestExpense": "59033000", "nonInterestIncome": "None", "otherNonOperatingIncome": "2061000", "depreciation": "None", "depreciationAndAmortization": "24225000", "incomeBeforeTax": "189785000", "incomeTaxExpense": "31483000", "interestAndDebtExpense": "None", "netIncomeFromContinuingOperations": "158302000", "comprehensiveIncomeNetOfTax": "None", "ebit": "250879000", "ebitda": "275104000", "netIncome": "158302000"}, {"fiscalDateEnding": "2022-09-30", "reportedCurrency": "USD", "grossProfit": "381850000", "totalRevenue": "1068596000", "costOfRevenue": "686746000", "costofGoodsAndServicesSold": "686746000", "operatingIncome": "176452000", "sellingGeneralAndAdministrative": "91205000", "researchAndDevelopment": "None", "operatingExpenses": "205398000", "investmentIncomeNet": "None", "netInterestIncome": "-44604000", "interestIncome": "833000", "interestExpense": "45437000", "nonInterestIncome": "None", "otherNonOperatingIncome": "833000", "depreciation": "None", "depreciationAndAmortization": "18933000", "incomeBeforeTax": "131848000", "incomeTaxExpense": "31344000", "interestAndDebtExpense": "None", "netIncomeFromContinuingOperations": "100504000", "comprehensiveIncomeNetOfTax": "None", "ebit": "177285000", "ebitda": "196218000", "netIncome": "100504000"}, {"fiscalDateEnding": "2022-06-30", "reportedCurrency": "USD", "grossProfit": "386265000", "totalRevenue": "1065182000", "costOfRevenue": "678917000", "costofGoodsAndServicesSold": "678917000", "operatingIncome": "178367000", "sellingGeneralAndAdministrative": "97070000", "researchAndDevelopment": "None", "operatingExpenses": "207898000", "investmentIncomeNet": "None", "netInterestIncome": "-44632000", "interestIncome": "219000", "interestExpense": "44851000", "nonInterestIncome": "None", "otherNonOperatingIncome": "219000", "depreciation": "None", "depreciationAndAmortization": "18117000", "incomeBeforeTax": "133482000", "incomeTaxExpense": "30989000", "interestAndDebtExpense": "None", "netIncomeFromContinuingOperations": "102493000", "comprehensiveIncomeNetOfTax": "None", "ebit": "178114000", "ebitda": "196231000", "netIncome": "102493000"}, {"fiscalDateEnding": "2022-03-31", "reportedCurrency": "USD", "grossProfit": "368624000", "totalRevenue": "1011149000", "costOfRevenue": "642525000", "costofGoodsAndServicesSold": "642525000", "operatingIncome": "164590000", "sellingGeneralAndAdministrative": "97494000", "researchAndDevelopment": "None", "operatingExpenses": "204083000", "investmentIncomeNet": "None", "netInterestIncome": "-46823000", "interestIncome": "49000", "interestExpense": "46872000", "nonInterestIncome": "None", "otherNonOperatingIncome": "49000", "depreciation": "None", "depreciationAndAmortization": "18976000", "incomeBeforeTax": "117718000", "incomeTaxExpense": "26754000", "interestAndDebtExpense": "None", "netIncomeFromContinuingOperations": "90964000", "comprehensiveIncomeNetOfTax": "None", "ebit": "164590000", "ebitda": "183566000", "netIncome": "90964000"}, {"fiscalDateEnding": "2021-12-31", "reportedCurrency": "USD", "grossProfit": "506201000", "totalRevenue": "1343213000", "costOfRevenue": "837012000", "costofGoodsAndServicesSold": "837012000", "operatingIncome": "222688000", "sellingGeneralAndAdministrative": "140290000", "researchAndDevelopment": "None", "operatingExpenses": "283513000", "investmentIncomeNet": "None", "netInterestIncome": "-60777000", "interestIncome": "207000", "interestExpense": "60984000", "nonInterestIncome": "None", "otherNonOperatingIncome": "207000", "depreciation": "None", "depreciationAndAmortization": "22704000", "incomeBeforeTax": "196169000", "incomeTaxExpense": "40484000", "interestAndDebtExpense": "None", "netIncomeFromContinuingOperations": "155685000", "comprehensiveIncomeNetOfTax": "None", "ebit": "257153000", "ebitda": "279857000", "netIncome": "155685000"}, {"fiscalDateEnding": "2021-09-30", "reportedCurrency": "USD", "grossProfit": "385200000", "totalRevenue": "997990000", "costOfRevenue": "612790000", "costofGoodsAndServicesSold": "612790000", "operatingIncome": "180280000", "sellingGeneralAndAdministrative": "96342000", "researchAndDevelopment": "None", "operatingExpenses": "204920000", "investmentIncomeNet": "None", "netInterestIncome": "-45475000", "interestIncome": "45475000", "interestExpense": "45523000", "nonInterestIncome": "None", "otherNonOperatingIncome": "48000", "depreciation": "None", "depreciationAndAmortization": "16578000", "incomeBeforeTax": "134805000", "incomeTaxExpense": "14403000", "interestAndDebtExpense": "None", "netIncomeFromContinuingOperations": "120402000", "comprehensiveIncomeNetOfTax": "None", "ebit": "180328000", "ebitda": "196906000", "netIncome": "120402000"}, {"fiscalDateEnding": "2021-06-30", "reportedCurrency": "USD", "grossProfit": "407690000", "totalRevenue": "1032472000", "costOfRevenue": "624782000", "costofGoodsAndServicesSold": "624782000", "operatingIncome": "190902000", "sellingGeneralAndAdministrative": "100448000", "researchAndDevelopment": "None", "operatingExpenses": "216788000", "investmentIncomeNet": "None", "netInterestIncome": "-45809000", "interestIncome": "68000", "interestExpense": "45877000", "nonInterestIncome": "None", "otherNonOperatingIncome": "68000", "depreciation": "None", "depreciationAndAmortization": "17176000", "incomeBeforeTax": "145093000", "incomeTaxExpense": "28474000", "interestAndDebtExpense": "None", "netIncomeFromContinuingOperations": "116619000", "comprehensiveIncomeNetOfTax": "None", "ebit": "190970000", "ebitda": "208146000", "netIncome": "116619000"}, {"fiscalDateEnding": "2021-03-31", "reportedCurrency": "USD", "grossProfit": "389151000", "totalRevenue": "983698000", "costOfRevenue": "594547000", "costofGoodsAndServicesSold": "594547000", "operatingIncome": "186538000", "sellingGeneralAndAdministrative": "91253000", "researchAndDevelopment": "None", "operatingExpenses": "202613000", "investmentIncomeNet": "None", "netInterestIncome": "-39400000", "interestIncome": "22000", "interestExpense": "39422000", "nonInterestIncome": "None", "otherNonOperatingIncome": "22000", "depreciation": "None", "depreciationAndAmortization": "16465000", "incomeBeforeTax": "149638000", "incomeTaxExpense": "31877000", "interestAndDebtExpense": "None", "netIncomeFromContinuingOperations": "117761000", "comprehensiveIncomeNetOfTax": "None", "ebit": "189060000", "ebitda": "205525000", "netIncome": "117761000"}, {"fiscalDateEnding": "2020-12-31", "reportedCurrency": "USD", "grossProfit": "535264000", "totalRevenue": "1356567000", "costOfRevenue": "821303000", "costofGoodsAndServicesSold": "821303000", "operatingIncome": "244044000", "sellingGeneralAndAdministrative": "138404000", "researchAndDevelopment": "None", "operatingExpenses": "291220000", "investmentIncomeNet": "None", "netInterestIncome": "-54479000", "interestIncome": "115000", "interestExpense": "54364000", "nonInterestIncome": "None", "otherNonOperatingIncome": "-115000", "depreciation": "None", "depreciationAndAmortization": "20922000", "incomeBeforeTax": "189565000", "incomeTaxExpense": "37668000", "interestAndDebtExpense": "None", "netIncomeFromContinuingOperations": "151897000", "comprehensiveIncomeNetOfTax": "None", "ebit": "243929000", "ebitda": "264851000", "netIncome": "151897000"}, {"fiscalDateEnding": "2020-09-30", "reportedCurrency": "USD", "grossProfit": "361981000", "totalRevenue": "967719000", "costOfRevenue": "605738000", "costofGoodsAndServicesSold": "605738000", "operatingIncome": "162181000", "sellingGeneralAndAdministrative": "91652000", "researchAndDevelopment": "None", "operatingExpenses": "199800000", "investmentIncomeNet": "None", "netInterestIncome": "-38408000", "interestIncome": "38408000", "interestExpense": "38605000", "nonInterestIncome": "None", "otherNonOperatingIncome": "197000", "depreciation": "None", "depreciationAndAmortization": "15327000", "incomeBeforeTax": "123773000", "incomeTaxExpense": "24644000", "interestAndDebtExpense": "None", "netIncomeFromContinuingOperations": "99129000", "comprehensiveIncomeNetOfTax": "None", "ebit": "162378000", "ebitda": "177705000", "netIncome": "99129000"}, {"fiscalDateEnding": "2020-06-30", "reportedCurrency": "USD", "grossProfit": "357091000", "totalRevenue": "920023000", "costOfRevenue": "562932000", "costofGoodsAndServicesSold": "562932000", "operatingIncome": "163583000", "sellingGeneralAndAdministrative": "88068000", "researchAndDevelopment": "None", "operatingExpenses": "193508000", "investmentIncomeNet": "None", "netInterestIncome": "-39087000", "interestIncome": "640000", "interestExpense": "39727000", "nonInterestIncome": "None", "otherNonOperatingIncome": "640000", "depreciation": "None", "depreciationAndAmortization": "14757000", "incomeBeforeTax": "124496000", "incomeTaxExpense": "5828000", "interestAndDebtExpense": "None", "netIncomeFromContinuingOperations": "118668000", "comprehensiveIncomeNetOfTax": "None", "ebit": "164223000", "ebitda": "178980000", "netIncome": "118668000"}, {"fiscalDateEnding": "2020-03-31", "reportedCurrency": "USD", "grossProfit": "340157000", "totalRevenue": "873102000", "costOfRevenue": "532945000", "costofGoodsAndServicesSold": "532945000", "operatingIncome": "155834000", "sellingGeneralAndAdministrative": "88489000", "researchAndDevelopment": "None", "operatingExpenses": "184323000", "investmentIncomeNet": "None", "netInterestIncome": "-39087000", "interestIncome": "640000", "interestExpense": "39470000", "nonInterestIncome": "None", "otherNonOperatingIncome": "932000", "depreciation": "None", "depreciationAndAmortization": "14032000", "incomeBeforeTax": "117296000", "incomeTaxExpense": "-4306000", "interestAndDebtExpense": "None", "netIncomeFromContinuingOperations": "121602000", "comprehensiveIncomeNetOfTax": "None", "ebit": "156766000", "ebitda": "170798000", "netIncome": "121602000"}, {"fiscalDateEnding": "2019-12-31", "reportedCurrency": "USD", "grossProfit": "447288000", "totalRevenue": "1150352000", "costOfRevenue": "703064000", "costofGoodsAndServicesSold": "703064000", "operatingIncome": "203951000", "sellingGeneralAndAdministrative": "119653000", "researchAndDevelopment": "None", "operatingExpenses": "243337000", "investmentIncomeNet": "None", "netInterestIncome": "-46681000", "interestIncome": "46681000", "interestExpense": "48146000", "nonInterestIncome": "None", "otherNonOperatingIncome": "1465000", "depreciation": "None", "depreciationAndAmortization": "18948000", "incomeBeforeTax": "157270000", "incomeTaxExpense": "27943000", "interestAndDebtExpense": "None", "netIncomeFromContinuingOperations": "129327000", "comprehensiveIncomeNetOfTax": "None", "ebit": "205416000", "ebitda": "224364000", "netIncome": "129327000"}, {"fiscalDateEnding": "2019-09-30", "reportedCurrency": "USD", "grossProfit": "316251000", "totalRevenue": "820812000", "costOfRevenue": "504561000", "costofGoodsAndServicesSold": "504561000", "operatingIncome": "143029000", "sellingGeneralAndAdministrative": "83728000", "researchAndDevelopment": "None", "operatingExpenses": "173222000", "investmentIncomeNet": "None", "netInterestIncome": "-32784000", "interestIncome": "968000", "interestExpense": "33752000", "nonInterestIncome": "None", "otherNonOperatingIncome": "968000", "depreciation": "None", "depreciationAndAmortization": "13132000", "incomeBeforeTax": "110245000", "incomeTaxExpense": "23872000", "interestAndDebtExpense": "None", "netIncomeFromContinuingOperations": "86373000", "comprehensiveIncomeNetOfTax": "None", "ebit": "143997000", "ebitda": "157129000", "netIncome": "86373000"}, {"fiscalDateEnding": "2019-06-30", "reportedCurrency": "USD", "grossProfit": "316671000", "totalRevenue": "811647000", "costOfRevenue": "494976000", "costofGoodsAndServicesSold": "494976000", "operatingIncome": "138923000", "sellingGeneralAndAdministrative": "89248000", "researchAndDevelopment": "None", "operatingExpenses": "177748000", "investmentIncomeNet": "None", "netInterestIncome": "-32784000", "interestIncome": "968000", "interestExpense": "33866000", "nonInterestIncome": "None", "otherNonOperatingIncome": "922000", "depreciation": "None", "depreciationAndAmortization": "14060000", "incomeBeforeTax": "105979000", "incomeTaxExpense": "13620000", "interestAndDebtExpense": "None", "netIncomeFromContinuingOperations": "92359000", "comprehensiveIncomeNetOfTax": "None", "ebit": "139845000", "ebitda": "153905000", "netIncome": "92359000"}, {"fiscalDateEnding": "2019-03-31", "reportedCurrency": "USD", "grossProfit": "322289000", "totalRevenue": "835963000", "costOfRevenue": "513674000", "costofGoodsAndServicesSold": "513674000", "operatingIncome": "143504000", "sellingGeneralAndAdministrative": "89664000", "researchAndDevelopment": "None", "operatingExpenses": "178785000", "investmentIncomeNet": "None", "netInterestIncome": "-34361000", "interestIncome": "693000", "interestExpense": "35054000", "nonInterestIncome": "None", "otherNonOperatingIncome": "693000", "depreciation": "None", "depreciationAndAmortization": "13790000", "incomeBeforeTax": "109143000", "incomeTaxExpense": "16493000", "interestAndDebtExpense": "None", "netIncomeFromContinuingOperations": "92650000", "comprehensiveIncomeNetOfTax": "None", "ebit": "144197000", "ebitda": "157987000", "netIncome": "92650000"}, {"fiscalDateEnding": "2018-12-31", "reportedCurrency": "USD", "grossProfit": "413955000", "totalRevenue": "1082135000", "costOfRevenue": "668180000", "costofGoodsAndServicesSold": "668180000", "operatingIncome": "179636000", "sellingGeneralAndAdministrative": "121411000", "researchAndDevelopment": "0", "operatingExpenses": "234319000", "investmentIncomeNet": "None", "netInterestIncome": "None", "interestIncome": "None", "interestExpense": "45956000", "nonInterestIncome": "None", "otherNonOperatingIncome": "883000", "depreciation": "None", "depreciationAndAmortization": "17895000", "incomeBeforeTax": "134563000", "incomeTaxExpense": "22921000", "interestAndDebtExpense": "None", "netIncomeFromContinuingOperations": "111642000", "comprehensiveIncomeNetOfTax": "None", "ebit": "180519000", "ebitda": "198414000", "netIncome": "111642000"}, {"fiscalDateEnding": "2018-09-30", "reportedCurrency": "USD", "grossProfit": "295279000", "totalRevenue": "785965000", "costOfRevenue": "490686000", "costofGoodsAndServicesSold": "490686000", "operatingIncome": "132432000", "sellingGeneralAndAdministrative": "80369000", "researchAndDevelopment": "0", "operatingExpenses": "162847000", "investmentIncomeNet": "None", "netInterestIncome": "None", "interestIncome": "None", "interestExpense": "33976000", "nonInterestIncome": "None", "otherNonOperatingIncome": "792000", "depreciation": "None", "depreciationAndAmortization": "12460000", "incomeBeforeTax": "99248000", "incomeTaxExpense": "15153000", "interestAndDebtExpense": "None", "netIncomeFromContinuingOperations": "84095000", "comprehensiveIncomeNetOfTax": "None", "ebit": "133224000", "ebitda": "145684000", "netIncome": "84095000"}, {"fiscalDateEnding": "2018-06-30", "reportedCurrency": "USD", "grossProfit": "293580000", "totalRevenue": "779396000", "costOfRevenue": "485816000", "costofGoodsAndServicesSold": "485816000", "operatingIncome": "126145000", "sellingGeneralAndAdministrative": "86506000", "researchAndDevelopment": "0", "operatingExpenses": "167435000", "investmentIncomeNet": "None", "netInterestIncome": "None", "interestIncome": "None", "interestExpense": "36127000", "nonInterestIncome": "None", "otherNonOperatingIncome": "1179000", "depreciation": "None", "depreciationAndAmortization": "12241000", "incomeBeforeTax": "91197000", "incomeTaxExpense": "13789000", "interestAndDebtExpense": "None", "netIncomeFromContinuingOperations": "77408000", "comprehensiveIncomeNetOfTax": "None", "ebit": "127324000", "ebitda": "139565000", "netIncome": "77408000"}, {"fiscalDateEnding": "2018-03-31", "reportedCurrency": "USD", "grossProfit": "299865000", "totalRevenue": "785371000", "costOfRevenue": "485506000", "costofGoodsAndServicesSold": "485506000", "operatingIncome": "133476000", "sellingGeneralAndAdministrative": "84178000", "researchAndDevelopment": "0", "operatingExpenses": "166389000", "investmentIncomeNet": "None", "netInterestIncome": "None", "interestIncome": "None", "interestExpense": "30286000", "nonInterestIncome": "None", "otherNonOperatingIncome": "480000", "depreciation": "None", "depreciationAndAmortization": "11069000", "incomeBeforeTax": "103670000", "incomeTaxExpense": "14843000", "interestAndDebtExpense": "None", "netIncomeFromContinuingOperations": "88827000", "comprehensiveIncomeNetOfTax": "None", "ebit": "133476000", "ebitda": "144545000", "netIncome": "88827000"}, {"fiscalDateEnding": "2017-12-31", "reportedCurrency": "USD", "grossProfit": "280852000", "totalRevenue": "891509000", "costOfRevenue": "610657000", "costofGoodsAndServicesSold": "610657000", "operatingIncome": "175251000", "sellingGeneralAndAdministrative": "105601000", "researchAndDevelopment": "0", "operatingExpenses": "105601000", "investmentIncomeNet": "None", "netInterestIncome": "None", "interestIncome": "None", "interestExpense": "39158000", "nonInterestIncome": "None", "otherNonOperatingIncome": "463000", "depreciation": "None", "depreciationAndAmortization": "14315000", "incomeBeforeTax": "136556000", "incomeTaxExpense": "43229000", "interestAndDebtExpense": "None", "netIncomeFromContinuingOperations": "93327000", "comprehensiveIncomeNetOfTax": "None", "ebit": "175714000", "ebitda": "190029000", "netIncome": "93327000"}, {"fiscalDateEnding": "2017-09-30", "reportedCurrency": "USD", "grossProfit": "198478000", "totalRevenue": "643642000", "costOfRevenue": "445164000", "costofGoodsAndServicesSold": "445164000", "operatingIncome": "117080000", "sellingGeneralAndAdministrative": "81398000", "researchAndDevelopment": "0", "operatingExpenses": "81398000", "investmentIncomeNet": "None", "netInterestIncome": "None", "interestIncome": "None", "interestExpense": "33141000", "nonInterestIncome": "None", "otherNonOperatingIncome": "612000", "depreciation": "None", "depreciationAndAmortization": "10281000", "incomeBeforeTax": "84551000", "incomeTaxExpense": "28183000", "interestAndDebtExpense": "None", "netIncomeFromContinuingOperations": "56368000", "comprehensiveIncomeNetOfTax": "None", "ebit": "117692000", "ebitda": "127973000", "netIncome": "56368000"}, {"fiscalDateEnding": "2017-06-30", "reportedCurrency": "USD", "grossProfit": "192845000", "totalRevenue": "628611000", "costOfRevenue": "435766000", "costofGoodsAndServicesSold": "435766000", "operatingIncome": "112867000", "sellingGeneralAndAdministrative": "79978000", "researchAndDevelopment": "0", "operatingExpenses": "79978000", "investmentIncomeNet": "None", "netInterestIncome": "None", "interestIncome": "None", "interestExpense": "24611000", "nonInterestIncome": "None", "otherNonOperatingIncome": "276000", "depreciation": "None", "depreciationAndAmortization": "10275000", "incomeBeforeTax": "88532000", "incomeTaxExpense": "22791000", "interestAndDebtExpense": "None", "netIncomeFromContinuingOperations": "65741000", "comprehensiveIncomeNetOfTax": "None", "ebit": "112867000", "ebitda": "123142000", "netIncome": "65741000"}, {"fiscalDateEnding": "2017-03-31", "reportedCurrency": "USD", "grossProfit": "193816000", "totalRevenue": "624217000", "costOfRevenue": "430401000", "costofGoodsAndServicesSold": "430401000", "operatingIncome": "116034000", "sellingGeneralAndAdministrative": "77782000", "researchAndDevelopment": "0", "operatingExpenses": "77782000", "investmentIncomeNet": "None", "netInterestIncome": "None", "interestIncome": "None", "interestExpense": "25631000", "nonInterestIncome": "None", "otherNonOperatingIncome": "111000", "depreciation": "None", "depreciationAndAmortization": "9498000", "incomeBeforeTax": "90514000", "incomeTaxExpense": "28045000", "interestAndDebtExpense": "None", "netIncomeFromContinuingOperations": "62469000", "comprehensiveIncomeNetOfTax": "None", "ebit": "116145000", "ebitda": "125643000", "netIncome": "62469000"}, {"fiscalDateEnding": "2016-12-31", "reportedCurrency": "USD", "grossProfit": "254734000", "totalRevenue": "819435000", "costOfRevenue": "564701000", "costofGoodsAndServicesSold": "564701000", "operatingIncome": "150717000", "sellingGeneralAndAdministrative": "104017000", "researchAndDevelopment": "0", "operatingExpenses": "104017000", "investmentIncomeNet": "None", "netInterestIncome": "None", "interestIncome": "None", "interestExpense": "33536000", "nonInterestIncome": "None", "otherNonOperatingIncome": "129000", "depreciation": "None", "depreciationAndAmortization": "12680000", "incomeBeforeTax": "117310000", "incomeTaxExpense": "44576000", "interestAndDebtExpense": "None", "netIncomeFromContinuingOperations": "72734000", "comprehensiveIncomeNetOfTax": "None", "ebit": "150846000", "ebitda": "163526000", "netIncome": "72733000"}, {"fiscalDateEnding": "2016-09-30", "reportedCurrency": "USD", "grossProfit": "173903000", "totalRevenue": "566677000", "costOfRevenue": "392774000", "costofGoodsAndServicesSold": "392774000", "operatingIncome": "100911000", "sellingGeneralAndAdministrative": "72992000", "researchAndDevelopment": "0", "operatingExpenses": "72992000", "investmentIncomeNet": "None", "netInterestIncome": "None", "interestIncome": "None", "interestExpense": "25180000", "nonInterestIncome": "None", "otherNonOperatingIncome": "83000", "depreciation": "None", "depreciationAndAmortization": "8704000", "incomeBeforeTax": "75814000", "incomeTaxExpense": "28582000", "interestAndDebtExpense": "None", "netIncomeFromContinuingOperations": "47232000", "comprehensiveIncomeNetOfTax": "None", "ebit": "100994000", "ebitda": "109698000", "netIncome": "47232000"}, {"fiscalDateEnding": "2016-06-30", "reportedCurrency": "USD", "grossProfit": "171838000", "totalRevenue": "547341000", "costOfRevenue": "375503000", "costofGoodsAndServicesSold": "375503000", "operatingIncome": "103701000", "sellingGeneralAndAdministrative": "68137000", "researchAndDevelopment": "0", "operatingExpenses": "68137000", "investmentIncomeNet": "None", "netInterestIncome": "None", "interestIncome": "None", "interestExpense": "25206000", "nonInterestIncome": "None", "otherNonOperatingIncome": "197000", "depreciation": "None", "depreciationAndAmortization": "8535000", "incomeBeforeTax": "78692000", "incomeTaxExpense": "29431000", "interestAndDebtExpense": "None", "netIncomeFromContinuingOperations": "49261000", "comprehensiveIncomeNetOfTax": "None", "ebit": "103701000", "ebitda": "112236000", "netIncome": "49261000"}, {"fiscalDateEnding": "2016-03-31", "reportedCurrency": "USD", "grossProfit": "167216000", "totalRevenue": "539175000", "costOfRevenue": "371959000", "costofGoodsAndServicesSold": "371959000", "operatingIncome": "98712000", "sellingGeneralAndAdministrative": "68504000", "researchAndDevelopment": "0", "operatingExpenses": "68504000", "investmentIncomeNet": "None", "netInterestIncome": "None", "interestIncome": "None", "interestExpense": "26146000", "nonInterestIncome": "None", "otherNonOperatingIncome": "276000", "depreciation": "None", "depreciationAndAmortization": "8221000", "incomeBeforeTax": "72842000", "incomeTaxExpense": "27391000", "interestAndDebtExpense": "None", "netIncomeFromContinuingOperations": "45451000", "comprehensiveIncomeNetOfTax": "None", "ebit": "98712000", "ebitda": "106933000", "netIncome": "45451000"}, {"fiscalDateEnding": "2015-12-31", "reportedCurrency": "USD", "grossProfit": "231439000", "totalRevenue": "741183000", "costOfRevenue": "509744000", "costofGoodsAndServicesSold": "509744000", "operatingIncome": "138412000", "sellingGeneralAndAdministrative": "93027000", "researchAndDevelopment": "0", "operatingExpenses": "93027000", "investmentIncomeNet": "None", "netInterestIncome": "None", "interestIncome": "None", "interestExpense": "40395000", "nonInterestIncome": "None", "otherNonOperatingIncome": "110000", "depreciation": "None", "depreciationAndAmortization": "9739000", "incomeBeforeTax": "98127000", "incomeTaxExpense": "35368000", "interestAndDebtExpense": "None", "netIncomeFromContinuingOperations": "62759000", "comprehensiveIncomeNetOfTax": "None", "ebit": "138522000", "ebitda": "148261000", "netIncome": "62759000"}, {"fiscalDateEnding": "2015-09-30", "reportedCurrency": "USD", "grossProfit": "141954000", "totalRevenue": "484696000", "costOfRevenue": "342742000", "costofGoodsAndServicesSold": "342742000", "operatingIncome": "80543000", "sellingGeneralAndAdministrative": "61411000", "researchAndDevelopment": "0", "operatingExpenses": "61411000", "investmentIncomeNet": "None", "netInterestIncome": "None", "interestIncome": "None", "interestExpense": "19979000", "nonInterestIncome": "None", "otherNonOperatingIncome": "64000", "depreciation": "None", "depreciationAndAmortization": "7667000", "incomeBeforeTax": "60628000", "incomeTaxExpense": "22796000", "interestAndDebtExpense": "None", "netIncomeFromContinuingOperations": "37832000", "comprehensiveIncomeNetOfTax": "None", "ebit": "80543000", "ebitda": "88210000", "netIncome": "37832000"}, {"fiscalDateEnding": "2015-06-30", "reportedCurrency": "USD", "grossProfit": "152672000", "totalRevenue": "488622000", "costOfRevenue": "335950000", "costofGoodsAndServicesSold": "335950000", "operatingIncome": "92231000", "sellingGeneralAndAdministrative": "60441000", "researchAndDevelopment": "0", "operatingExpenses": "60441000", "investmentIncomeNet": "None", "netInterestIncome": "None", "interestIncome": "None", "interestExpense": "19010000", "nonInterestIncome": "None", "otherNonOperatingIncome": "57000", "depreciation": "None", "depreciationAndAmortization": "7681000", "incomeBeforeTax": "73278000", "incomeTaxExpense": "27369000", "interestAndDebtExpense": "None", "netIncomeFromContinuingOperations": "45909000", "comprehensiveIncomeNetOfTax": "None", "ebit": "92231000", "ebitda": "99912000", "netIncome": "45909000"}, {"fiscalDateEnding": "2015-03-31", "reportedCurrency": "USD", "grossProfit": "157066000", "totalRevenue": "502027000", "costOfRevenue": "344961000", "costofGoodsAndServicesSold": "344961000", "operatingIncome": "94253000", "sellingGeneralAndAdministrative": "62813000", "researchAndDevelopment": "0", "operatingExpenses": "62813000", "investmentIncomeNet": "None", "netInterestIncome": "None", "interestIncome": "None", "interestExpense": "20153000", "nonInterestIncome": "None", "otherNonOperatingIncome": "82000", "depreciation": "None", "depreciationAndAmortization": "7347000", "incomeBeforeTax": "74182000", "incomeTaxExpense": "27893000", "interestAndDebtExpense": "None", "netIncomeFromContinuingOperations": "46289000", "comprehensiveIncomeNetOfTax": "None", "ebit": "94253000", "ebitda": "101600000", "netIncome": "46289000"}, {"fiscalDateEnding": "2014-12-31", "reportedCurrency": "USD", "grossProfit": "189565000", "totalRevenue": "642950000", "costOfRevenue": "453385000", "costofGoodsAndServicesSold": "453385000", "operatingIncome": "102882000", "sellingGeneralAndAdministrative": "86683000", "researchAndDevelopment": "0", "operatingExpenses": "86683000", "investmentIncomeNet": "None", "netInterestIncome": "None", "interestIncome": "None", "interestExpense": "26730000", "nonInterestIncome": "None", "otherNonOperatingIncome": "63000", "depreciation": "None", "depreciationAndAmortization": "15764000", "incomeBeforeTax": "76215000", "incomeTaxExpense": "28182000", "interestAndDebtExpense": "None", "netIncomeFromContinuingOperations": "48033000", "comprehensiveIncomeNetOfTax": "None", "ebit": "102945000", "ebitda": "118709000", "netIncome": "48033000"}, {"fiscalDateEnding": "2014-09-30", "reportedCurrency": "USD", "grossProfit": "133514000", "totalRevenue": "446568000", "costOfRevenue": "313054000", "costofGoodsAndServicesSold": "313054000", "operatingIncome": "76941000", "sellingGeneralAndAdministrative": "56573000", "researchAndDevelopment": "0", "operatingExpenses": "56573000", "investmentIncomeNet": "None", "netInterestIncome": "None", "interestIncome": "None", "interestExpense": "19974000", "nonInterestIncome": "None", "otherNonOperatingIncome": "22000", "depreciation": "None", "depreciationAndAmortization": "6947000", "incomeBeforeTax": "56989000", "incomeTaxExpense": "21371000", "interestAndDebtExpense": "None", "netIncomeFromContinuingOperations": "35618000", "comprehensiveIncomeNetOfTax": "None", "ebit": "76941000", "ebitda": "83888000", "netIncome": "35618000"}, {"fiscalDateEnding": "2014-06-30", "reportedCurrency": "USD", "grossProfit": "134645000", "totalRevenue": "450463000", "costOfRevenue": "315818000", "costofGoodsAndServicesSold": "315818000", "operatingIncome": "81363000", "sellingGeneralAndAdministrative": "53282000", "researchAndDevelopment": "0", "operatingExpenses": "53282000", "investmentIncomeNet": "None", "netInterestIncome": "None", "interestIncome": "None", "interestExpense": "19851000", "nonInterestIncome": "None", "otherNonOperatingIncome": "27000", "depreciation": "None", "depreciationAndAmortization": "6656000", "incomeBeforeTax": "61539000", "incomeTaxExpense": "23077000", "interestAndDebtExpense": "None", "netIncomeFromContinuingOperations": "38462000", "comprehensiveIncomeNetOfTax": "None", "ebit": "79663000", "ebitda": "86319000", "netIncome": "38462000"}, {"fiscalDateEnding": "2014-03-31", "reportedCurrency": "USD", "grossProfit": "137042000", "totalRevenue": "453852000", "costOfRevenue": "316810000", "costofGoodsAndServicesSold": "316810000", "operatingIncome": "84175000", "sellingGeneralAndAdministrative": "52867000", "researchAndDevelopment": "0", "operatingExpenses": "52867000", "investmentIncomeNet": "None", "netInterestIncome": "None", "interestIncome": "None", "interestExpense": "20326000", "nonInterestIncome": "None", "otherNonOperatingIncome": "31000", "depreciation": "None", "depreciationAndAmortization": "6421000", "incomeBeforeTax": "63880000", "incomeTaxExpense": "23406000", "interestAndDebtExpense": "None", "netIncomeFromContinuingOperations": "40474000", "comprehensiveIncomeNetOfTax": "None", "ebit": "84175000", "ebitda": "90596000", "netIncome": "40474000"}, {"fiscalDateEnding": "2013-12-31", "reportedCurrency": "USD", "grossProfit": "172547000", "totalRevenue": "566547000", "costOfRevenue": "394000000", "costofGoodsAndServicesSold": "394000000", "operatingIncome": "97670000", "sellingGeneralAndAdministrative": "74877000", "researchAndDevelopment": "0", "operatingExpenses": "74877000", "investmentIncomeNet": "None", "netInterestIncome": "None", "interestIncome": "None", "interestExpense": "27154000", "nonInterestIncome": "None", "otherNonOperatingIncome": "64000", "depreciation": "None", "depreciationAndAmortization": "8303000", "incomeBeforeTax": "70579000", "incomeTaxExpense": "25916000", "interestAndDebtExpense": "None", "netIncomeFromContinuingOperations": "44663000", "comprehensiveIncomeNetOfTax": "None", "ebit": "92664000", "ebitda": "100967000", "netIncome": "44663000"}, {"fiscalDateEnding": "2013-09-30", "reportedCurrency": "USD", "grossProfit": "120634000", "totalRevenue": "404050000", "costOfRevenue": "283416000", "costofGoodsAndServicesSold": "283416000", "operatingIncome": "66776000", "sellingGeneralAndAdministrative": "53858000", "researchAndDevelopment": "0", "operatingExpenses": "53858000", "investmentIncomeNet": "None", "netInterestIncome": "None", "interestIncome": "None", "interestExpense": "20347000", "nonInterestIncome": "None", "otherNonOperatingIncome": "24000", "depreciation": "None", "depreciationAndAmortization": "6073000", "incomeBeforeTax": "46453000", "incomeTaxExpense": "15821000", "interestAndDebtExpense": "None", "netIncomeFromContinuingOperations": "30632000", "comprehensiveIncomeNetOfTax": "None", "ebit": "66776000", "ebitda": "72849000", "netIncome": "30632000"}, {"fiscalDateEnding": "2013-06-30", "reportedCurrency": "USD", "grossProfit": "125987000", "totalRevenue": "414009000", "costOfRevenue": "288022000", "costofGoodsAndServicesSold": "288022000", "operatingIncome": "73841000", "sellingGeneralAndAdministrative": "52146000", "researchAndDevelopment": "0", "operatingExpenses": "52146000", "investmentIncomeNet": "None", "netInterestIncome": "None", "interestIncome": "None", "interestExpense": "20426000", "nonInterestIncome": "None", "otherNonOperatingIncome": "30000", "depreciation": "None", "depreciationAndAmortization": "5776000", "incomeBeforeTax": "53445000", "incomeTaxExpense": "20175000", "interestAndDebtExpense": "None", "netIncomeFromContinuingOperations": "33270000", "comprehensiveIncomeNetOfTax": "None", "ebit": "73871000", "ebitda": "79647000", "netIncome": "33270000"}, {"fiscalDateEnding": "2013-03-31", "reportedCurrency": "USD", "grossProfit": "129806000", "totalRevenue": "417617000", "costOfRevenue": "287811000", "costofGoodsAndServicesSold": "287811000", "operatingIncome": "75525000", "sellingGeneralAndAdministrative": "54281000", "researchAndDevelopment": "0", "operatingExpenses": "54281000", "investmentIncomeNet": "None", "netInterestIncome": "None", "interestIncome": "None", "interestExpense": "20945000", "nonInterestIncome": "None", "otherNonOperatingIncome": "42000", "depreciation": "None", "depreciationAndAmortization": "5631000", "incomeBeforeTax": "54622000", "incomeTaxExpense": "20202000", "interestAndDebtExpense": "None", "netIncomeFromContinuingOperations": "34420000", "comprehensiveIncomeNetOfTax": "None", "ebit": "75567000", "ebitda": "81198000", "netIncome": "34420000"}, {"fiscalDateEnding": "2012-12-31", "reportedCurrency": "USD", "grossProfit": "160675000", "totalRevenue": "539650000", "costOfRevenue": "378975000", "costofGoodsAndServicesSold": "378975000", "operatingIncome": "88039000", "sellingGeneralAndAdministrative": "72636000", "researchAndDevelopment": "0", "operatingExpenses": "72636000", "investmentIncomeNet": "None", "netInterestIncome": "None", "interestIncome": "None", "interestExpense": "27797000", "nonInterestIncome": "None", "otherNonOperatingIncome": "64000", "depreciation": "None", "depreciationAndAmortization": "7319000", "incomeBeforeTax": "60306000", "incomeTaxExpense": "22728000", "interestAndDebtExpense": "None", "netIncomeFromContinuingOperations": "37579000", "comprehensiveIncomeNetOfTax": "None", "ebit": "88103000", "ebitda": "95422000", "netIncome": "37578000"}, {"fiscalDateEnding": "2012-09-30", "reportedCurrency": "USD", "grossProfit": "111407000", "totalRevenue": "378077000", "costOfRevenue": "266670000", "costofGoodsAndServicesSold": "266670000", "operatingIncome": "61618000", "sellingGeneralAndAdministrative": "49789000", "researchAndDevelopment": "0", "operatingExpenses": "49789000", "investmentIncomeNet": "None", "netInterestIncome": "None", "interestIncome": "None", "interestExpense": "20683000", "nonInterestIncome": "None", "otherNonOperatingIncome": "34000", "depreciation": "None", "depreciationAndAmortization": "5411000", "incomeBeforeTax": "40969000", "incomeTaxExpense": "14993000", "interestAndDebtExpense": "None", "netIncomeFromContinuingOperations": "25976000", "comprehensiveIncomeNetOfTax": "None", "ebit": "61652000", "ebitda": "67063000", "netIncome": "25976000"}, {"fiscalDateEnding": "2012-06-30", "reportedCurrency": "USD", "grossProfit": "114607000", "totalRevenue": "376124000", "costOfRevenue": "261517000", "costofGoodsAndServicesSold": "261517000", "operatingIncome": "65778000", "sellingGeneralAndAdministrative": "48829000", "researchAndDevelopment": "0", "operatingExpenses": "48829000", "investmentIncomeNet": "None", "netInterestIncome": "None", "interestIncome": "None", "interestExpense": "20717000", "nonInterestIncome": "None", "otherNonOperatingIncome": "52000", "depreciation": "None", "depreciationAndAmortization": "5225000", "incomeBeforeTax": "45113000", "incomeTaxExpense": "17018000", "interestAndDebtExpense": "None", "netIncomeFromContinuingOperations": "28095000", "comprehensiveIncomeNetOfTax": "None", "ebit": "65830000", "ebitda": "71055000", "netIncome": "28095000"}, {"fiscalDateEnding": "2012-03-31", "reportedCurrency": "USD", "grossProfit": "114649000", "totalRevenue": "384587000", "costOfRevenue": "269938000", "costofGoodsAndServicesSold": "269938000", "operatingIncome": "66895000", "sellingGeneralAndAdministrative": "47754000", "researchAndDevelopment": "0", "operatingExpenses": "47754000", "investmentIncomeNet": "None", "netInterestIncome": "None", "interestIncome": "None", "interestExpense": "32250000", "nonInterestIncome": "None", "otherNonOperatingIncome": "154000", "depreciation": "None", "depreciationAndAmortization": "5216000", "incomeBeforeTax": "34799000", "incomeTaxExpense": "14057000", "interestAndDebtExpense": "None", "netIncomeFromContinuingOperations": "20742000", "comprehensiveIncomeNetOfTax": "None", "ebit": "67049000", "ebitda": "72265000", "netIncome": "20742000"}, {"fiscalDateEnding": "2011-12-31", "reportedCurrency": "USD", "grossProfit": "144858000", "totalRevenue": "501748000", "costOfRevenue": "356890000", "costofGoodsAndServicesSold": "356890000", "operatingIncome": "76133000", "sellingGeneralAndAdministrative": "47307500", "researchAndDevelopment": "0", "operatingExpenses": "68725000", "investmentIncomeNet": "None", "netInterestIncome": "None", "interestIncome": "None", "interestExpense": "28150000", "nonInterestIncome": "None", "otherNonOperatingIncome": "82000", "depreciation": "None", "depreciationAndAmortization": "6964000", "incomeBeforeTax": "48066000", "incomeTaxExpense": "17155000", "interestAndDebtExpense": "None", "netIncomeFromContinuingOperations": "30911000", "comprehensiveIncomeNetOfTax": "None", "ebit": "76216000", "ebitda": "83180000", "netIncome": "30911000"}, {"fiscalDateEnding": "2011-09-30", "reportedCurrency": "USD", "grossProfit": "103359000", "totalRevenue": "376326000", "costOfRevenue": "272967000", "costofGoodsAndServicesSold": "272967000", "operatingIncome": "55854000", "sellingGeneralAndAdministrative": "47505000", "researchAndDevelopment": "0", "operatingExpenses": "47505000", "investmentIncomeNet": "None", "netInterestIncome": "None", "interestIncome": "None", "interestExpense": "20984000", "nonInterestIncome": "None", "otherNonOperatingIncome": "60000", "depreciation": "None", "depreciationAndAmortization": "6010000", "incomeBeforeTax": "34930000", "incomeTaxExpense": "12839000", "interestAndDebtExpense": "None", "netIncomeFromContinuingOperations": "22091000", "comprehensiveIncomeNetOfTax": "None", "ebit": "55914000", "ebitda": "61924000", "netIncome": "22091000"}, {"fiscalDateEnding": "2011-06-30", "reportedCurrency": "USD", "grossProfit": "110694000", "totalRevenue": "384933000", "costOfRevenue": "274239000", "costofGoodsAndServicesSold": "274239000", "operatingIncome": "62046000", "sellingGeneralAndAdministrative": "48648000", "researchAndDevelopment": "0", "operatingExpenses": "48648000", "investmentIncomeNet": "None", "netInterestIncome": "None", "interestIncome": "None", "interestExpense": "21044000", "nonInterestIncome": "None", "otherNonOperatingIncome": "74000", "depreciation": "None", "depreciationAndAmortization": "5462000", "incomeBeforeTax": "41076000", "incomeTaxExpense": "15828000", "interestAndDebtExpense": "None", "netIncomeFromContinuingOperations": "25248000", "comprehensiveIncomeNetOfTax": "None", "ebit": "62120000", "ebitda": "67582000", "netIncome": "25248000"}, {"fiscalDateEnding": "2011-03-31", "reportedCurrency": "USD", "grossProfit": "111606000", "totalRevenue": "389186000", "costOfRevenue": "277580000", "costofGoodsAndServicesSold": "277580000", "operatingIncome": "65112000", "sellingGeneralAndAdministrative": "46494000", "researchAndDevelopment": "0", "operatingExpenses": "46494000", "investmentIncomeNet": "None", "netInterestIncome": "None", "interestIncome": "None", "interestExpense": "21457000", "nonInterestIncome": "None", "otherNonOperatingIncome": "80000", "depreciation": "None", "depreciationAndAmortization": "5606000", "incomeBeforeTax": "43735000", "incomeTaxExpense": "16624000", "interestAndDebtExpense": "None", "netIncomeFromContinuingOperations": "27111000", "comprehensiveIncomeNetOfTax": "None", "ebit": "65192000", "ebitda": "70798000", "netIncome": "27111000"}, {"fiscalDateEnding": "2010-12-31", "reportedCurrency": "USD", "grossProfit": "136108000", "totalRevenue": "479971000", "costOfRevenue": "343863000", "costofGoodsAndServicesSold": "343863000", "operatingIncome": "67388000", "sellingGeneralAndAdministrative": "91547800", "researchAndDevelopment": "0", "operatingExpenses": "68720000", "investmentIncomeNet": "None", "netInterestIncome": "None", "interestIncome": "None", "interestExpense": "28865000", "nonInterestIncome": "None", "otherNonOperatingIncome": "None", "depreciation": "None", "depreciationAndAmortization": "7627000", "incomeBeforeTax": "37856000", "incomeTaxExpense": "13683000", "interestAndDebtExpense": "None", "netIncomeFromContinuingOperations": "0", "comprehensiveIncomeNetOfTax": "None", "ebit": "66721000", "ebitda": "74348000", "netIncome": "24173000"}, {"fiscalDateEnding": "2010-09-30", "reportedCurrency": "USD", "grossProfit": "94153000", "totalRevenue": "347388000", "costOfRevenue": "253235000", "costofGoodsAndServicesSold": "253235000", "operatingIncome": "48224000", "sellingGeneralAndAdministrative": "45929000", "researchAndDevelopment": "0", "operatingExpenses": "45929000", "investmentIncomeNet": "None", "netInterestIncome": "None", "interestIncome": "None", "interestExpense": "22021000", "nonInterestIncome": "None", "otherNonOperatingIncome": "None", "depreciation": "None", "depreciationAndAmortization": "5431000", "incomeBeforeTax": "27208000", "incomeTaxExpense": "10608000", "interestAndDebtExpense": "None", "netIncomeFromContinuingOperations": "0", "comprehensiveIncomeNetOfTax": "None", "ebit": "49229000", "ebitda": "54660000", "netIncome": "16600000"}, {"fiscalDateEnding": "2010-06-30", "reportedCurrency": "USD", "grossProfit": "100336000", "totalRevenue": "362405000", "costOfRevenue": "262069000", "costofGoodsAndServicesSold": "262069000", "operatingIncome": "54549000", "sellingGeneralAndAdministrative": "45787000", "researchAndDevelopment": "0", "operatingExpenses": "45787000", "investmentIncomeNet": "None", "netInterestIncome": "None", "interestIncome": "None", "interestExpense": "21770000", "nonInterestIncome": "None", "otherNonOperatingIncome": "None", "depreciation": "None", "depreciationAndAmortization": "5491000", "incomeBeforeTax": "34320000", "incomeTaxExpense": "11695000", "interestAndDebtExpense": "None", "netIncomeFromContinuingOperations": "0", "comprehensiveIncomeNetOfTax": "None", "ebit": "56090000", "ebitda": "61581000", "netIncome": "22625000"}, {"fiscalDateEnding": "2010-03-31", "reportedCurrency": "USD", "grossProfit": "107994000", "totalRevenue": "381131000", "costOfRevenue": "273137000", "costofGoodsAndServicesSold": "273137000", "operatingIncome": "57541000", "sellingGeneralAndAdministrative": "50453000", "researchAndDevelopment": "0", "operatingExpenses": "50453000", "investmentIncomeNet": "None", "netInterestIncome": "None", "interestIncome": "None", "interestExpense": "24153000", "nonInterestIncome": "None", "otherNonOperatingIncome": "None", "depreciation": "None", "depreciationAndAmortization": "5503000", "incomeBeforeTax": "39562000", "incomeTaxExpense": "15043000", "interestAndDebtExpense": "None", "netIncomeFromContinuingOperations": "0", "comprehensiveIncomeNetOfTax": "None", "ebit": "63715000", "ebitda": "69218000", "netIncome": "24519000"}, {"fiscalDateEnding": "2009-12-31", "reportedCurrency": "USD", "grossProfit": "129049000", "totalRevenue": "462882000", "costOfRevenue": "333833000", "costofGoodsAndServicesSold": "333833000", "operatingIncome": "63837000", "sellingGeneralAndAdministrative": "184900", "researchAndDevelopment": "0", "operatingExpenses": "65212000", "investmentIncomeNet": "None", "netInterestIncome": "None", "interestIncome": "None", "interestExpense": "33315000", "nonInterestIncome": "None", "otherNonOperatingIncome": "None", "depreciation": "None", "depreciationAndAmortization": "7281000", "incomeBeforeTax": "38397000", "incomeTaxExpense": "14779000", "interestAndDebtExpense": "None", "netIncomeFromContinuingOperations": "0", "comprehensiveIncomeNetOfTax": "None", "ebit": "71712000", "ebitda": "78993000", "netIncome": "23618000"}, {"fiscalDateEnding": "2009-09-30", "reportedCurrency": "USD", "grossProfit": "83151000", "totalRevenue": "302715000", "costOfRevenue": "219564000", "costofGoodsAndServicesSold": "219564000", "operatingIncome": "40450000", "sellingGeneralAndAdministrative": "42701000", "researchAndDevelopment": "0", "operatingExpenses": "42701000", "investmentIncomeNet": "None", "netInterestIncome": "None", "interestIncome": "None", "interestExpense": "24631000", "nonInterestIncome": "None", "otherNonOperatingIncome": "None", "depreciation": "None", "depreciationAndAmortization": "5506000", "incomeBeforeTax": "30212000", "incomeTaxExpense": "12383000", "interestAndDebtExpense": "None", "netIncomeFromContinuingOperations": "0", "comprehensiveIncomeNetOfTax": "None", "ebit": "54843000", "ebitda": "60349000", "netIncome": "17829000"}, {"fiscalDateEnding": "2009-06-30", "reportedCurrency": "USD", "grossProfit": "85959000", "totalRevenue": "316632000", "costOfRevenue": "230673000", "costofGoodsAndServicesSold": "230673000", "operatingIncome": "40304000", "sellingGeneralAndAdministrative": "45655000", "researchAndDevelopment": "0", "operatingExpenses": "45655000", "investmentIncomeNet": "None", "netInterestIncome": "None", "interestIncome": "None", "interestExpense": "26030000", "nonInterestIncome": "None", "otherNonOperatingIncome": "None", "depreciation": "None", "depreciationAndAmortization": "5490000", "incomeBeforeTax": "27323000", "incomeTaxExpense": "12796000", "interestAndDebtExpense": "None", "netIncomeFromContinuingOperations": "0", "comprehensiveIncomeNetOfTax": "None", "ebit": "34814000", "ebitda": "40304000", "netIncome": "14527000"}, {"fiscalDateEnding": "2009-03-31", "reportedCurrency": "USD", "grossProfit": "88817000", "totalRevenue": "321828000", "costOfRevenue": "233011000", "costofGoodsAndServicesSold": "233011000", "operatingIncome": "44918000", "sellingGeneralAndAdministrative": "43899000", "researchAndDevelopment": "0", "operatingExpenses": "43899000", "investmentIncomeNet": "None", "netInterestIncome": "None", "interestIncome": "None", "interestExpense": "26968000", "nonInterestIncome": "None", "otherNonOperatingIncome": "None", "depreciation": "None", "depreciationAndAmortization": "5787000", "incomeBeforeTax": "39591000", "incomeTaxExpense": "15821000", "interestAndDebtExpense": "None", "netIncomeFromContinuingOperations": "0", "comprehensiveIncomeNetOfTax": "None", "ebit": "66559000", "ebitda": "72346000", "netIncome": "23770000"}, {"fiscalDateEnding": "2008-12-31", "reportedCurrency": "USD", "grossProfit": "108745000", "totalRevenue": "428166000", "costOfRevenue": "319421000", "costofGoodsAndServicesSold": "319421000", "operatingIncome": "51891000", "sellingGeneralAndAdministrative": "170300", "researchAndDevelopment": "0", "operatingExpenses": "56854000", "investmentIncomeNet": "None", "netInterestIncome": "None", "interestIncome": "None", "interestExpense": "55000", "nonInterestIncome": "None", "otherNonOperatingIncome": "None", "depreciation": "None", "depreciationAndAmortization": "2326000", "incomeBeforeTax": "16156000", "incomeTaxExpense": "5130000", "interestAndDebtExpense": "None", "netIncomeFromContinuingOperations": "0", "comprehensiveIncomeNetOfTax": "None", "ebit": "54637000", "ebitda": "56963000", "netIncome": "11026000"}, {"fiscalDateEnding": "2008-09-30", "reportedCurrency": "USD", "grossProfit": "78720000", "totalRevenue": "323588000", "costOfRevenue": "244868000", "costofGoodsAndServicesSold": "244868000", "operatingIncome": "40237000", "sellingGeneralAndAdministrative": "38500000", "researchAndDevelopment": "0", "operatingExpenses": "38483000", "investmentIncomeNet": "None", "netInterestIncome": "None", "interestIncome": "None", "interestExpense": "26125000", "nonInterestIncome": "None", "otherNonOperatingIncome": "None", "depreciation": "None", "depreciationAndAmortization": "8610000", "incomeBeforeTax": "14559000", "incomeTaxExpense": "4463000", "interestAndDebtExpense": "None", "netIncomeFromContinuingOperations": "0", "comprehensiveIncomeNetOfTax": "None", "ebit": "35350000", "ebitda": "43960000", "netIncome": "10096000"}, {"fiscalDateEnding": "2008-06-30", "reportedCurrency": "USD", "grossProfit": "87759000", "totalRevenue": "334347000", "costOfRevenue": "246588000", "costofGoodsAndServicesSold": "246588000", "operatingIncome": "53552000", "sellingGeneralAndAdministrative": "72893000", "researchAndDevelopment": "0", "operatingExpenses": "34207000", "investmentIncomeNet": "None", "netInterestIncome": "None", "interestIncome": "None", "interestExpense": "52286000", "nonInterestIncome": "None", "otherNonOperatingIncome": "None", "depreciation": "None", "depreciationAndAmortization": "8115000", "incomeBeforeTax": "28624000", "incomeTaxExpense": "9894000", "interestAndDebtExpense": "None", "netIncomeFromContinuingOperations": "0", "comprehensiveIncomeNetOfTax": "None", "ebit": "45437000", "ebitda": "53552000", "netIncome": "18730000"}, {"fiscalDateEnding": "2008-03-31", "reportedCurrency": "USD", "grossProfit": "88035000", "totalRevenue": "339012000", "costOfRevenue": "250977000", "costofGoodsAndServicesSold": "250977000", "operatingIncome": "49350000", "sellingGeneralAndAdministrative": "38685000", "researchAndDevelopment": "0", "operatingExpenses": "38685000", "investmentIncomeNet": "None", "netInterestIncome": "None", "interestIncome": "None", "interestExpense": "26708000", "nonInterestIncome": "None", "otherNonOperatingIncome": "None", "depreciation": "None", "depreciationAndAmortization": "9326000", "incomeBeforeTax": "23532000", "incomeTaxExpense": "9413000", "interestAndDebtExpense": "None", "netIncomeFromContinuingOperations": "0", "comprehensiveIncomeNetOfTax": "None", "ebit": "40024000", "ebitda": "49350000", "netIncome": "14119000"}, {"fiscalDateEnding": "2007-12-31", "reportedCurrency": "USD", "grossProfit": "111989000", "totalRevenue": "445942000", "costOfRevenue": "333953000", "costofGoodsAndServicesSold": "333953000", "operatingIncome": "56118000", "sellingGeneralAndAdministrative": "186200", "researchAndDevelopment": "0", "operatingExpenses": "55871000", "investmentIncomeNet": "None", "netInterestIncome": "None", "interestIncome": "None", "interestExpense": "48800", "nonInterestIncome": "None", "otherNonOperatingIncome": "None", "depreciation": "None", "depreciationAndAmortization": "13275000", "incomeBeforeTax": "21525000", "incomeTaxExpense": "5348000", "interestAndDebtExpense": "None", "netIncomeFromContinuingOperations": "0", "comprehensiveIncomeNetOfTax": "None", "ebit": "56118000", "ebitda": "69393000", "netIncome": "16177000"}, {"fiscalDateEnding": "2007-09-30", "reportedCurrency": "USD", "grossProfit": "83928000", "totalRevenue": "337318000", "costOfRevenue": "253390000", "costofGoodsAndServicesSold": "253390000", "operatingIncome": "43761000", "sellingGeneralAndAdministrative": "129073000", "researchAndDevelopment": "0", "operatingExpenses": "40167000", "investmentIncomeNet": "None", "netInterestIncome": "None", "interestIncome": "None", "interestExpense": "95733000", "nonInterestIncome": "None", "otherNonOperatingIncome": "None", "depreciation": "None", "depreciationAndAmortization": "8831000", "incomeBeforeTax": "18247000", "incomeTaxExpense": "7256000", "interestAndDebtExpense": "None", "netIncomeFromContinuingOperations": "0", "comprehensiveIncomeNetOfTax": "None", "ebit": "43761000", "ebitda": "52592000", "netIncome": "10991000"}, {"fiscalDateEnding": "2007-06-30", "reportedCurrency": "USD", "grossProfit": "91867000", "totalRevenue": "340289000", "costOfRevenue": "248422000", "costofGoodsAndServicesSold": "248422000", "operatingIncome": "43299000", "sellingGeneralAndAdministrative": "88906000", "researchAndDevelopment": "0", "operatingExpenses": "48568000", "investmentIncomeNet": "None", "netInterestIncome": "None", "interestIncome": "None", "interestExpense": "69220000", "nonInterestIncome": "None", "otherNonOperatingIncome": "None", "depreciation": "None", "depreciationAndAmortization": "30218000", "incomeBeforeTax": "2243000", "incomeTaxExpense": "-74000", "interestAndDebtExpense": "None", "netIncomeFromContinuingOperations": "0", "comprehensiveIncomeNetOfTax": "None", "ebit": "43299000", "ebitda": "73517000", "netIncome": "2317000"}, {"fiscalDateEnding": "2007-03-31", "reportedCurrency": "USD", "grossProfit": "91070000", "totalRevenue": "339321000", "costOfRevenue": "248251000", "costofGoodsAndServicesSold": "248251000", "operatingIncome": "50732000", "sellingGeneralAndAdministrative": "40338000", "researchAndDevelopment": "0", "operatingExpenses": "40338000", "investmentIncomeNet": "None", "netInterestIncome": "None", "interestIncome": "None", "interestExpense": "24443000", "nonInterestIncome": "None", "otherNonOperatingIncome": "None", "depreciation": "None", "depreciationAndAmortization": "17464000", "incomeBeforeTax": "13545000", "incomeTaxExpense": "5147000", "interestAndDebtExpense": "None", "netIncomeFromContinuingOperations": "0", "comprehensiveIncomeNetOfTax": "None", "ebit": "33268000", "ebitda": "50732000", "netIncome": "8398000"}, {"fiscalDateEnding": "2006-12-31", "reportedCurrency": "USD", "grossProfit": "115692000", "totalRevenue": "435254000", "costOfRevenue": "319562000", "costofGoodsAndServicesSold": "319562000", "operatingIncome": "63194000", "sellingGeneralAndAdministrative": "68348000", "researchAndDevelopment": "0", "operatingExpenses": "52498000", "investmentIncomeNet": "None", "netInterestIncome": "None", "interestIncome": "None", "interestExpense": "10191000", "nonInterestIncome": "None", "otherNonOperatingIncome": "None", "depreciation": "None", "depreciationAndAmortization": "10688000", "incomeBeforeTax": "47126000", "incomeTaxExpense": "16081000", "interestAndDebtExpense": "None", "netIncomeFromContinuingOperations": "0", "comprehensiveIncomeNetOfTax": "None", "ebit": "63194000", "ebitda": "73882000", "netIncome": "31045000"}, {"fiscalDateEnding": "2006-09-30", "reportedCurrency": "USD", "grossProfit": "85779000", "totalRevenue": "326669000", "costOfRevenue": "240890000", "costofGoodsAndServicesSold": "240890000", "operatingIncome": "50713000", "sellingGeneralAndAdministrative": "35066000", "researchAndDevelopment": "0", "operatingExpenses": "35066000", "investmentIncomeNet": "None", "netInterestIncome": "None", "interestIncome": "None", "interestExpense": "13600000", "nonInterestIncome": "None", "otherNonOperatingIncome": "None", "depreciation": "None", "depreciationAndAmortization": "8404000", "incomeBeforeTax": "37494000", "incomeTaxExpense": "12970000", "interestAndDebtExpense": "None", "netIncomeFromContinuingOperations": "0", "comprehensiveIncomeNetOfTax": "None", "ebit": "42309000", "ebitda": "50713000", "netIncome": "24524000"}, {"fiscalDateEnding": "2006-06-30", "reportedCurrency": "USD", "grossProfit": "88765000", "totalRevenue": "327741000", "costOfRevenue": "238976000", "costofGoodsAndServicesSold": "238976000", "operatingIncome": "46399000", "sellingGeneralAndAdministrative": "42366000", "researchAndDevelopment": "0", "operatingExpenses": "42366000", "investmentIncomeNet": "None", "netInterestIncome": "None", "interestIncome": "None", "interestExpense": "12899000", "nonInterestIncome": "None", "otherNonOperatingIncome": "None", "depreciation": "None", "depreciationAndAmortization": "8090000", "incomeBeforeTax": "33623000", "incomeTaxExpense": "9117000", "interestAndDebtExpense": "None", "netIncomeFromContinuingOperations": "0", "comprehensiveIncomeNetOfTax": "None", "ebit": "38309000", "ebitda": "46399000", "netIncome": "24506000"}, {"fiscalDateEnding": "2006-03-31", "reportedCurrency": "USD", "grossProfit": "94295000", "totalRevenue": "347654000", "costOfRevenue": "253359000", "costofGoodsAndServicesSold": "253359000", "operatingIncome": "53891000", "sellingGeneralAndAdministrative": "40404000", "researchAndDevelopment": "0", "operatingExpenses": "40404000", "investmentIncomeNet": "None", "netInterestIncome": "None", "interestIncome": "None", "interestExpense": "12065000", "nonInterestIncome": "None", "otherNonOperatingIncome": "None", "depreciation": "None", "depreciationAndAmortization": "8464000", "incomeBeforeTax": "42181000", "incomeTaxExpense": "16029000", "interestAndDebtExpense": "None", "netIncomeFromContinuingOperations": "0", "comprehensiveIncomeNetOfTax": "None", "ebit": "45427000", "ebitda": "53891000", "netIncome": "26152000"}, {"fiscalDateEnding": "2005-12-31", "reportedCurrency": "USD", "grossProfit": "117364000", "totalRevenue": "457399000", "costOfRevenue": "340035000", "costofGoodsAndServicesSold": "340035000", "operatingIncome": "56646000", "sellingGeneralAndAdministrative": "176100", "researchAndDevelopment": "0", "operatingExpenses": "60718000", "investmentIncomeNet": "None", "netInterestIncome": "None", "interestIncome": "None", "interestExpense": "74700", "nonInterestIncome": "None", "otherNonOperatingIncome": "None", "depreciation": "None", "depreciationAndAmortization": "11138000", "incomeBeforeTax": "63272000", "incomeTaxExpense": "24165000", "interestAndDebtExpense": "None", "netIncomeFromContinuingOperations": "0", "comprehensiveIncomeNetOfTax": "None", "ebit": "56646000", "ebitda": "67784000", "netIncome": "39107000"}, {"fiscalDateEnding": "2005-09-30", "reportedCurrency": "USD", "grossProfit": "86512000", "totalRevenue": "337576000", "costOfRevenue": "251064000", "costofGoodsAndServicesSold": "251064000", "operatingIncome": "45384000", "sellingGeneralAndAdministrative": "41128000", "researchAndDevelopment": "0", "operatingExpenses": "41128000", "investmentIncomeNet": "None", "netInterestIncome": "None", "interestIncome": "None", "interestExpense": "11674000", "nonInterestIncome": "None", "otherNonOperatingIncome": "None", "depreciation": "None", "depreciationAndAmortization": "8161000", "incomeBeforeTax": "33793000", "incomeTaxExpense": "12977000", "interestAndDebtExpense": "None", "netIncomeFromContinuingOperations": "0", "comprehensiveIncomeNetOfTax": "None", "ebit": "45384000", "ebitda": "53545000", "netIncome": "20284000"}, {"fiscalDateEnding": "2005-06-30", "reportedCurrency": "USD", "grossProfit": "88399000", "totalRevenue": "346954000", "costOfRevenue": "258555000", "costofGoodsAndServicesSold": "258555000", "operatingIncome": "46580000", "sellingGeneralAndAdministrative": "41819000", "researchAndDevelopment": "0", "operatingExpenses": "41819000", "investmentIncomeNet": "None", "netInterestIncome": "None", "interestIncome": "None", "interestExpense": "10562000", "nonInterestIncome": "None", "otherNonOperatingIncome": "None", "depreciation": "None", "depreciationAndAmortization": "7971000", "incomeBeforeTax": "36094000", "incomeTaxExpense": "12693000", "interestAndDebtExpense": "None", "netIncomeFromContinuingOperations": "0", "comprehensiveIncomeNetOfTax": "None", "ebit": "46580000", "ebitda": "54551000", "netIncome": "23121000"}, {"fiscalDateEnding": "2005-03-31", "reportedCurrency": "USD", "grossProfit": "93013000", "totalRevenue": "369668000", "costOfRevenue": "276655000", "costofGoodsAndServicesSold": "276655000", "operatingIncome": "50495000", "sellingGeneralAndAdministrative": "2485000", "researchAndDevelopment": "0", "operatingExpenses": "42518000", "investmentIncomeNet": "None", "netInterestIncome": "None", "interestIncome": "None", "interestExpense": "12000", "nonInterestIncome": "None", "otherNonOperatingIncome": "None", "depreciation": "None", "depreciationAndAmortization": "8165000", "incomeBeforeTax": "40093000", "incomeTaxExpense": "15135000", "interestAndDebtExpense": "None", "netIncomeFromContinuingOperations": "0", "comprehensiveIncomeNetOfTax": "None", "ebit": "50495000", "ebitda": "58660000", "netIncome": "24958000"}, {"fiscalDateEnding": "2004-12-31", "reportedCurrency": "USD", "grossProfit": "115686000", "totalRevenue": "478528000", "costOfRevenue": "362842000", "costofGoodsAndServicesSold": "362842000", "operatingIncome": "60208000", "sellingGeneralAndAdministrative": "171400", "researchAndDevelopment": "0", "operatingExpenses": "55478000", "investmentIncomeNet": "None", "netInterestIncome": "None", "interestIncome": "None", "interestExpense": "60300", "nonInterestIncome": "None", "otherNonOperatingIncome": "None", "depreciation": "None", "depreciationAndAmortization": "11550000", "incomeBeforeTax": "43401000", "incomeTaxExpense": "16384000", "interestAndDebtExpense": "None", "netIncomeFromContinuingOperations": "0", "comprehensiveIncomeNetOfTax": "None", "ebit": "60208000", "ebitda": "71758000", "netIncome": "27017000"}]}