{"symbol": "UBER", "annualReports": [{"fiscalDateEnding": "2024-12-31", "reportedCurrency": "USD", "grossProfit": "17327000000", "totalRevenue": "43978000000", "costOfRevenue": "26651000000", "costofGoodsAndServicesSold": "26651000000", "operatingIncome": "2799000000", "sellingGeneralAndAdministrative": "3639000000", "researchAndDevelopment": "3109000000", "operatingExpenses": "14528000000", "investmentIncomeNet": "None", "netInterestIncome": "198000000", "interestIncome": "721000000", "interestExpense": "523000000", "nonInterestIncome": "None", "otherNonOperatingIncome": "None", "depreciation": "None", "depreciationAndAmortization": "711000000", "incomeBeforeTax": "4125000000", "incomeTaxExpense": "-5758000000", "interestAndDebtExpense": "None", "netIncomeFromContinuingOperations": "9845000000", "comprehensiveIncomeNetOfTax": "None", "ebit": "3575000000", "ebitda": "4286000000", "netIncome": "9856000000"}, {"fiscalDateEnding": "2023-12-31", "reportedCurrency": "USD", "grossProfit": "14824000000", "totalRevenue": "37281000000", "costOfRevenue": "22457000000", "costofGoodsAndServicesSold": "22457000000", "operatingIncome": "1110000000", "sellingGeneralAndAdministrative": "2682000000", "researchAndDevelopment": "3164000000", "operatingExpenses": "13714000000", "investmentIncomeNet": "None", "netInterestIncome": "-149000000", "interestIncome": "484000000", "interestExpense": "633000000", "nonInterestIncome": "None", "otherNonOperatingIncome": "None", "depreciation": "None", "depreciationAndAmortization": "823000000", "incomeBeforeTax": "2321000000", "incomeTaxExpense": "213000000", "interestAndDebtExpense": "None", "netIncomeFromContinuingOperations": "2156000000", "comprehensiveIncomeNetOfTax": "None", "ebit": "1110000000", "ebitda": "1933000000", "netIncome": "1887000000"}, {"fiscalDateEnding": "2022-12-31", "reportedCurrency": "USD", "grossProfit": "12218000000", "totalRevenue": "31877000000", "costOfRevenue": "19659000000", "costofGoodsAndServicesSold": "19659000000", "operatingIncome": "-1832000000", "sellingGeneralAndAdministrative": "3136000000", "researchAndDevelopment": "2798000000", "operatingExpenses": "14050000000", "investmentIncomeNet": "None", "netInterestIncome": "-426000000", "interestIncome": "7618000000", "interestExpense": "565000000", "nonInterestIncome": "None", "otherNonOperatingIncome": "-6922000000", "depreciation": "None", "depreciationAndAmortization": "947000000", "incomeBeforeTax": "-9426000000", "incomeTaxExpense": "-181000000", "interestAndDebtExpense": "None", "netIncomeFromContinuingOperations": "-9245000000", "comprehensiveIncomeNetOfTax": "None", "ebit": "-8861000000", "ebitda": "-7914000000", "netIncome": "-9245000000"}, {"fiscalDateEnding": "2021-12-31", "reportedCurrency": "USD", "grossProfit": "8104000000", "totalRevenue": "17455000000", "costOfRevenue": "9351000000", "costofGoodsAndServicesSold": "9351000000", "operatingIncome": "-3834000000", "sellingGeneralAndAdministrative": "7105000000", "researchAndDevelopment": "2054000000", "operatingExpenses": "21289000000", "investmentIncomeNet": "None", "netInterestIncome": "-446000000", "interestIncome": "37000000", "interestExpense": "483000000", "nonInterestIncome": "None", "otherNonOperatingIncome": "3255000000", "depreciation": "None", "depreciationAndAmortization": "902000000", "incomeBeforeTax": "-1025000000", "incomeTaxExpense": "-492000000", "interestAndDebtExpense": "None", "netIncomeFromContinuingOperations": "-570000000", "comprehensiveIncomeNetOfTax": "None", "ebit": "-3834000000", "ebitda": "360000000", "netIncome": "-496000000"}, {"fiscalDateEnding": "2020-12-31", "reportedCurrency": "USD", "grossProfit": "5985000000", "totalRevenue": "11139000000", "costOfRevenue": "5154000000", "costofGoodsAndServicesSold": "5154000000", "operatingIncome": "-4863000000", "sellingGeneralAndAdministrative": "2666000000", "researchAndDevelopment": "2205000000", "operatingExpenses": "10848000000", "investmentIncomeNet": "None", "netInterestIncome": "-403000000", "interestIncome": "55000000", "interestExpense": "458000000", "nonInterestIncome": "None", "otherNonOperatingIncome": "-1659000000", "depreciation": "None", "depreciationAndAmortization": "575000000", "incomeBeforeTax": "-6946000000", "incomeTaxExpense": "-192000000", "interestAndDebtExpense": "None", "netIncomeFromContinuingOperations": "-6754000000", "comprehensiveIncomeNetOfTax": "None", "ebit": "-6488000000", "ebitda": "-5913000000", "netIncome": "-6754000000"}, {"fiscalDateEnding": "2019-12-31", "reportedCurrency": "USD", "grossProfit": "6939000000", "totalRevenue": "14147000000", "costOfRevenue": "7208000000", "costofGoodsAndServicesSold": "7208000000", "operatingIncome": "-8596000000", "sellingGeneralAndAdministrative": "3299000000", "researchAndDevelopment": "4836000000", "operatingExpenses": "15535000000", "investmentIncomeNet": "None", "netInterestIncome": "-325000000", "interestIncome": "234000000", "interestExpense": "559000000", "nonInterestIncome": "None", "otherNonOperatingIncome": "None", "depreciation": "None", "depreciationAndAmortization": "472000000", "incomeBeforeTax": "-8433000000", "incomeTaxExpense": "45000000", "interestAndDebtExpense": "None", "netIncomeFromContinuingOperations": "-8512000000", "comprehensiveIncomeNetOfTax": "None", "ebit": "-7874000000", "ebitda": "-7402000000", "netIncome": "-8478000000"}, {"fiscalDateEnding": "2018-12-31", "reportedCurrency": "USD", "grossProfit": "5647000000", "totalRevenue": "11270000000", "costOfRevenue": "5623000000", "costofGoodsAndServicesSold": "5623000000", "operatingIncome": "-3033000000", "sellingGeneralAndAdministrative": "2082000000", "researchAndDevelopment": "1505000000", "operatingExpenses": "8680000000", "investmentIncomeNet": "None", "netInterestIncome": "-544000000", "interestIncome": "104000000", "interestExpense": "648000000", "nonInterestIncome": "None", "otherNonOperatingIncome": "None", "depreciation": "None", "depreciationAndAmortization": "426000000", "incomeBeforeTax": "1312000000", "incomeTaxExpense": "283000000", "interestAndDebtExpense": "None", "netIncomeFromContinuingOperations": "987000000", "comprehensiveIncomeNetOfTax": "None", "ebit": "1960000000", "ebitda": "2386000000", "netIncome": "997000000"}, {"fiscalDateEnding": "2017-12-31", "reportedCurrency": "USD", "grossProfit": "3772000000", "totalRevenue": "7932000000", "costOfRevenue": "4160000000", "costofGoodsAndServicesSold": "4160000000", "operatingIncome": "-4080000000", "sellingGeneralAndAdministrative": "2263000000", "researchAndDevelopment": "1201000000", "operatingExpenses": "7852000000", "investmentIncomeNet": "None", "netInterestIncome": "-408000000", "interestIncome": "71000000", "interestExpense": "479000000", "nonInterestIncome": "None", "otherNonOperatingIncome": "None", "depreciation": "None", "depreciationAndAmortization": "510000000", "incomeBeforeTax": "-4575000000", "incomeTaxExpense": "-542000000", "interestAndDebtExpense": "None", "netIncomeFromContinuingOperations": "-4033000000", "comprehensiveIncomeNetOfTax": "None", "ebit": "-4096000000", "ebitda": "-3586000000", "netIncome": "-4033000000"}, {"fiscalDateEnding": "2016-12-31", "reportedCurrency": "USD", "grossProfit": "1617000000", "totalRevenue": "3845000000", "costOfRevenue": "2228000000", "costofGoodsAndServicesSold": "2228000000", "operatingIncome": "-3023000000", "sellingGeneralAndAdministrative": "981000000", "researchAndDevelopment": "864000000", "operatingExpenses": "4640000000", "investmentIncomeNet": "None", "netInterestIncome": "-312000000", "interestIncome": "22000000", "interestExpense": "334000000", "nonInterestIncome": "None", "otherNonOperatingIncome": "None", "depreciation": "None", "depreciationAndAmortization": "320000000", "incomeBeforeTax": "-3218000000", "incomeTaxExpense": "28000000", "interestAndDebtExpense": "None", "netIncomeFromContinuingOperations": "-3246000000", "comprehensiveIncomeNetOfTax": "None", "ebit": "-2884000000", "ebitda": "-2564000000", "netIncome": "-370000000"}, {"fiscalDateEnding": "2015-12-31", "reportedCurrency": "USD", "grossProfit": "452000000", "totalRevenue": "1995000000", "costOfRevenue": "1543000000", "costofGoodsAndServicesSold": "1543000000", "operatingIncome": "-1300000000", "sellingGeneralAndAdministrative": "1366000000", "researchAndDevelopment": "None", "operatingExpenses": "None", "investmentIncomeNet": "None", "netInterestIncome": "None", "interestIncome": "306000000", "interestExpense": "0", "nonInterestIncome": "None", "otherNonOperatingIncome": "None", "depreciation": "None", "depreciationAndAmortization": "None", "incomeBeforeTax": "-1603000000", "incomeTaxExpense": "-13000000", "interestAndDebtExpense": "None", "netIncomeFromContinuingOperations": "None", "comprehensiveIncomeNetOfTax": "None", "ebit": "None", "ebitda": "None", "netIncome": "-2688000000"}], "quarterlyReports": [{"fiscalDateEnding": "2024-12-31", "reportedCurrency": "USD", "grossProfit": "4725000000", "totalRevenue": "11959000000", "costOfRevenue": "7234000000", "costofGoodsAndServicesSold": "7234000000", "operatingIncome": "770000000", "sellingGeneralAndAdministrative": "1114000000", "researchAndDevelopment": "785000000", "operatingExpenses": "3955000000", "investmentIncomeNet": "None", "netInterestIncome": "74000000", "interestIncome": "191000000", "interestExpense": "117000000", "nonInterestIncome": "None", "otherNonOperatingIncome": "None", "depreciation": "None", "depreciationAndAmortization": "169000000", "incomeBeforeTax": "909000000", "incomeTaxExpense": "-6002000000", "interestAndDebtExpense": "None", "netIncomeFromContinuingOperations": "6901000000", "comprehensiveIncomeNetOfTax": "None", "ebit": "1026000000", "ebitda": "1195000000", "netIncome": "6883000000"}, {"fiscalDateEnding": "2024-09-30", "reportedCurrency": "USD", "grossProfit": "4427000000", "totalRevenue": "11188000000", "costOfRevenue": "6761000000", "costofGoodsAndServicesSold": "6761000000", "operatingIncome": "1061000000", "sellingGeneralAndAdministrative": "630000000", "researchAndDevelopment": "774000000", "operatingExpenses": "3366000000", "investmentIncomeNet": "None", "netInterestIncome": "52000000", "interestIncome": "195000000", "interestExpense": "143000000", "nonInterestIncome": "None", "otherNonOperatingIncome": "None", "depreciation": "None", "depreciationAndAmortization": "186000000", "incomeBeforeTax": "2769000000", "incomeTaxExpense": "158000000", "interestAndDebtExpense": "None", "netIncomeFromContinuingOperations": "2599000000", "comprehensiveIncomeNetOfTax": "None", "ebit": "2912000000", "ebitda": "3098000000", "netIncome": "2612000000"}, {"fiscalDateEnding": "2024-06-30", "reportedCurrency": "USD", "grossProfit": "3357000000", "totalRevenue": "10700000000", "costOfRevenue": "7343000000", "costofGoodsAndServicesSold": "7343000000", "operatingIncome": "942000000", "sellingGeneralAndAdministrative": "686000000", "researchAndDevelopment": "760000000", "operatingExpenses": "2415000000", "investmentIncomeNet": "None", "netInterestIncome": "37000000", "interestIncome": "176000000", "interestExpense": "139000000", "nonInterestIncome": "None", "otherNonOperatingIncome": "None", "depreciation": "None", "depreciationAndAmortization": "181000000", "incomeBeforeTax": "1077000000", "incomeTaxExpense": "57000000", "interestAndDebtExpense": "None", "netIncomeFromContinuingOperations": "1008000000", "comprehensiveIncomeNetOfTax": "None", "ebit": "796000000", "ebitda": "977000000", "netIncome": "1015000000"}, {"fiscalDateEnding": "2024-03-31", "reportedCurrency": "USD", "grossProfit": "3963000000", "totalRevenue": "10131000000", "costOfRevenue": "6168000000", "costofGoodsAndServicesSold": "6168000000", "operatingIncome": "172000000", "sellingGeneralAndAdministrative": "1209000000", "researchAndDevelopment": "790000000", "operatingExpenses": "3791000000", "investmentIncomeNet": "None", "netInterestIncome": "35000000", "interestIncome": "159000000", "interestExpense": "124000000", "nonInterestIncome": "None", "otherNonOperatingIncome": "None", "depreciation": "None", "depreciationAndAmortization": "190000000", "incomeBeforeTax": "-630000000", "incomeTaxExpense": "29000000", "interestAndDebtExpense": "None", "netIncomeFromContinuingOperations": "-663000000", "comprehensiveIncomeNetOfTax": "None", "ebit": "-506000000", "ebitda": "-316000000", "netIncome": "-654000000"}, {"fiscalDateEnding": "2023-12-31", "reportedCurrency": "USD", "grossProfit": "3879000000", "totalRevenue": "9936000000", "costOfRevenue": "6057000000", "costofGoodsAndServicesSold": "6057000000", "operatingIncome": "652000000", "sellingGeneralAndAdministrative": "603000000", "researchAndDevelopment": "784000000", "operatingExpenses": "3227000000", "investmentIncomeNet": "None", "netInterestIncome": "5000000", "interestIncome": "160000000", "interestExpense": "155000000", "nonInterestIncome": "None", "otherNonOperatingIncome": "None", "depreciation": "None", "depreciationAndAmortization": "203000000", "incomeBeforeTax": "1828000000", "incomeTaxExpense": "133000000", "interestAndDebtExpense": "None", "netIncomeFromContinuingOperations": "1700000000", "comprehensiveIncomeNetOfTax": "None", "ebit": "652000000", "ebitda": "855000000", "netIncome": "1429000000"}, {"fiscalDateEnding": "2023-09-30", "reportedCurrency": "USD", "grossProfit": "3666000000", "totalRevenue": "9292000000", "costOfRevenue": "5626000000", "costofGoodsAndServicesSold": "5626000000", "operatingIncome": "394000000", "sellingGeneralAndAdministrative": "646000000", "researchAndDevelopment": "797000000", "operatingExpenses": "3272000000", "investmentIncomeNet": "None", "netInterestIncome": "-36000000", "interestIncome": "166000000", "interestExpense": "166000000", "nonInterestIncome": "None", "otherNonOperatingIncome": "None", "depreciation": "None", "depreciationAndAmortization": "205000000", "incomeBeforeTax": "176000000", "incomeTaxExpense": "-40000000", "interestAndDebtExpense": "None", "netIncomeFromContinuingOperations": "219000000", "comprehensiveIncomeNetOfTax": "None", "ebit": "394000000", "ebitda": "599000000", "netIncome": "221000000"}, {"fiscalDateEnding": "2023-06-30", "reportedCurrency": "USD", "grossProfit": "3715000000", "totalRevenue": "9230000000", "costOfRevenue": "5515000000", "costofGoodsAndServicesSold": "5515000000", "operatingIncome": "326000000", "sellingGeneralAndAdministrative": "491000000", "researchAndDevelopment": "808000000", "operatingExpenses": "3389000000", "investmentIncomeNet": "None", "netInterestIncome": "-37000000", "interestIncome": "144000000", "interestExpense": "144000000", "nonInterestIncome": "None", "otherNonOperatingIncome": "277000000", "depreciation": "None", "depreciationAndAmortization": "208000000", "incomeBeforeTax": "455000000", "incomeTaxExpense": "65000000", "interestAndDebtExpense": "None", "netIncomeFromContinuingOperations": "390000000", "comprehensiveIncomeNetOfTax": "None", "ebit": "326000000", "ebitda": "534000000", "netIncome": "394000000"}, {"fiscalDateEnding": "2023-03-31", "reportedCurrency": "USD", "grossProfit": "3564000000", "totalRevenue": "8823000000", "costOfRevenue": "5259000000", "costofGoodsAndServicesSold": "5259000000", "operatingIncome": "-262000000", "sellingGeneralAndAdministrative": "942000000", "researchAndDevelopment": "775000000", "operatingExpenses": "3826000000", "investmentIncomeNet": "None", "netInterestIncome": "-81000000", "interestIncome": "168000000", "interestExpense": "168000000", "nonInterestIncome": "None", "otherNonOperatingIncome": "328000000", "depreciation": "None", "depreciationAndAmortization": "207000000", "incomeBeforeTax": "-138000000", "incomeTaxExpense": "55000000", "interestAndDebtExpense": "None", "netIncomeFromContinuingOperations": "-157000000", "comprehensiveIncomeNetOfTax": "None", "ebit": "-262000000", "ebitda": "-55000000", "netIncome": "-157000000"}, {"fiscalDateEnding": "2022-12-31", "reportedCurrency": "USD", "grossProfit": "3300000000", "totalRevenue": "8607000000", "costOfRevenue": "5307000000", "costofGoodsAndServicesSold": "5307000000", "operatingIncome": "-67000000", "sellingGeneralAndAdministrative": "745000000", "researchAndDevelopment": "747000000", "operatingExpenses": "3442000000", "investmentIncomeNet": "None", "netInterestIncome": "-78000000", "interestIncome": "603000000", "interestExpense": "151000000", "nonInterestIncome": "None", "otherNonOperatingIncome": "809000000", "depreciation": "None", "depreciationAndAmortization": "223000000", "incomeBeforeTax": "474000000", "incomeTaxExpense": "-84000000", "interestAndDebtExpense": "None", "netIncomeFromContinuingOperations": "558000000", "comprehensiveIncomeNetOfTax": "None", "ebit": "-67000000", "ebitda": "156000000", "netIncome": "595000000"}, {"fiscalDateEnding": "2022-09-30", "reportedCurrency": "USD", "grossProfit": "3170000000", "totalRevenue": "8343000000", "costOfRevenue": "5173000000", "costofGoodsAndServicesSold": "5173000000", "operatingIncome": "-495000000", "sellingGeneralAndAdministrative": "908000000", "researchAndDevelopment": "760000000", "operatingExpenses": "3665000000", "investmentIncomeNet": "None", "netInterestIncome": "-108000000", "interestIncome": "706000000", "interestExpense": "146000000", "nonInterestIncome": "None", "otherNonOperatingIncome": "-505000000", "depreciation": "None", "depreciationAndAmortization": "227000000", "incomeBeforeTax": "-1176000000", "incomeTaxExpense": "58000000", "interestAndDebtExpense": "None", "netIncomeFromContinuingOperations": "-1234000000", "comprehensiveIncomeNetOfTax": "None", "ebit": "-1030000000", "ebitda": "-803000000", "netIncome": "-1206000000"}, {"fiscalDateEnding": "2022-06-30", "reportedCurrency": "USD", "grossProfit": "2920000000", "totalRevenue": "8073000000", "costOfRevenue": "5153000000", "costofGoodsAndServicesSold": "5153000000", "operatingIncome": "-713000000", "sellingGeneralAndAdministrative": "851000000", "researchAndDevelopment": "704000000", "operatingExpenses": "3633000000", "investmentIncomeNet": "None", "netInterestIncome": "-122000000", "interestIncome": "17000000", "interestExpense": "139000000", "nonInterestIncome": "None", "otherNonOperatingIncome": "-1687000000", "depreciation": "None", "depreciationAndAmortization": "265000000", "incomeBeforeTax": "-2556000000", "incomeTaxExpense": "77000000", "interestAndDebtExpense": "None", "netIncomeFromContinuingOperations": "-2616000000", "comprehensiveIncomeNetOfTax": "None", "ebit": "-2439000000", "ebitda": "-2174000000", "netIncome": "-2633000000"}, {"fiscalDateEnding": "2022-03-31", "reportedCurrency": "USD", "grossProfit": "2828000000", "totalRevenue": "6854000000", "costOfRevenue": "4026000000", "costofGoodsAndServicesSold": "4026000000", "operatingIncome": "-482000000", "sellingGeneralAndAdministrative": "632000000", "researchAndDevelopment": "587000000", "operatingExpenses": "3310000000", "investmentIncomeNet": "None", "netInterestIncome": "-118000000", "interestIncome": "11000000", "interestExpense": "129000000", "nonInterestIncome": "None", "otherNonOperatingIncome": "-5539000000", "depreciation": "None", "depreciationAndAmortization": "258000000", "incomeBeforeTax": "-6168000000", "incomeTaxExpense": "-232000000", "interestAndDebtExpense": "None", "netIncomeFromContinuingOperations": "-5936000000", "comprehensiveIncomeNetOfTax": "None", "ebit": "-6043000000", "ebitda": "-5785000000", "netIncome": "-5936000000"}, {"fiscalDateEnding": "2021-12-31", "reportedCurrency": "USD", "grossProfit": "2674000000", "totalRevenue": "5778000000", "costOfRevenue": "3104000000", "costofGoodsAndServicesSold": "3104000000", "operatingIncome": "-550000000", "sellingGeneralAndAdministrative": "611000000", "researchAndDevelopment": "558000000", "operatingExpenses": "3224000000", "investmentIncomeNet": "None", "netInterestIncome": "-121000000", "interestIncome": "9000000", "interestExpense": "130000000", "nonInterestIncome": "None", "otherNonOperatingIncome": "1462000000", "depreciation": "None", "depreciationAndAmortization": "246000000", "incomeBeforeTax": "791000000", "incomeTaxExpense": "-97000000", "interestAndDebtExpense": "None", "netIncomeFromContinuingOperations": "879000000", "comprehensiveIncomeNetOfTax": "None", "ebit": "-550000000", "ebitda": "-304000000", "netIncome": "892000000"}, {"fiscalDateEnding": "2021-09-30", "reportedCurrency": "USD", "grossProfit": "2407000000", "totalRevenue": "4845000000", "costOfRevenue": "2438000000", "costofGoodsAndServicesSold": "2438000000", "operatingIncome": "-572000000", "sellingGeneralAndAdministrative": "625000000", "researchAndDevelopment": "493000000", "operatingExpenses": "2979000000", "investmentIncomeNet": "None", "netInterestIncome": "-113000000", "interestIncome": "10000000", "interestExpense": "123000000", "nonInterestIncome": "None", "otherNonOperatingIncome": "-1845000000", "depreciation": "None", "depreciationAndAmortization": "218000000", "incomeBeforeTax": "-2527000000", "incomeTaxExpense": "-101000000", "interestAndDebtExpense": "None", "netIncomeFromContinuingOperations": "-2439000000", "comprehensiveIncomeNetOfTax": "None", "ebit": "-2404000000", "ebitda": "-2186000000", "netIncome": "-2424000000"}, {"fiscalDateEnding": "2021-06-30", "reportedCurrency": "USD", "grossProfit": "1830000000", "totalRevenue": "3929000000", "costOfRevenue": "2099000000", "costofGoodsAndServicesSold": "2099000000", "operatingIncome": "-1188000000", "sellingGeneralAndAdministrative": "616000000", "researchAndDevelopment": "488000000", "operatingExpenses": "3018000000", "investmentIncomeNet": "None", "netInterestIncome": "-102000000", "interestIncome": "13000000", "interestExpense": "115000000", "nonInterestIncome": "None", "otherNonOperatingIncome": "1936000000", "depreciation": "None", "depreciationAndAmortization": "226000000", "incomeBeforeTax": "640000000", "incomeTaxExpense": "-479000000", "interestAndDebtExpense": "None", "netIncomeFromContinuingOperations": "1112000000", "comprehensiveIncomeNetOfTax": "None", "ebit": "-1188000000", "ebitda": "-962000000", "netIncome": "1144000000"}, {"fiscalDateEnding": "2021-03-31", "reportedCurrency": "USD", "grossProfit": "1193000000", "totalRevenue": "2903000000", "costOfRevenue": "1710000000", "costofGoodsAndServicesSold": "1710000000", "operatingIncome": "-1524000000", "sellingGeneralAndAdministrative": "464000000", "researchAndDevelopment": "515000000", "operatingExpenses": "2717000000", "investmentIncomeNet": "None", "netInterestIncome": "-110000000", "interestIncome": "5000000", "interestExpense": "115000000", "nonInterestIncome": "None", "otherNonOperatingIncome": "1702000000", "depreciation": "None", "depreciationAndAmortization": "212000000", "incomeBeforeTax": "71000000", "incomeTaxExpense": "185000000", "interestAndDebtExpense": "None", "netIncomeFromContinuingOperations": "-114000000", "comprehensiveIncomeNetOfTax": "None", "ebit": "-1524000000", "ebitda": "-1312000000", "netIncome": "-108000000"}, {"fiscalDateEnding": "2020-12-31", "reportedCurrency": "USD", "grossProfit": "1724000000", "totalRevenue": "3165000000", "costOfRevenue": "1441000000", "costofGoodsAndServicesSold": "1441000000", "operatingIncome": "-877000000", "sellingGeneralAndAdministrative": "531000000", "researchAndDevelopment": "483000000", "operatingExpenses": "2601000000", "investmentIncomeNet": "None", "netInterestIncome": "-114000000", "interestIncome": "4000000", "interestExpense": "118000000", "nonInterestIncome": "None", "otherNonOperatingIncome": "None", "depreciation": "None", "depreciationAndAmortization": "180000000", "incomeBeforeTax": "-932000000", "incomeTaxExpense": "23000000", "interestAndDebtExpense": "None", "netIncomeFromContinuingOperations": "-962000000", "comprehensiveIncomeNetOfTax": "None", "ebit": "-814000000", "ebitda": "-634000000", "netIncome": "-968000000"}, {"fiscalDateEnding": "2020-09-30", "reportedCurrency": "USD", "grossProfit": "1515000000", "totalRevenue": "3129000000", "costOfRevenue": "1614000000", "costofGoodsAndServicesSold": "1614000000", "operatingIncome": "-1116000000", "sellingGeneralAndAdministrative": "711000000", "researchAndDevelopment": "493000000", "operatingExpenses": "2631000000", "investmentIncomeNet": "None", "netInterestIncome": "-105000000", "interestIncome": "7000000", "interestExpense": "112000000", "nonInterestIncome": "None", "otherNonOperatingIncome": "None", "depreciation": "None", "depreciationAndAmortization": "138000000", "incomeBeforeTax": "-1077000000", "incomeTaxExpense": "23000000", "interestAndDebtExpense": "None", "netIncomeFromContinuingOperations": "-1108000000", "comprehensiveIncomeNetOfTax": "None", "ebit": "-965000000", "ebitda": "-827000000", "netIncome": "-1089000000"}, {"fiscalDateEnding": "2020-06-30", "reportedCurrency": "USD", "grossProfit": "989000000", "totalRevenue": "2241000000", "costOfRevenue": "1252000000", "costofGoodsAndServicesSold": "1252000000", "operatingIncome": "-1607000000", "sellingGeneralAndAdministrative": "565000000", "researchAndDevelopment": "584000000", "operatingExpenses": "2596000000", "investmentIncomeNet": "None", "netInterestIncome": "-104000000", "interestIncome": "6000000", "interestExpense": "110000000", "nonInterestIncome": "None", "otherNonOperatingIncome": "None", "depreciation": "None", "depreciationAndAmortization": "129000000", "incomeBeforeTax": "-1761000000", "incomeTaxExpense": "4000000", "interestAndDebtExpense": "None", "netIncomeFromContinuingOperations": "-1772000000", "comprehensiveIncomeNetOfTax": "None", "ebit": "-1651000000", "ebitda": "-1522000000", "netIncome": "-1775000000"}, {"fiscalDateEnding": "2020-03-31", "reportedCurrency": "USD", "grossProfit": "1757000000", "totalRevenue": "3543000000", "costOfRevenue": "1786000000", "costofGoodsAndServicesSold": "1786000000", "operatingIncome": "-1263000000", "sellingGeneralAndAdministrative": "859000000", "researchAndDevelopment": "645000000", "operatingExpenses": "3020000000", "investmentIncomeNet": "None", "netInterestIncome": "-80000000", "interestIncome": "38000000", "interestExpense": "118000000", "nonInterestIncome": "None", "otherNonOperatingIncome": "None", "depreciation": "None", "depreciationAndAmortization": "128000000", "incomeBeforeTax": "-3176000000", "incomeTaxExpense": "-242000000", "interestAndDebtExpense": "None", "netIncomeFromContinuingOperations": "-2946000000", "comprehensiveIncomeNetOfTax": "None", "ebit": "-3058000000", "ebitda": "-2930000000", "netIncome": "-2936000000"}, {"fiscalDateEnding": "2019-12-31", "reportedCurrency": "USD", "grossProfit": "2142000000", "totalRevenue": "4069000000", "costOfRevenue": "1927000000", "costofGoodsAndServicesSold": "1927000000", "operatingIncome": "-971000000", "sellingGeneralAndAdministrative": "647000000", "researchAndDevelopment": "608000000", "operatingExpenses": "3113000000", "investmentIncomeNet": "None", "netInterestIncome": "-51000000", "interestIncome": "50000000", "interestExpense": "101000000", "nonInterestIncome": "None", "otherNonOperatingIncome": "None", "depreciation": "None", "depreciationAndAmortization": "101000000", "incomeBeforeTax": "-1057000000", "incomeTaxExpense": "25000000", "interestAndDebtExpense": "None", "netIncomeFromContinuingOperations": "-1091000000", "comprehensiveIncomeNetOfTax": "None", "ebit": "-956000000", "ebitda": "-855000000", "netIncome": "-1096000000"}, {"fiscalDateEnding": "2019-09-30", "reportedCurrency": "USD", "grossProfit": "1953000000", "totalRevenue": "3813000000", "costOfRevenue": "1860000000", "costofGoodsAndServicesSold": "1860000000", "operatingIncome": "-1106000000", "sellingGeneralAndAdministrative": "591000000", "researchAndDevelopment": "755000000", "operatingExpenses": "3059000000", "investmentIncomeNet": "None", "netInterestIncome": "-14000000", "interestIncome": "76000000", "interestExpense": "90000000", "nonInterestIncome": "None", "otherNonOperatingIncome": "None", "depreciation": "None", "depreciationAndAmortization": "102000000", "incomeBeforeTax": "-1147000000", "incomeTaxExpense": "3000000", "interestAndDebtExpense": "None", "netIncomeFromContinuingOperations": "-1159000000", "comprehensiveIncomeNetOfTax": "None", "ebit": "-1057000000", "ebitda": "-955000000", "netIncome": "-1162000000"}, {"fiscalDateEnding": "2019-06-30", "reportedCurrency": "USD", "grossProfit": "1426000000", "totalRevenue": "3166000000", "costOfRevenue": "1740000000", "costofGoodsAndServicesSold": "1740000000", "operatingIncome": "-5485000000", "sellingGeneralAndAdministrative": "1638000000", "researchAndDevelopment": "3064000000", "operatingExpenses": "6911000000", "investmentIncomeNet": "None", "netInterestIncome": "-87000000", "interestIncome": "64000000", "interestExpense": "151000000", "nonInterestIncome": "None", "otherNonOperatingIncome": "None", "depreciation": "None", "depreciationAndAmortization": "123000000", "incomeBeforeTax": "-5238000000", "incomeTaxExpense": "-2000000", "interestAndDebtExpense": "None", "netIncomeFromContinuingOperations": "-5246000000", "comprehensiveIncomeNetOfTax": "None", "ebit": "-5087000000", "ebitda": "-4964000000", "netIncome": "-5236000000"}, {"fiscalDateEnding": "2019-03-31", "reportedCurrency": "USD", "grossProfit": "1418000000", "totalRevenue": "3099000000", "costOfRevenue": "1681000000", "costofGoodsAndServicesSold": "1681000000", "operatingIncome": "-1034000000", "sellingGeneralAndAdministrative": "423000000", "researchAndDevelopment": "409000000", "operatingExpenses": "2452000000", "investmentIncomeNet": "None", "netInterestIncome": "-173000000", "interestIncome": "17000000", "interestExpense": "217000000", "nonInterestIncome": "None", "otherNonOperatingIncome": "None", "depreciation": "None", "depreciationAndAmortization": "146000000", "incomeBeforeTax": "-991000000", "incomeTaxExpense": "19000000", "interestAndDebtExpense": "None", "netIncomeFromContinuingOperations": "-1016000000", "comprehensiveIncomeNetOfTax": "None", "ebit": "-774000000", "ebitda": "-628000000", "netIncome": "-1012000000"}, {"fiscalDateEnding": "2018-12-31", "reportedCurrency": "USD", "grossProfit": "1359000000", "totalRevenue": "2974000000", "costOfRevenue": "1615000000", "costofGoodsAndServicesSold": "1615000000", "operatingIncome": "-1053000000", "sellingGeneralAndAdministrative": "555000000", "researchAndDevelopment": "366000000", "operatingExpenses": "2412000000", "investmentIncomeNet": "None", "netInterestIncome": "None", "interestIncome": "None", "interestExpense": "195000000", "nonInterestIncome": "None", "otherNonOperatingIncome": "None", "depreciation": "None", "depreciationAndAmortization": "109000000", "incomeBeforeTax": "-1201000000", "incomeTaxExpense": "-322000000", "interestAndDebtExpense": "None", "netIncomeFromContinuingOperations": "None", "comprehensiveIncomeNetOfTax": "None", "ebit": "-1006000000", "ebitda": "-897000000", "netIncome": "-887000000"}, {"fiscalDateEnding": "2018-09-30", "reportedCurrency": "USD", "grossProfit": "1434000000", "totalRevenue": "2944000000", "costOfRevenue": "1510000000", "costofGoodsAndServicesSold": "1510000000", "operatingIncome": "-763000000", "sellingGeneralAndAdministrative": "460000000", "researchAndDevelopment": "434000000", "operatingExpenses": "2197000000", "investmentIncomeNet": "None", "netInterestIncome": "None", "interestIncome": "None", "interestExpense": "161000000", "nonInterestIncome": "None", "otherNonOperatingIncome": "None", "depreciation": "None", "depreciationAndAmortization": "131000000", "incomeBeforeTax": "-978000000", "incomeTaxExpense": "1000000", "interestAndDebtExpense": "None", "netIncomeFromContinuingOperations": "-994000000", "comprehensiveIncomeNetOfTax": "None", "ebit": "-817000000", "ebitda": "-686000000", "netIncome": "-986000000"}, {"fiscalDateEnding": "2018-06-30", "reportedCurrency": "USD", "grossProfit": "1426000000", "totalRevenue": "2768000000", "costOfRevenue": "1342000000", "costofGoodsAndServicesSold": "1342000000", "operatingIncome": "-739000000", "sellingGeneralAndAdministrative": "638000000", "researchAndDevelopment": "365000000", "operatingExpenses": "2165000000", "investmentIncomeNet": "None", "netInterestIncome": "None", "interestIncome": "None", "interestExpense": "160000000", "nonInterestIncome": "None", "otherNonOperatingIncome": "None", "depreciation": "None", "depreciationAndAmortization": "98000000", "incomeBeforeTax": "-836000000", "incomeTaxExpense": "28000000", "interestAndDebtExpense": "None", "netIncomeFromContinuingOperations": "-878000000", "comprehensiveIncomeNetOfTax": "None", "ebit": "-676000000", "ebitda": "-578000000", "netIncome": "-878000000"}, {"fiscalDateEnding": "2018-03-31", "reportedCurrency": "USD", "grossProfit": "1428000000", "totalRevenue": "2584000000", "costOfRevenue": "1156000000", "costofGoodsAndServicesSold": "1156000000", "operatingIncome": "-478000000", "sellingGeneralAndAdministrative": "429000000", "researchAndDevelopment": "340000000", "operatingExpenses": "1906000000", "investmentIncomeNet": "None", "netInterestIncome": "None", "interestIncome": "None", "interestExpense": "132000000", "nonInterestIncome": "None", "otherNonOperatingIncome": "None", "depreciation": "None", "depreciationAndAmortization": "88000000", "incomeBeforeTax": "4327000000", "incomeTaxExpense": "576000000", "interestAndDebtExpense": "None", "netIncomeFromContinuingOperations": "3748000000", "comprehensiveIncomeNetOfTax": "None", "ebit": "-478000000", "ebitda": "-390000000", "netIncome": "3748000000"}, {"fiscalDateEnding": "2017-12-31", "reportedCurrency": "None", "grossProfit": "755000000", "totalRevenue": "2441000000", "costOfRevenue": "1686000000", "costofGoodsAndServicesSold": "1686000000", "operatingIncome": "-1197000000", "sellingGeneralAndAdministrative": "None", "researchAndDevelopment": "320000000", "operatingExpenses": "1952000000", "investmentIncomeNet": "None", "netInterestIncome": "None", "interestIncome": "None", "interestExpense": "132000000", "nonInterestIncome": "None", "otherNonOperatingIncome": "None", "depreciation": "None", "depreciationAndAmortization": "120000000", "incomeBeforeTax": "-1298000000", "incomeTaxExpense": "-655000000", "interestAndDebtExpense": "None", "netIncomeFromContinuingOperations": "None", "comprehensiveIncomeNetOfTax": "None", "ebit": "-1166000000", "ebitda": "-1046000000", "netIncome": "-643000000"}, {"fiscalDateEnding": "2017-09-30", "reportedCurrency": "None", "grossProfit": "461000000", "totalRevenue": "2149000000", "costOfRevenue": "1688000000", "costofGoodsAndServicesSold": "1688000000", "operatingIncome": "-1155000000", "sellingGeneralAndAdministrative": "None", "researchAndDevelopment": "307000000", "operatingExpenses": "1616000000", "investmentIncomeNet": "None", "netInterestIncome": "None", "interestIncome": "None", "interestExpense": "123000000", "nonInterestIncome": "None", "otherNonOperatingIncome": "None", "depreciation": "None", "depreciationAndAmortization": "140000000", "incomeBeforeTax": "-1373000000", "incomeTaxExpense": "40000000", "interestAndDebtExpense": "None", "netIncomeFromContinuingOperations": "None", "comprehensiveIncomeNetOfTax": "None", "ebit": "-1250000000", "ebitda": "-1110000000", "netIncome": "-1413000000"}, {"fiscalDateEnding": "2017-06-30", "reportedCurrency": "None", "grossProfit": "405000000", "totalRevenue": "1813000000", "costOfRevenue": "1408000000", "costofGoodsAndServicesSold": "1408000000", "operatingIncome": "-910000000", "sellingGeneralAndAdministrative": "None", "researchAndDevelopment": "304000000", "operatingExpenses": "1315000000", "investmentIncomeNet": "None", "netInterestIncome": "None", "interestIncome": "None", "interestExpense": "115000000", "nonInterestIncome": "None", "otherNonOperatingIncome": "None", "depreciation": "None", "depreciationAndAmortization": "129000000", "incomeBeforeTax": "-1013000000", "incomeTaxExpense": "37000000", "interestAndDebtExpense": "None", "netIncomeFromContinuingOperations": "None", "comprehensiveIncomeNetOfTax": "None", "ebit": "-898000000", "ebitda": "-769000000", "netIncome": "-1050000000"}, {"fiscalDateEnding": "2017-03-31", "reportedCurrency": "None", "grossProfit": "287000000", "totalRevenue": "1529000000", "costOfRevenue": "1242000000", "costofGoodsAndServicesSold": "1242000000", "operatingIncome": "-818000000", "sellingGeneralAndAdministrative": "None", "researchAndDevelopment": "270000000", "operatingExpenses": "1105000000", "investmentIncomeNet": "None", "netInterestIncome": "None", "interestIncome": "None", "interestExpense": "109000000", "nonInterestIncome": "None", "otherNonOperatingIncome": "None", "depreciation": "None", "depreciationAndAmortization": "121000000", "incomeBeforeTax": "-891000000", "incomeTaxExpense": "36000000", "interestAndDebtExpense": "None", "netIncomeFromContinuingOperations": "None", "comprehensiveIncomeNetOfTax": "None", "ebit": "-782000000", "ebitda": "-661000000", "netIncome": "-927000000"}]}