{"symbol": "ADBE", "annualReports": [{"fiscalDateEnding": "2024-11-30", "reportedCurrency": "USD", "grossProfit": "19147000000", "totalRevenue": "21505000000", "costOfRevenue": "2358000000", "costofGoodsAndServicesSold": "2358000000", "operatingIncome": "6741000000", "sellingGeneralAndAdministrative": "1529000000", "researchAndDevelopment": "3944000000", "operatingExpenses": "12406000000", "investmentIncomeNet": "None", "netInterestIncome": "172000000", "interestIncome": "341000000", "interestExpense": "169000000", "nonInterestIncome": "None", "otherNonOperatingIncome": "None", "depreciation": "None", "depreciationAndAmortization": "857000000", "incomeBeforeTax": "6931000000", "incomeTaxExpense": "1371000000", "interestAndDebtExpense": "None", "netIncomeFromContinuingOperations": "5560000000", "comprehensiveIncomeNetOfTax": "None", "ebit": "7100000000", "ebitda": "7957000000", "netIncome": "5560000000"}, {"fiscalDateEnding": "2023-11-30", "reportedCurrency": "USD", "grossProfit": "17055000000", "totalRevenue": "19409000000", "costOfRevenue": "2354000000", "costofGoodsAndServicesSold": "2354000000", "operatingIncome": "6650000000", "sellingGeneralAndAdministrative": "1413000000", "researchAndDevelopment": "3473000000", "operatingExpenses": "10405000000", "investmentIncomeNet": "None", "netInterestIncome": "-113000000", "interestIncome": "269000000", "interestExpense": "113000000", "nonInterestIncome": "None", "otherNonOperatingIncome": "None", "depreciation": "None", "depreciationAndAmortization": "618000000", "incomeBeforeTax": "6799000000", "incomeTaxExpense": "1371000000", "interestAndDebtExpense": "None", "netIncomeFromContinuingOperations": "5428000000", "comprehensiveIncomeNetOfTax": "None", "ebit": "6032000000", "ebitda": "6650000000", "netIncome": "5428000000"}, {"fiscalDateEnding": "2022-11-30", "reportedCurrency": "USD", "grossProfit": "15441000000", "totalRevenue": "17606000000", "costOfRevenue": "2165000000", "costofGoodsAndServicesSold": "2165000000", "operatingIncome": "6098000000", "sellingGeneralAndAdministrative": "1219000000", "researchAndDevelopment": "2987000000", "operatingExpenses": "9343000000", "investmentIncomeNet": "None", "netInterestIncome": "-112000000", "interestIncome": "61000000", "interestExpense": "112000000", "nonInterestIncome": "None", "otherNonOperatingIncome": "22000000", "depreciation": "None", "depreciationAndAmortization": "939000000", "incomeBeforeTax": "6008000000", "incomeTaxExpense": "1252000000", "interestAndDebtExpense": "None", "netIncomeFromContinuingOperations": "4756000000", "comprehensiveIncomeNetOfTax": "None", "ebit": "6116000000", "ebitda": "7055000000", "netIncome": "4756000000"}, {"fiscalDateEnding": "2021-11-30", "reportedCurrency": "USD", "grossProfit": "13920000000", "totalRevenue": "15785000000", "costOfRevenue": "1865000000", "costofGoodsAndServicesSold": "1865000000", "operatingIncome": "5802000000", "sellingGeneralAndAdministrative": "1085000000", "researchAndDevelopment": "2540000000", "operatingExpenses": "8118000000", "investmentIncomeNet": "None", "netInterestIncome": "-113000000", "interestIncome": "17000000", "interestExpense": "113000000", "nonInterestIncome": "None", "otherNonOperatingIncome": "16000000", "depreciation": "None", "depreciationAndAmortization": "861000000", "incomeBeforeTax": "5705000000", "incomeTaxExpense": "883000000", "interestAndDebtExpense": "None", "netIncomeFromContinuingOperations": "4822000000", "comprehensiveIncomeNetOfTax": "None", "ebit": "5814000000", "ebitda": "6675000000", "netIncome": "4822000000"}, {"fiscalDateEnding": "2020-11-30", "reportedCurrency": "USD", "grossProfit": "11146000000", "totalRevenue": "12868000000", "costOfRevenue": "1722000000", "costofGoodsAndServicesSold": "1722000000", "operatingIncome": "4237000000", "sellingGeneralAndAdministrative": "968000000", "researchAndDevelopment": "2188000000", "operatingExpenses": "6909000000", "investmentIncomeNet": "None", "netInterestIncome": "-116000000", "interestIncome": "43000000", "interestExpense": "116000000", "nonInterestIncome": "None", "otherNonOperatingIncome": "55000000", "depreciation": "None", "depreciationAndAmortization": "844000000", "incomeBeforeTax": "4176000000", "incomeTaxExpense": "-1084000000", "interestAndDebtExpense": "None", "netIncomeFromContinuingOperations": "5260000000", "comprehensiveIncomeNetOfTax": "None", "ebit": "4289000000", "ebitda": "5133000000", "netIncome": "5260000000"}, {"fiscalDateEnding": "2019-11-30", "reportedCurrency": "USD", "grossProfit": "9498577000", "totalRevenue": "11171297000", "costOfRevenue": "1672720000", "costofGoodsAndServicesSold": "1672720000", "operatingIncome": "3268121000", "sellingGeneralAndAdministrative": "880637000", "researchAndDevelopment": "1930228000", "operatingExpenses": "6230456000", "investmentIncomeNet": "None", "netInterestIncome": "-88893000", "interestIncome": "68321000", "interestExpense": "157214000", "nonInterestIncome": "None", "otherNonOperatingIncome": "93834000", "depreciation": "None", "depreciationAndAmortization": "736669000", "incomeBeforeTax": "3204741000", "incomeTaxExpense": "253283000", "interestAndDebtExpense": "None", "netIncomeFromContinuingOperations": "2951458000", "comprehensiveIncomeNetOfTax": "None", "ebit": "3360727000", "ebitda": "4097396000", "netIncome": "2951458000"}, {"fiscalDateEnding": "2018-11-30", "reportedCurrency": "USD", "grossProfit": "7835009000", "totalRevenue": "9030008000", "costOfRevenue": "1194999000", "costofGoodsAndServicesSold": "1194999000", "operatingIncome": "2840369000", "sellingGeneralAndAdministrative": "744898000", "researchAndDevelopment": "1537812000", "operatingExpenses": "4994640000", "investmentIncomeNet": "None", "netInterestIncome": "3298000", "interestIncome": "92540000", "interestExpense": "89242000", "nonInterestIncome": "None", "otherNonOperatingIncome": "42749000", "depreciation": "None", "depreciationAndAmortization": "346492000", "incomeBeforeTax": "2793876000", "incomeTaxExpense": "203102000", "interestAndDebtExpense": "None", "netIncomeFromContinuingOperations": "2590774000", "comprehensiveIncomeNetOfTax": "None", "ebit": "2883118000", "ebitda": "3229610000", "netIncome": "2590774000"}, {"fiscalDateEnding": "2017-11-30", "reportedCurrency": "USD", "grossProfit": "6291014000", "totalRevenue": "7301505000", "costOfRevenue": "1010491000", "costofGoodsAndServicesSold": "1010491000", "operatingIncome": "2168095000", "sellingGeneralAndAdministrative": "624706000", "researchAndDevelopment": "1224059000", "operatingExpenses": "4122919000", "investmentIncomeNet": "None", "netInterestIncome": "-8333000", "interestIncome": "66069000", "interestExpense": "74402000", "nonInterestIncome": "None", "otherNonOperatingIncome": "43948000", "depreciation": "None", "depreciationAndAmortization": "325997000", "incomeBeforeTax": "2137641000", "incomeTaxExpense": "443687000", "interestAndDebtExpense": "None", "netIncomeFromContinuingOperations": "1693954000", "comprehensiveIncomeNetOfTax": "None", "ebit": "2212043000", "ebitda": "2538040000", "netIncome": "1693954000"}, {"fiscalDateEnding": "2016-11-30", "reportedCurrency": "USD", "grossProfit": "5034522000", "totalRevenue": "5854430000", "costOfRevenue": "819908000", "costofGoodsAndServicesSold": "819908000", "operatingIncome": "1493602000", "sellingGeneralAndAdministrative": "577710000", "researchAndDevelopment": "975987000", "operatingExpenses": "3542428000", "investmentIncomeNet": "None", "netInterestIncome": "-23102000", "interestIncome": "47340000", "interestExpense": "70442000", "nonInterestIncome": "None", "otherNonOperatingIncome": "11978000", "depreciation": "None", "depreciationAndAmortization": "331535000", "incomeBeforeTax": "1435138000", "incomeTaxExpense": "266356000", "interestAndDebtExpense": "None", "netIncomeFromContinuingOperations": "1168782000", "comprehensiveIncomeNetOfTax": "None", "ebit": "1505580000", "ebitda": "1837115000", "netIncome": "1168782000"}, {"fiscalDateEnding": "2015-11-30", "reportedCurrency": "USD", "grossProfit": "4051194000", "totalRevenue": "4795511000", "costOfRevenue": "744317000", "costofGoodsAndServicesSold": "744317000", "operatingIncome": "903095000", "sellingGeneralAndAdministrative": "531919000", "researchAndDevelopment": "862730000", "operatingExpenses": "3146540000", "investmentIncomeNet": "None", "netInterestIncome": "None", "interestIncome": "None", "interestExpense": "64184000", "nonInterestIncome": "None", "otherNonOperatingIncome": "34870000", "depreciation": "None", "depreciationAndAmortization": "339473000", "incomeBeforeTax": "873781000", "incomeTaxExpense": "244230000", "interestAndDebtExpense": "None", "netIncomeFromContinuingOperations": "629551000", "comprehensiveIncomeNetOfTax": "None", "ebit": "937965000", "ebitda": "1277438000", "netIncome": "629551000"}, {"fiscalDateEnding": "2014-11-30", "reportedCurrency": "USD", "grossProfit": "3524985000", "totalRevenue": "4147065000", "costOfRevenue": "622080000", "costofGoodsAndServicesSold": "622080000", "operatingIncome": "412685000", "sellingGeneralAndAdministrative": "543332000", "researchAndDevelopment": "844353000", "operatingExpenses": "3092417000", "investmentIncomeNet": "None", "netInterestIncome": "None", "interestIncome": "None", "interestExpense": "59732000", "nonInterestIncome": "None", "otherNonOperatingIncome": "8423000", "depreciation": "None", "depreciationAndAmortization": "313590000", "incomeBeforeTax": "361376000", "incomeTaxExpense": "92981000", "interestAndDebtExpense": "None", "netIncomeFromContinuingOperations": "268395000", "comprehensiveIncomeNetOfTax": "None", "ebit": "421108000", "ebitda": "734698000", "netIncome": "253551000"}, {"fiscalDateEnding": "2013-11-30", "reportedCurrency": "USD", "grossProfit": "3468683000", "totalRevenue": "4055240000", "costOfRevenue": "586557000", "costofGoodsAndServicesSold": "586557000", "operatingIncome": "422723000", "sellingGeneralAndAdministrative": "520124000", "researchAndDevelopment": "826631000", "operatingExpenses": "3019463000", "investmentIncomeNet": "None", "netInterestIncome": "None", "interestIncome": "None", "interestExpense": "67508000", "nonInterestIncome": "None", "otherNonOperatingIncome": "926000", "depreciation": "None", "depreciationAndAmortization": "321227000", "incomeBeforeTax": "356141000", "incomeTaxExpense": "66156000", "interestAndDebtExpense": "None", "netIncomeFromContinuingOperations": "289985000", "comprehensiveIncomeNetOfTax": "None", "ebit": "423649000", "ebitda": "744876000", "netIncome": "289985000"}, {"fiscalDateEnding": "2012-11-30", "reportedCurrency": "USD", "grossProfit": "3919895000", "totalRevenue": "4403677000", "costOfRevenue": "483782000", "costofGoodsAndServicesSold": "483782000", "operatingIncome": "1180191000", "sellingGeneralAndAdministrative": "434982000", "researchAndDevelopment": "742823000", "operatingExpenses": "2742621000", "investmentIncomeNet": "None", "netInterestIncome": "None", "interestIncome": "None", "interestExpense": "67487000", "nonInterestIncome": "None", "otherNonOperatingIncome": "6090000", "depreciation": "None", "depreciationAndAmortization": "299766000", "incomeBeforeTax": "1118794000", "incomeTaxExpense": "286019000", "interestAndDebtExpense": "None", "netIncomeFromContinuingOperations": "832775000", "comprehensiveIncomeNetOfTax": "None", "ebit": "1186281000", "ebitda": "1486047000", "netIncome": "832775000"}, {"fiscalDateEnding": "2011-11-30", "reportedCurrency": "USD", "grossProfit": "3778385000", "totalRevenue": "4216258000", "costOfRevenue": "437873000", "costofGoodsAndServicesSold": "437873000", "operatingIncome": "1099299000", "sellingGeneralAndAdministrative": "414605000", "researchAndDevelopment": "738053000", "operatingExpenses": "2581313000", "investmentIncomeNet": "None", "netInterestIncome": "None", "interestIncome": "None", "interestExpense": "66952000", "nonInterestIncome": "None", "otherNonOperatingIncome": "2883000", "depreciation": "None", "depreciationAndAmortization": "270205000", "incomeBeforeTax": "1035230000", "incomeTaxExpense": "202383000", "interestAndDebtExpense": "None", "netIncomeFromContinuingOperations": "832847000", "comprehensiveIncomeNetOfTax": "None", "ebit": "1102182000", "ebitda": "1372387000", "netIncome": "832847000"}, {"fiscalDateEnding": "2010-11-30", "reportedCurrency": "USD", "grossProfit": "3396498000", "totalRevenue": "3800000000", "costOfRevenue": "403502000", "costofGoodsAndServicesSold": "403502000", "operatingIncome": "993074000", "sellingGeneralAndAdministrative": "383499000", "researchAndDevelopment": "680332000", "operatingExpenses": "2380158000", "investmentIncomeNet": "None", "netInterestIncome": "None", "interestIncome": "None", "interestExpense": "56952000", "nonInterestIncome": "None", "otherNonOperatingIncome": "7029000", "depreciation": "None", "depreciationAndAmortization": "292738000", "incomeBeforeTax": "943151000", "incomeTaxExpense": "168471000", "interestAndDebtExpense": "None", "netIncomeFromContinuingOperations": "774680000", "comprehensiveIncomeNetOfTax": "None", "ebit": "1000103000", "ebitda": "1292841000", "netIncome": "774680000"}, {"fiscalDateEnding": "2009-11-30", "reportedCurrency": "USD", "grossProfit": "2649121000", "totalRevenue": "2945853000", "costOfRevenue": "296732000", "costofGoodsAndServicesSold": "296732000", "operatingIncome": "690513000", "sellingGeneralAndAdministrative": "298749000", "researchAndDevelopment": "565141000", "operatingExpenses": "1917348000", "investmentIncomeNet": "None", "netInterestIncome": "None", "interestIncome": "None", "interestExpense": "3407000", "nonInterestIncome": "None", "otherNonOperatingIncome": "14414000", "depreciation": "None", "depreciationAndAmortization": "282423000", "incomeBeforeTax": "701520000", "incomeTaxExpense": "315012000", "interestAndDebtExpense": "None", "netIncomeFromContinuingOperations": "386508000", "comprehensiveIncomeNetOfTax": "None", "ebit": "704927000", "ebitda": "987350000", "netIncome": "386508000"}, {"fiscalDateEnding": "2008-11-30", "reportedCurrency": "USD", "grossProfit": "3217259000", "totalRevenue": "3579889000", "costOfRevenue": "362630000", "costofGoodsAndServicesSold": "362630000", "operatingIncome": "1028271000", "sellingGeneralAndAdministrative": "337291000", "researchAndDevelopment": "662057000", "operatingExpenses": "2156935000", "investmentIncomeNet": "None", "netInterestIncome": "None", "interestIncome": "None", "interestExpense": "10019000", "nonInterestIncome": "None", "otherNonOperatingIncome": "None", "depreciation": "None", "depreciationAndAmortization": "270269000", "incomeBeforeTax": "1078508000", "incomeTaxExpense": "206694000", "interestAndDebtExpense": "None", "netIncomeFromContinuingOperations": "None", "comprehensiveIncomeNetOfTax": "None", "ebit": "1088527000", "ebitda": "1358796000", "netIncome": "871814000"}, {"fiscalDateEnding": "2007-11-30", "reportedCurrency": "USD", "grossProfit": "2803187000", "totalRevenue": "3157881000", "costOfRevenue": "354694000", "costofGoodsAndServicesSold": "354694000", "operatingIncome": "857585000", "sellingGeneralAndAdministrative": "274982000", "researchAndDevelopment": "613242000", "operatingExpenses": "1945047000", "investmentIncomeNet": "None", "netInterestIncome": "None", "interestIncome": "None", "interestExpense": "0", "nonInterestIncome": "None", "otherNonOperatingIncome": "None", "depreciation": "None", "depreciationAndAmortization": "315464000", "incomeBeforeTax": "947190000", "incomeTaxExpense": "223383000", "interestAndDebtExpense": "None", "netIncomeFromContinuingOperations": "None", "comprehensiveIncomeNetOfTax": "None", "ebit": "947190000", "ebitda": "1262654000", "netIncome": "723807000"}, {"fiscalDateEnding": "2006-11-30", "reportedCurrency": "USD", "grossProfit": "2282843000", "totalRevenue": "2575300000", "costOfRevenue": "292457000", "costofGoodsAndServicesSold": "292457000", "operatingIncome": "551293000", "sellingGeneralAndAdministrative": "235115000", "researchAndDevelopment": "539684000", "operatingExpenses": "1711817000", "investmentIncomeNet": "None", "netInterestIncome": "None", "interestIncome": "None", "interestExpense": "128000000", "nonInterestIncome": "None", "otherNonOperatingIncome": "None", "depreciation": "None", "depreciationAndAmortization": "307822000", "incomeBeforeTax": "679727000", "incomeTaxExpense": "173918000", "interestAndDebtExpense": "None", "netIncomeFromContinuingOperations": "None", "comprehensiveIncomeNetOfTax": "None", "ebit": "679727000", "ebitda": "987549000", "netIncome": "505809000"}, {"fiscalDateEnding": "2005-11-30", "reportedCurrency": "USD", "grossProfit": "1853743000", "totalRevenue": "1966321000", "costOfRevenue": "112578000", "costofGoodsAndServicesSold": "112578000", "operatingIncome": "728434000", "sellingGeneralAndAdministrative": "166658000", "researchAndDevelopment": "365328000", "operatingExpenses": "1125309000", "investmentIncomeNet": "None", "netInterestIncome": "None", "interestIncome": "None", "interestExpense": "37000000", "nonInterestIncome": "None", "otherNonOperatingIncome": "None", "depreciation": "None", "depreciationAndAmortization": "64335000", "incomeBeforeTax": "765776000", "incomeTaxExpense": "162937000", "interestAndDebtExpense": "None", "netIncomeFromContinuingOperations": "None", "comprehensiveIncomeNetOfTax": "None", "ebit": "664099000", "ebitda": "728434000", "netIncome": "602839000"}], "quarterlyReports": [{"fiscalDateEnding": "2025-02-28", "reportedCurrency": "USD", "grossProfit": "5092000000", "totalRevenue": "5714000000", "costOfRevenue": "622000000", "costofGoodsAndServicesSold": "622000000", "operatingIncome": "2163000000", "sellingGeneralAndAdministrative": "367000000", "researchAndDevelopment": "1026000000", "operatingExpenses": "2929000000", "investmentIncomeNet": "None", "netInterestIncome": "-62000000", "interestIncome": "None", "interestExpense": "62000000", "nonInterestIncome": "None", "otherNonOperatingIncome": "None", "depreciation": "None", "depreciationAndAmortization": "217000000", "incomeBeforeTax": "2182000000", "incomeTaxExpense": "371000000", "interestAndDebtExpense": "None", "netIncomeFromContinuingOperations": "1811000000", "comprehensiveIncomeNetOfTax": "None", "ebit": "2244000000", "ebitda": "2461000000", "netIncome": "1811000000"}, {"fiscalDateEnding": "2024-11-30", "reportedCurrency": "USD", "grossProfit": "4990000000", "totalRevenue": "5606000000", "costOfRevenue": "616000000", "costofGoodsAndServicesSold": "616000000", "operatingIncome": "1957000000", "sellingGeneralAndAdministrative": "456000000", "researchAndDevelopment": "999000000", "operatingExpenses": "2991000000", "investmentIncomeNet": "None", "netInterestIncome": "291000000", "interestIncome": "None", "interestExpense": "50000000", "nonInterestIncome": "None", "otherNonOperatingIncome": "None", "depreciation": "None", "depreciationAndAmortization": "218000000", "incomeBeforeTax": "1991000000", "incomeTaxExpense": "308000000", "interestAndDebtExpense": "None", "netIncomeFromContinuingOperations": "1683000000", "comprehensiveIncomeNetOfTax": "None", "ebit": "2041000000", "ebitda": "2259000000", "netIncome": "1683000000"}, {"fiscalDateEnding": "2024-08-31", "reportedCurrency": "USD", "grossProfit": "4854000000", "totalRevenue": "5408000000", "costOfRevenue": "554000000", "costofGoodsAndServicesSold": "554000000", "operatingIncome": "1992000000", "sellingGeneralAndAdministrative": "366000000", "researchAndDevelopment": "1022000000", "operatingExpenses": "2862000000", "investmentIncomeNet": "None", "netInterestIncome": "-51000000", "interestIncome": "None", "interestExpense": "51000000", "nonInterestIncome": "None", "otherNonOperatingIncome": "None", "depreciation": "None", "depreciationAndAmortization": "213000000", "incomeBeforeTax": "2042000000", "incomeTaxExpense": "358000000", "interestAndDebtExpense": "None", "netIncomeFromContinuingOperations": "1684000000", "comprehensiveIncomeNetOfTax": "None", "ebit": "2093000000", "ebitda": "2306000000", "netIncome": "1684000000"}, {"fiscalDateEnding": "2024-05-31", "reportedCurrency": "USD", "grossProfit": "4669000000", "totalRevenue": "5309000000", "costOfRevenue": "640000000", "costofGoodsAndServicesSold": "640000000", "operatingIncome": "1885000000", "sellingGeneralAndAdministrative": "355000000", "researchAndDevelopment": "984000000", "operatingExpenses": "2784000000", "investmentIncomeNet": "None", "netInterestIncome": "-41000000", "interestIncome": "None", "interestExpense": "41000000", "nonInterestIncome": "None", "otherNonOperatingIncome": "None", "depreciation": "None", "depreciationAndAmortization": "233000000", "incomeBeforeTax": "1930000000", "incomeTaxExpense": "357000000", "interestAndDebtExpense": "None", "netIncomeFromContinuingOperations": "1573000000", "comprehensiveIncomeNetOfTax": "None", "ebit": "1885000000", "ebitda": "2118000000", "netIncome": "1573000000"}, {"fiscalDateEnding": "2024-02-29", "reportedCurrency": "USD", "grossProfit": "4550000000", "totalRevenue": "5182000000", "costOfRevenue": "632000000", "costofGoodsAndServicesSold": "632000000", "operatingIncome": "1907000000", "sellingGeneralAndAdministrative": "352000000", "researchAndDevelopment": "939000000", "operatingExpenses": "2643000000", "investmentIncomeNet": "None", "netInterestIncome": "-27000000", "interestIncome": "None", "interestExpense": "27000000", "nonInterestIncome": "None", "otherNonOperatingIncome": "None", "depreciation": "None", "depreciationAndAmortization": "230000000", "incomeBeforeTax": "968000000", "incomeTaxExpense": "348000000", "interestAndDebtExpense": "None", "netIncomeFromContinuingOperations": "620000000", "comprehensiveIncomeNetOfTax": "None", "ebit": "1907000000", "ebitda": "2137000000", "netIncome": "620000000"}, {"fiscalDateEnding": "2023-11-30", "reportedCurrency": "USD", "grossProfit": "4414000000", "totalRevenue": "5048000000", "costOfRevenue": "634000000", "costofGoodsAndServicesSold": "634000000", "operatingIncome": "1743000000", "sellingGeneralAndAdministrative": "372000000", "researchAndDevelopment": "889000000", "operatingExpenses": "2671000000", "investmentIncomeNet": "None", "netInterestIncome": "-28000000", "interestIncome": "None", "interestExpense": "28000000", "nonInterestIncome": "None", "otherNonOperatingIncome": "None", "depreciation": "None", "depreciationAndAmortization": "240000000", "incomeBeforeTax": "1808000000", "incomeTaxExpense": "325000000", "interestAndDebtExpense": "None", "netIncomeFromContinuingOperations": "1483000000", "comprehensiveIncomeNetOfTax": "None", "ebit": "1836000000", "ebitda": "2076000000", "netIncome": "1483000000"}, {"fiscalDateEnding": "2023-08-31", "reportedCurrency": "USD", "grossProfit": "4310000000", "totalRevenue": "4890000000", "costOfRevenue": "580000000", "costofGoodsAndServicesSold": "580000000", "operatingIncome": "1697000000", "sellingGeneralAndAdministrative": "353000000", "researchAndDevelopment": "881000000", "operatingExpenses": "2613000000", "investmentIncomeNet": "None", "netInterestIncome": "-27000000", "interestIncome": "None", "interestExpense": "27000000", "nonInterestIncome": "None", "otherNonOperatingIncome": "None", "depreciation": "None", "depreciationAndAmortization": "236000000", "incomeBeforeTax": "1743000000", "incomeTaxExpense": "340000000", "interestAndDebtExpense": "None", "netIncomeFromContinuingOperations": "1403000000", "comprehensiveIncomeNetOfTax": "None", "ebit": "1770000000", "ebitda": "2006000000", "netIncome": "1403000000"}, {"fiscalDateEnding": "2023-05-31", "reportedCurrency": "USD", "grossProfit": "4244000000", "totalRevenue": "4816000000", "costOfRevenue": "572000000", "costofGoodsAndServicesSold": "572000000", "operatingIncome": "1624000000", "sellingGeneralAndAdministrative": "357000000", "researchAndDevelopment": "876000000", "operatingExpenses": "2620000000", "investmentIncomeNet": "None", "netInterestIncome": "-26000000", "interestIncome": "None", "interestExpense": "26000000", "nonInterestIncome": "None", "otherNonOperatingIncome": "52000000", "depreciation": "None", "depreciationAndAmortization": "235000000", "incomeBeforeTax": "1650000000", "incomeTaxExpense": "355000000", "interestAndDebtExpense": "None", "netIncomeFromContinuingOperations": "1295000000", "comprehensiveIncomeNetOfTax": "None", "ebit": "1676000000", "ebitda": "1911000000", "netIncome": "1295000000"}, {"fiscalDateEnding": "2023-02-28", "reportedCurrency": "USD", "grossProfit": "4087000000", "totalRevenue": "4655000000", "costOfRevenue": "568000000", "costofGoodsAndServicesSold": "568000000", "operatingIncome": "1586000000", "sellingGeneralAndAdministrative": "331000000", "researchAndDevelopment": "827000000", "operatingExpenses": "2501000000", "investmentIncomeNet": "None", "netInterestIncome": "-32000000", "interestIncome": "None", "interestExpense": "32000000", "nonInterestIncome": "None", "otherNonOperatingIncome": "None", "depreciation": "None", "depreciationAndAmortization": "212000000", "incomeBeforeTax": "1598000000", "incomeTaxExpense": "351000000", "interestAndDebtExpense": "None", "netIncomeFromContinuingOperations": "1247000000", "comprehensiveIncomeNetOfTax": "None", "ebit": "1586000000", "ebitda": "1798000000", "netIncome": "1247000000"}, {"fiscalDateEnding": "2022-11-30", "reportedCurrency": "USD", "grossProfit": "3957000000", "totalRevenue": "4525000000", "costOfRevenue": "568000000", "costofGoodsAndServicesSold": "568000000", "operatingIncome": "1505000000", "sellingGeneralAndAdministrative": "340000000", "researchAndDevelopment": "773000000", "operatingExpenses": "2452000000", "investmentIncomeNet": "None", "netInterestIncome": "-28000000", "interestIncome": "None", "interestExpense": "28000000", "nonInterestIncome": "None", "otherNonOperatingIncome": "None", "depreciation": "None", "depreciationAndAmortization": "215000000", "incomeBeforeTax": "1517000000", "incomeTaxExpense": "341000000", "interestAndDebtExpense": "None", "netIncomeFromContinuingOperations": "1176000000", "comprehensiveIncomeNetOfTax": "None", "ebit": "1505000000", "ebitda": "1720000000", "netIncome": "1176000000"}, {"fiscalDateEnding": "2022-08-31", "reportedCurrency": "USD", "grossProfit": "3887000000", "totalRevenue": "4433000000", "costOfRevenue": "546000000", "costofGoodsAndServicesSold": "546000000", "operatingIncome": "1484000000", "sellingGeneralAndAdministrative": "319000000", "researchAndDevelopment": "775000000", "operatingExpenses": "2403000000", "investmentIncomeNet": "None", "netInterestIncome": "-28000000", "interestIncome": "None", "interestExpense": "28000000", "nonInterestIncome": "None", "otherNonOperatingIncome": "None", "depreciation": "None", "depreciationAndAmortization": "237000000", "incomeBeforeTax": "1456000000", "incomeTaxExpense": "320000000", "interestAndDebtExpense": "None", "netIncomeFromContinuingOperations": "1136000000", "comprehensiveIncomeNetOfTax": "None", "ebit": "1247000000", "ebitda": "1484000000", "netIncome": "1136000000"}, {"fiscalDateEnding": "2022-05-31", "reportedCurrency": "USD", "grossProfit": "3847000000", "totalRevenue": "4386000000", "costOfRevenue": "539000000", "costofGoodsAndServicesSold": "539000000", "operatingIncome": "1529000000", "sellingGeneralAndAdministrative": "291000000", "researchAndDevelopment": "738000000", "operatingExpenses": "2318000000", "investmentIncomeNet": "None", "netInterestIncome": "-28000000", "interestIncome": "None", "interestExpense": "28000000", "nonInterestIncome": "None", "otherNonOperatingIncome": "-9000000", "depreciation": "None", "depreciationAndAmortization": "232000000", "incomeBeforeTax": "1492000000", "incomeTaxExpense": "314000000", "interestAndDebtExpense": "None", "netIncomeFromContinuingOperations": "1178000000", "comprehensiveIncomeNetOfTax": "None", "ebit": "1520000000", "ebitda": "1752000000", "netIncome": "1178000000"}, {"fiscalDateEnding": "2022-02-28", "reportedCurrency": "USD", "grossProfit": "3750000000", "totalRevenue": "4262000000", "costOfRevenue": "512000000", "costofGoodsAndServicesSold": "512000000", "operatingIncome": "1580000000", "sellingGeneralAndAdministrative": "269000000", "researchAndDevelopment": "701000000", "operatingExpenses": "2170000000", "investmentIncomeNet": "None", "netInterestIncome": "-28000000", "interestIncome": "None", "interestExpense": "28000000", "nonInterestIncome": "None", "otherNonOperatingIncome": "None", "depreciation": "None", "depreciationAndAmortization": "235000000", "incomeBeforeTax": "1543000000", "incomeTaxExpense": "277000000", "interestAndDebtExpense": "None", "netIncomeFromContinuingOperations": "1266000000", "comprehensiveIncomeNetOfTax": "None", "ebit": "1571000000", "ebitda": "1806000000", "netIncome": "1266000000"}, {"fiscalDateEnding": "2021-11-30", "reportedCurrency": "USD", "grossProfit": "3603000000", "totalRevenue": "4110000000", "costOfRevenue": "507000000", "costofGoodsAndServicesSold": "507000000", "operatingIncome": "1501000000", "sellingGeneralAndAdministrative": "274000000", "researchAndDevelopment": "657000000", "operatingExpenses": "2102000000", "investmentIncomeNet": "None", "netInterestIncome": "-28000000", "interestIncome": "None", "interestExpense": "28000000", "nonInterestIncome": "None", "otherNonOperatingIncome": "None", "depreciation": "None", "depreciationAndAmortization": "225000000", "incomeBeforeTax": "1468000000", "incomeTaxExpense": "235000000", "interestAndDebtExpense": "None", "netIncomeFromContinuingOperations": "1233000000", "comprehensiveIncomeNetOfTax": "None", "ebit": "1496000000", "ebitda": "1721000000", "netIncome": "1233000000"}, {"fiscalDateEnding": "2021-08-31", "reportedCurrency": "USD", "grossProfit": "3468000000", "totalRevenue": "3935000000", "costOfRevenue": "467000000", "costofGoodsAndServicesSold": "467000000", "operatingIncome": "1441000000", "sellingGeneralAndAdministrative": "265000000", "researchAndDevelopment": "651000000", "operatingExpenses": "2027000000", "investmentIncomeNet": "None", "netInterestIncome": "-27000000", "interestIncome": "None", "interestExpense": "27000000", "nonInterestIncome": "None", "otherNonOperatingIncome": "None", "depreciation": "None", "depreciationAndAmortization": "213000000", "incomeBeforeTax": "1418000000", "incomeTaxExpense": "206000000", "interestAndDebtExpense": "None", "netIncomeFromContinuingOperations": "1212000000", "comprehensiveIncomeNetOfTax": "None", "ebit": "1445000000", "ebitda": "1658000000", "netIncome": "1212000000"}, {"fiscalDateEnding": "2021-05-31", "reportedCurrency": "USD", "grossProfit": "3391000000", "totalRevenue": "3835000000", "costOfRevenue": "444000000", "costofGoodsAndServicesSold": "444000000", "operatingIncome": "1406000000", "sellingGeneralAndAdministrative": "256000000", "researchAndDevelopment": "620000000", "operatingExpenses": "1985000000", "investmentIncomeNet": "None", "netInterestIncome": "-28000000", "interestIncome": "None", "interestExpense": "28000000", "nonInterestIncome": "None", "otherNonOperatingIncome": "8000000", "depreciation": "None", "depreciationAndAmortization": "208000000", "incomeBeforeTax": "1386000000", "incomeTaxExpense": "270000000", "interestAndDebtExpense": "None", "netIncomeFromContinuingOperations": "1116000000", "comprehensiveIncomeNetOfTax": "None", "ebit": "1414000000", "ebitda": "1622000000", "netIncome": "1116000000"}, {"fiscalDateEnding": "2021-02-28", "reportedCurrency": "USD", "grossProfit": "3458000000", "totalRevenue": "3905000000", "costOfRevenue": "447000000", "costofGoodsAndServicesSold": "447000000", "operatingIncome": "1454000000", "sellingGeneralAndAdministrative": "290000000", "researchAndDevelopment": "620000000", "operatingExpenses": "2004000000", "investmentIncomeNet": "None", "netInterestIncome": "-30000000", "interestIncome": "None", "interestExpense": "30000000", "nonInterestIncome": "None", "otherNonOperatingIncome": "9000000", "depreciation": "None", "depreciationAndAmortization": "196000000", "incomeBeforeTax": "1433000000", "incomeTaxExpense": "172000000", "interestAndDebtExpense": "None", "netIncomeFromContinuingOperations": "1261000000", "comprehensiveIncomeNetOfTax": "None", "ebit": "1454000000", "ebitda": "1650000000", "netIncome": "1261000000"}, {"fiscalDateEnding": "2020-11-30", "reportedCurrency": "USD", "grossProfit": "2996000000", "totalRevenue": "3424000000", "costOfRevenue": "428000000", "costofGoodsAndServicesSold": "428000000", "operatingIncome": "1215000000", "sellingGeneralAndAdministrative": "243000000", "researchAndDevelopment": "558000000", "operatingExpenses": "1781000000", "investmentIncomeNet": "None", "netInterestIncome": "-27000000", "interestIncome": "6000000", "interestExpense": "27000000", "nonInterestIncome": "None", "otherNonOperatingIncome": "9000000", "depreciation": "None", "depreciationAndAmortization": "190000000", "incomeBeforeTax": "1197000000", "incomeTaxExpense": "-1053000000", "interestAndDebtExpense": "None", "netIncomeFromContinuingOperations": "2250000000", "comprehensiveIncomeNetOfTax": "None", "ebit": "1224000000", "ebitda": "1414000000", "netIncome": "2250000000"}, {"fiscalDateEnding": "2020-08-31", "reportedCurrency": "USD", "grossProfit": "2798000000", "totalRevenue": "3225000000", "costOfRevenue": "427000000", "costofGoodsAndServicesSold": "427000000", "operatingIncome": "1069000000", "sellingGeneralAndAdministrative": "230000000", "researchAndDevelopment": "566000000", "operatingExpenses": "1729000000", "investmentIncomeNet": "None", "netInterestIncome": "-21000000", "interestIncome": "7000000", "interestExpense": "28000000", "nonInterestIncome": "None", "otherNonOperatingIncome": "19000000", "depreciation": "None", "depreciationAndAmortization": "191000000", "incomeBeforeTax": "1060000000", "incomeTaxExpense": "105000000", "interestAndDebtExpense": "None", "netIncomeFromContinuingOperations": "955000000", "comprehensiveIncomeNetOfTax": "None", "ebit": "1069000000", "ebitda": "1260000000", "netIncome": "955000000"}, {"fiscalDateEnding": "2020-05-31", "reportedCurrency": "USD", "grossProfit": "2713000000", "totalRevenue": "3128000000", "costOfRevenue": "415000000", "costofGoodsAndServicesSold": "415000000", "operatingIncome": "1016000000", "sellingGeneralAndAdministrative": "224000000", "researchAndDevelopment": "532000000", "operatingExpenses": "1697000000", "investmentIncomeNet": "None", "netInterestIncome": "-17000000", "interestIncome": "11000000", "interestExpense": "28000000", "nonInterestIncome": "None", "otherNonOperatingIncome": "12000000", "depreciation": "None", "depreciationAndAmortization": "188000000", "incomeBeforeTax": "1000000000", "incomeTaxExpense": "-100000000", "interestAndDebtExpense": "None", "netIncomeFromContinuingOperations": "1100000000", "comprehensiveIncomeNetOfTax": "None", "ebit": "1016000000", "ebitda": "1204000000", "netIncome": "1100000000"}, {"fiscalDateEnding": "2020-02-29", "reportedCurrency": "USD", "grossProfit": "2639000000", "totalRevenue": "3091000000", "costOfRevenue": "452000000", "costofGoodsAndServicesSold": "452000000", "operatingIncome": "937000000", "sellingGeneralAndAdministrative": "271000000", "researchAndDevelopment": "532000000", "operatingExpenses": "1702000000", "investmentIncomeNet": "None", "netInterestIncome": "-14000000", "interestIncome": "19000000", "interestExpense": "33000000", "nonInterestIncome": "None", "otherNonOperatingIncome": "15000000", "depreciation": "None", "depreciationAndAmortization": "188000000", "incomeBeforeTax": "919000000", "incomeTaxExpense": "-36000000", "interestAndDebtExpense": "None", "netIncomeFromContinuingOperations": "955000000", "comprehensiveIncomeNetOfTax": "None", "ebit": "937000000", "ebitda": "1125000000", "netIncome": "955000000"}, {"fiscalDateEnding": "2019-11-30", "reportedCurrency": "USD", "grossProfit": "2539961000", "totalRevenue": "2991944000", "costOfRevenue": "451983000", "costofGoodsAndServicesSold": "451983000", "operatingIncome": "969931000", "sellingGeneralAndAdministrative": "225938000", "researchAndDevelopment": "499806000", "operatingExpenses": "1570030000", "investmentIncomeNet": "None", "netInterestIncome": "-18303000", "interestIncome": "18212000", "interestExpense": "36515000", "nonInterestIncome": "None", "otherNonOperatingIncome": "23730000", "depreciation": "None", "depreciationAndAmortization": "183692000", "incomeBeforeTax": "957147000", "incomeTaxExpense": "105286000", "interestAndDebtExpense": "None", "netIncomeFromContinuingOperations": "851861000", "comprehensiveIncomeNetOfTax": "None", "ebit": "993358000", "ebitda": "1177050000", "netIncome": "851861000"}, {"fiscalDateEnding": "2019-08-31", "reportedCurrency": "USD", "grossProfit": "2418163000", "totalRevenue": "2834126000", "costOfRevenue": "415963000", "costofGoodsAndServicesSold": "415963000", "operatingIncome": "853812000", "sellingGeneralAndAdministrative": "219256000", "researchAndDevelopment": "489827000", "operatingExpenses": "1564351000", "investmentIncomeNet": "None", "netInterestIncome": "-21769000", "interestIncome": "17760000", "interestExpense": "39529000", "nonInterestIncome": "None", "otherNonOperatingIncome": "20205000", "depreciation": "None", "depreciationAndAmortization": "150549000", "incomeBeforeTax": "834488000", "incomeTaxExpense": "41725000", "interestAndDebtExpense": "None", "netIncomeFromContinuingOperations": "792763000", "comprehensiveIncomeNetOfTax": "None", "ebit": "874017000", "ebitda": "1024566000", "netIncome": "792763000"}, {"fiscalDateEnding": "2019-05-31", "reportedCurrency": "USD", "grossProfit": "2336792000", "totalRevenue": "2744280000", "costOfRevenue": "407488000", "costofGoodsAndServicesSold": "407488000", "operatingIncome": "749547000", "sellingGeneralAndAdministrative": "219334000", "researchAndDevelopment": "475958000", "operatingExpenses": "1587245000", "investmentIncomeNet": "None", "netInterestIncome": "-24299000", "interestIncome": "16278000", "interestExpense": "40577000", "nonInterestIncome": "None", "otherNonOperatingIncome": "1802000", "depreciation": "None", "depreciationAndAmortization": "145609000", "incomeBeforeTax": "710772000", "incomeTaxExpense": "78179000", "interestAndDebtExpense": "None", "netIncomeFromContinuingOperations": "632593000", "comprehensiveIncomeNetOfTax": "None", "ebit": "791391000", "ebitda": "937000000", "netIncome": "632593000"}, {"fiscalDateEnding": "2019-02-28", "reportedCurrency": "USD", "grossProfit": "2203660000", "totalRevenue": "2600946000", "costOfRevenue": "397286000", "costofGoodsAndServicesSold": "397286000", "operatingIncome": "694830000", "sellingGeneralAndAdministrative": "216109000", "researchAndDevelopment": "464637000", "operatingExpenses": "1508830000", "investmentIncomeNet": "None", "netInterestIncome": "-24522000", "interestIncome": "16071000", "interestExpense": "40593000", "nonInterestIncome": "None", "otherNonOperatingIncome": "48097000", "depreciation": "None", "depreciationAndAmortization": "144898000", "incomeBeforeTax": "702334000", "incomeTaxExpense": "28093000", "interestAndDebtExpense": "None", "netIncomeFromContinuingOperations": "674241000", "comprehensiveIncomeNetOfTax": "None", "ebit": "742927000", "ebitda": "887825000", "netIncome": "674241000"}, {"fiscalDateEnding": "2018-11-30", "reportedCurrency": "USD", "grossProfit": "2105364000", "totalRevenue": "2464625000", "costOfRevenue": "359261000", "costofGoodsAndServicesSold": "359261000", "operatingIncome": "720546000", "sellingGeneralAndAdministrative": "212355000", "researchAndDevelopment": "415958000", "operatingExpenses": "1384818000", "investmentIncomeNet": "None", "netInterestIncome": "None", "interestIncome": "None", "interestExpense": "27873000", "nonInterestIncome": "None", "otherNonOperatingIncome": "6544000", "depreciation": "None", "depreciationAndAmortization": "106720000", "incomeBeforeTax": "699217000", "incomeTaxExpense": "20977000", "interestAndDebtExpense": "None", "netIncomeFromContinuingOperations": "678240000", "comprehensiveIncomeNetOfTax": "None", "ebit": "720546000", "ebitda": "827266000", "netIncome": "678240000"}, {"fiscalDateEnding": "2018-08-31", "reportedCurrency": "USD", "grossProfit": "1995584000", "totalRevenue": "2291076000", "costOfRevenue": "295492000", "costofGoodsAndServicesSold": "295492000", "operatingIncome": "718606000", "sellingGeneralAndAdministrative": "184063000", "researchAndDevelopment": "398957000", "operatingExpenses": "1276978000", "investmentIncomeNet": "None", "netInterestIncome": "None", "interestIncome": "None", "interestExpense": "21107000", "nonInterestIncome": "None", "otherNonOperatingIncome": "3859000", "depreciation": "None", "depreciationAndAmortization": "86890000", "incomeBeforeTax": "701358000", "incomeTaxExpense": "35067000", "interestAndDebtExpense": "None", "netIncomeFromContinuingOperations": "666291000", "comprehensiveIncomeNetOfTax": "None", "ebit": "722465000", "ebitda": "809355000", "netIncome": "666291000"}, {"fiscalDateEnding": "2018-05-31", "reportedCurrency": "USD", "grossProfit": "1914016000", "totalRevenue": "2195360000", "costOfRevenue": "281344000", "costofGoodsAndServicesSold": "281344000", "operatingIncome": "698484000", "sellingGeneralAndAdministrative": "178040000", "researchAndDevelopment": "374128000", "operatingExpenses": "1215532000", "investmentIncomeNet": "None", "netInterestIncome": "None", "interestIncome": "None", "interestExpense": "20363000", "nonInterestIncome": "None", "otherNonOperatingIncome": "12678000", "depreciation": "None", "depreciationAndAmortization": "76360000", "incomeBeforeTax": "690799000", "incomeTaxExpense": "27632000", "interestAndDebtExpense": "None", "netIncomeFromContinuingOperations": "663167000", "comprehensiveIncomeNetOfTax": "None", "ebit": "711162000", "ebitda": "787522000", "netIncome": "663167000"}, {"fiscalDateEnding": "2018-02-28", "reportedCurrency": "USD", "grossProfit": "1820045000", "totalRevenue": "2078947000", "costOfRevenue": "258902000", "costofGoodsAndServicesSold": "258902000", "operatingIncome": "702733000", "sellingGeneralAndAdministrative": "170440000", "researchAndDevelopment": "348769000", "operatingExpenses": "1117312000", "investmentIncomeNet": "None", "netInterestIncome": "None", "interestIncome": "None", "interestExpense": "19899000", "nonInterestIncome": "None", "otherNonOperatingIncome": "19668000", "depreciation": "None", "depreciationAndAmortization": "76522000", "incomeBeforeTax": "702502000", "incomeTaxExpense": "119426000", "interestAndDebtExpense": "None", "netIncomeFromContinuingOperations": "583076000", "comprehensiveIncomeNetOfTax": "None", "ebit": "722401000", "ebitda": "798923000", "netIncome": "583076000"}, {"fiscalDateEnding": "2017-11-30", "reportedCurrency": "USD", "grossProfit": "1735723000", "totalRevenue": "2006595000", "costOfRevenue": "270872000", "costofGoodsAndServicesSold": "270872000", "operatingIncome": "649340000", "sellingGeneralAndAdministrative": "169567000", "researchAndDevelopment": "324026000", "operatingExpenses": "1086383000", "investmentIncomeNet": "None", "netInterestIncome": "None", "interestIncome": "None", "interestExpense": "19116000", "nonInterestIncome": "None", "otherNonOperatingIncome": "12788000", "depreciation": "None", "depreciationAndAmortization": "81234000", "incomeBeforeTax": "643012000", "incomeTaxExpense": "141463000", "interestAndDebtExpense": "None", "netIncomeFromContinuingOperations": "501549000", "comprehensiveIncomeNetOfTax": "None", "ebit": "649340000", "ebitda": "730574000", "netIncome": "501549000"}, {"fiscalDateEnding": "2017-08-31", "reportedCurrency": "USD", "grossProfit": "1578152000", "totalRevenue": "1841074000", "costOfRevenue": "262922000", "costofGoodsAndServicesSold": "262922000", "operatingIncome": "545674000", "sellingGeneralAndAdministrative": "147402000", "researchAndDevelopment": "315555000", "operatingExpenses": "1032478000", "investmentIncomeNet": "None", "netInterestIncome": "None", "interestIncome": "None", "interestExpense": "18809000", "nonInterestIncome": "None", "otherNonOperatingIncome": "14514000", "depreciation": "None", "depreciationAndAmortization": "82319000", "incomeBeforeTax": "541379000", "incomeTaxExpense": "121810000", "interestAndDebtExpense": "None", "netIncomeFromContinuingOperations": "419569000", "comprehensiveIncomeNetOfTax": "None", "ebit": "560188000", "ebitda": "642507000", "netIncome": "419569000"}, {"fiscalDateEnding": "2017-05-31", "reportedCurrency": "USD", "grossProfit": "1532830000", "totalRevenue": "1772190000", "costOfRevenue": "239360000", "costofGoodsAndServicesSold": "239360000", "operatingIncome": "504082000", "sellingGeneralAndAdministrative": "156929000", "researchAndDevelopment": "299401000", "operatingExpenses": "1028748000", "investmentIncomeNet": "None", "netInterestIncome": "None", "interestIncome": "None", "interestExpense": "18347000", "nonInterestIncome": "None", "otherNonOperatingIncome": "6883000", "depreciation": "None", "depreciationAndAmortization": "81635000", "incomeBeforeTax": "492618000", "incomeTaxExpense": "118228000", "interestAndDebtExpense": "None", "netIncomeFromContinuingOperations": "374390000", "comprehensiveIncomeNetOfTax": "None", "ebit": "510965000", "ebitda": "592600000", "netIncome": "374390000"}, {"fiscalDateEnding": "2017-02-28", "reportedCurrency": "USD", "grossProfit": "1444309000", "totalRevenue": "1681646000", "costOfRevenue": "237337000", "costofGoodsAndServicesSold": "237337000", "operatingIncome": "468999000", "sellingGeneralAndAdministrative": "150808000", "researchAndDevelopment": "285077000", "operatingExpenses": "975310000", "investmentIncomeNet": "None", "netInterestIncome": "None", "interestIncome": "None", "interestExpense": "18130000", "nonInterestIncome": "None", "otherNonOperatingIncome": "9763000", "depreciation": "None", "depreciationAndAmortization": "80809000", "incomeBeforeTax": "460632000", "incomeTaxExpense": "62186000", "interestAndDebtExpense": "None", "netIncomeFromContinuingOperations": "398446000", "comprehensiveIncomeNetOfTax": "None", "ebit": "478762000", "ebitda": "559571000", "netIncome": "398446000"}, {"fiscalDateEnding": "2016-11-30", "reportedCurrency": "USD", "grossProfit": "1391863000", "totalRevenue": "1608419000", "costOfRevenue": "216556000", "costofGoodsAndServicesSold": "216556000", "operatingIncome": "472280000", "sellingGeneralAndAdministrative": "148477000", "researchAndDevelopment": "257849000", "operatingExpenses": "919868000", "investmentIncomeNet": "None", "netInterestIncome": "None", "interestIncome": "None", "interestExpense": "17518000", "nonInterestIncome": "None", "otherNonOperatingIncome": "1938000", "depreciation": "None", "depreciationAndAmortization": "81860000", "incomeBeforeTax": "456700000", "incomeTaxExpense": "57087000", "interestAndDebtExpense": "None", "netIncomeFromContinuingOperations": "399613000", "comprehensiveIncomeNetOfTax": "None", "ebit": "474218000", "ebitda": "556078000", "netIncome": "399613000"}, {"fiscalDateEnding": "2016-08-31", "reportedCurrency": "USD", "grossProfit": "1261266000", "totalRevenue": "1463967000", "costOfRevenue": "202701000", "costofGoodsAndServicesSold": "202701000", "operatingIncome": "369325000", "sellingGeneralAndAdministrative": "143702000", "researchAndDevelopment": "248450000", "operatingExpenses": "892279000", "investmentIncomeNet": "None", "netInterestIncome": "None", "interestIncome": "None", "interestExpense": "17281000", "nonInterestIncome": "None", "otherNonOperatingIncome": "4257000", "depreciation": "None", "depreciationAndAmortization": "84014000", "incomeBeforeTax": "356301000", "incomeTaxExpense": "85513000", "interestAndDebtExpense": "None", "netIncomeFromContinuingOperations": "270788000", "comprehensiveIncomeNetOfTax": "None", "ebit": "373582000", "ebitda": "457596000", "netIncome": "270788000"}, {"fiscalDateEnding": "2016-05-31", "reportedCurrency": "USD", "grossProfit": "1196630000", "totalRevenue": "1398709000", "costOfRevenue": "202079000", "costofGoodsAndServicesSold": "202079000", "operatingIncome": "344239000", "sellingGeneralAndAdministrative": "138596000", "researchAndDevelopment": "232484000", "operatingExpenses": "852857000", "investmentIncomeNet": "None", "netInterestIncome": "None", "interestIncome": "None", "interestExpense": "17174000", "nonInterestIncome": "None", "otherNonOperatingIncome": "2765000", "depreciation": "None", "depreciationAndAmortization": "84461000", "incomeBeforeTax": "329830000", "incomeTaxExpense": "85756000", "interestAndDebtExpense": "None", "netIncomeFromContinuingOperations": "244074000", "comprehensiveIncomeNetOfTax": "None", "ebit": "344239000", "ebitda": "428700000", "netIncome": "244074000"}, {"fiscalDateEnding": "2016-02-29", "reportedCurrency": "USD", "grossProfit": "1184763000", "totalRevenue": "1383335000", "costOfRevenue": "198572000", "costofGoodsAndServicesSold": "198572000", "operatingIncome": "307758000", "sellingGeneralAndAdministrative": "146935000", "researchAndDevelopment": "237204000", "operatingExpenses": "877424000", "investmentIncomeNet": "None", "netInterestIncome": "None", "interestIncome": "None", "interestExpense": "18469000", "nonInterestIncome": "None", "otherNonOperatingIncome": "3018000", "depreciation": "None", "depreciationAndAmortization": "81200000", "incomeBeforeTax": "292307000", "incomeTaxExpense": "38000000", "interestAndDebtExpense": "None", "netIncomeFromContinuingOperations": "254307000", "comprehensiveIncomeNetOfTax": "None", "ebit": "307758000", "ebitda": "388958000", "netIncome": "254307000"}, {"fiscalDateEnding": "2015-11-30", "reportedCurrency": "USD", "grossProfit": "1105043000", "totalRevenue": "1306404000", "costOfRevenue": "201361000", "costofGoodsAndServicesSold": "201361000", "operatingIncome": "290434000", "sellingGeneralAndAdministrative": "134052000", "researchAndDevelopment": "220514000", "operatingExpenses": "814088000", "investmentIncomeNet": "None", "netInterestIncome": "None", "interestIncome": "None", "interestExpense": "16515000", "nonInterestIncome": "None", "otherNonOperatingIncome": "23021000", "depreciation": "None", "depreciationAndAmortization": "86359000", "incomeBeforeTax": "296940000", "incomeTaxExpense": "74235000", "interestAndDebtExpense": "None", "netIncomeFromContinuingOperations": "222705000", "comprehensiveIncomeNetOfTax": "None", "ebit": "290955000", "ebitda": "377314000", "netIncome": "222705000"}, {"fiscalDateEnding": "2015-08-31", "reportedCurrency": "USD", "grossProfit": "1026783000", "totalRevenue": "1217768000", "costOfRevenue": "190985000", "costofGoodsAndServicesSold": "190985000", "operatingIncome": "246019000", "sellingGeneralAndAdministrative": "122578000", "researchAndDevelopment": "218660000", "operatingExpenses": "781515000", "investmentIncomeNet": "None", "netInterestIncome": "None", "interestIncome": "None", "interestExpense": "16519000", "nonInterestIncome": "None", "otherNonOperatingIncome": "3119000", "depreciation": "None", "depreciationAndAmortization": "87550000", "incomeBeforeTax": "232619000", "incomeTaxExpense": "58154000", "interestAndDebtExpense": "None", "netIncomeFromContinuingOperations": "174465000", "comprehensiveIncomeNetOfTax": "None", "ebit": "245268000", "ebitda": "332818000", "netIncome": "174465000"}, {"fiscalDateEnding": "2015-05-31", "reportedCurrency": "USD", "grossProfit": "976985000", "totalRevenue": "1162158000", "costOfRevenue": "185173000", "costofGoodsAndServicesSold": "185173000", "operatingIncome": "193617000", "sellingGeneralAndAdministrative": "130208000", "researchAndDevelopment": "208047000", "operatingExpenses": "783334000", "investmentIncomeNet": "None", "netInterestIncome": "None", "interestIncome": "None", "interestExpense": "16605000", "nonInterestIncome": "None", "otherNonOperatingIncome": "3962000", "depreciation": "None", "depreciationAndAmortization": "85929000", "incomeBeforeTax": "180974000", "incomeTaxExpense": "33481000", "interestAndDebtExpense": "None", "netIncomeFromContinuingOperations": "147493000", "comprehensiveIncomeNetOfTax": "None", "ebit": "193651000", "ebitda": "279580000", "netIncome": "147493000"}, {"fiscalDateEnding": "2015-02-28", "reportedCurrency": "USD", "grossProfit": "942383000", "totalRevenue": "1109181000", "costOfRevenue": "166798000", "costofGoodsAndServicesSold": "166798000", "operatingIncome": "173025000", "sellingGeneralAndAdministrative": "145081000", "researchAndDevelopment": "215509000", "operatingExpenses": "767603000", "investmentIncomeNet": "None", "netInterestIncome": "None", "interestIncome": "None", "interestExpense": "14545000", "nonInterestIncome": "None", "otherNonOperatingIncome": "4768000", "depreciation": "None", "depreciationAndAmortization": "79635000", "incomeBeforeTax": "163248000", "incomeTaxExpense": "78360000", "interestAndDebtExpense": "None", "netIncomeFromContinuingOperations": "84888000", "comprehensiveIncomeNetOfTax": "None", "ebit": "174780000", "ebitda": "254415000", "netIncome": "84888000"}, {"fiscalDateEnding": "2014-11-30", "reportedCurrency": "USD", "grossProfit": "912385000", "totalRevenue": "1073328000", "costOfRevenue": "160943000", "costofGoodsAndServicesSold": "160943000", "operatingIncome": "124505000", "sellingGeneralAndAdministrative": "133534000", "researchAndDevelopment": "213687000", "operatingExpenses": "768495000", "investmentIncomeNet": "None", "netInterestIncome": "None", "interestIncome": "None", "interestExpense": "12678000", "nonInterestIncome": "None", "otherNonOperatingIncome": "448000", "depreciation": "None", "depreciationAndAmortization": "78147000", "incomeBeforeTax": "112275000", "incomeTaxExpense": "24139000", "interestAndDebtExpense": "None", "netIncomeFromContinuingOperations": "88136000", "comprehensiveIncomeNetOfTax": "None", "ebit": "143890000", "ebitda": "222037000", "netIncome": "73292000"}, {"fiscalDateEnding": "2014-08-31", "reportedCurrency": "USD", "grossProfit": "847685000", "totalRevenue": "1005409000", "costOfRevenue": "157724000", "costofGoodsAndServicesSold": "157724000", "operatingIncome": "74176000", "sellingGeneralAndAdministrative": "141676000", "researchAndDevelopment": "212049000", "operatingExpenses": "773308000", "investmentIncomeNet": "None", "netInterestIncome": "None", "interestIncome": "None", "interestExpense": "13361000", "nonInterestIncome": "None", "otherNonOperatingIncome": "2123000", "depreciation": "None", "depreciationAndAmortization": "80154000", "incomeBeforeTax": "62938000", "incomeTaxExpense": "18252000", "interestAndDebtExpense": "None", "netIncomeFromContinuingOperations": "44686000", "comprehensiveIncomeNetOfTax": "None", "ebit": "74377000", "ebitda": "154531000", "netIncome": "44686000"}, {"fiscalDateEnding": "2014-05-31", "reportedCurrency": "USD", "grossProfit": "913304000", "totalRevenue": "1068208000", "costOfRevenue": "154904000", "costofGoodsAndServicesSold": "154904000", "operatingIncome": "135258000", "sellingGeneralAndAdministrative": "129138000", "researchAndDevelopment": "209092000", "operatingExpenses": "778412000", "investmentIncomeNet": "None", "netInterestIncome": "None", "interestIncome": "None", "interestExpense": "17103000", "nonInterestIncome": "None", "otherNonOperatingIncome": "3116000", "depreciation": "None", "depreciationAndAmortization": "77653000", "incomeBeforeTax": "121271000", "incomeTaxExpense": "32744000", "interestAndDebtExpense": "None", "netIncomeFromContinuingOperations": "88527000", "comprehensiveIncomeNetOfTax": "None", "ebit": "134892000", "ebitda": "212545000", "netIncome": "88527000"}, {"fiscalDateEnding": "2014-02-28", "reportedCurrency": "USD", "grossProfit": "851611000", "totalRevenue": "1000120000", "costOfRevenue": "148509000", "costofGoodsAndServicesSold": "148509000", "operatingIncome": "78746000", "sellingGeneralAndAdministrative": "138984000", "researchAndDevelopment": "209525000", "operatingExpenses": "772202000", "investmentIncomeNet": "None", "netInterestIncome": "None", "interestIncome": "None", "interestExpense": "16590000", "nonInterestIncome": "None", "otherNonOperatingIncome": "2736000", "depreciation": "None", "depreciationAndAmortization": "77636000", "incomeBeforeTax": "64892000", "incomeTaxExpense": "17846000", "interestAndDebtExpense": "None", "netIncomeFromContinuingOperations": "47046000", "comprehensiveIncomeNetOfTax": "None", "ebit": "79409000", "ebitda": "157045000", "netIncome": "47046000"}, {"fiscalDateEnding": "2013-11-30", "reportedCurrency": "USD", "grossProfit": "894183000", "totalRevenue": "1041699000", "costOfRevenue": "147516000", "costofGoodsAndServicesSold": "147516000", "operatingIncome": "102836000", "sellingGeneralAndAdministrative": "138358000", "researchAndDevelopment": "205196000", "operatingExpenses": "789053000", "investmentIncomeNet": "None", "netInterestIncome": "None", "interestIncome": "None", "interestExpense": "16722000", "nonInterestIncome": "None", "otherNonOperatingIncome": "2156000", "depreciation": "None", "depreciationAndAmortization": "81350000", "incomeBeforeTax": "88270000", "incomeTaxExpense": "22950000", "interestAndDebtExpense": "None", "netIncomeFromContinuingOperations": "65320000", "comprehensiveIncomeNetOfTax": "None", "ebit": "105130000", "ebitda": "186480000", "netIncome": "65320000"}, {"fiscalDateEnding": "2013-08-31", "reportedCurrency": "USD", "grossProfit": "848043000", "totalRevenue": "995119000", "costOfRevenue": "147076000", "costofGoodsAndServicesSold": "147076000", "operatingIncome": "110354000", "sellingGeneralAndAdministrative": "128043000", "researchAndDevelopment": "208700000", "operatingExpenses": "738480000", "investmentIncomeNet": "None", "netInterestIncome": "None", "interestIncome": "None", "interestExpense": "16747000", "nonInterestIncome": "None", "otherNonOperatingIncome": "-347000", "depreciation": "None", "depreciationAndAmortization": "82175000", "incomeBeforeTax": "93260000", "incomeTaxExpense": "10258000", "interestAndDebtExpense": "None", "netIncomeFromContinuingOperations": "83002000", "comprehensiveIncomeNetOfTax": "None", "ebit": "110007000", "ebitda": "192182000", "netIncome": "83002000"}, {"fiscalDateEnding": "2013-05-31", "reportedCurrency": "USD", "grossProfit": "875268000", "totalRevenue": "1010549000", "costOfRevenue": "135281000", "costofGoodsAndServicesSold": "135281000", "operatingIncome": "111309000", "sellingGeneralAndAdministrative": "120870000", "researchAndDevelopment": "203097000", "operatingExpenses": "738967000", "investmentIncomeNet": "None", "netInterestIncome": "None", "interestIncome": "None", "interestExpense": "17205000", "nonInterestIncome": "None", "otherNonOperatingIncome": "-2977000", "depreciation": "None", "depreciationAndAmortization": "80950000", "incomeBeforeTax": "91127000", "incomeTaxExpense": "14581000", "interestAndDebtExpense": "None", "netIncomeFromContinuingOperations": "76546000", "comprehensiveIncomeNetOfTax": "None", "ebit": "108332000", "ebitda": "189282000", "netIncome": "76546000"}, {"fiscalDateEnding": "2013-02-28", "reportedCurrency": "USD", "grossProfit": "851189000", "totalRevenue": "1007873000", "costOfRevenue": "156684000", "costofGoodsAndServicesSold": "156684000", "operatingIncome": "98224000", "sellingGeneralAndAdministrative": "132853000", "researchAndDevelopment": "209638000", "operatingExpenses": "752963000", "investmentIncomeNet": "None", "netInterestIncome": "None", "interestIncome": "None", "interestExpense": "16834000", "nonInterestIncome": "None", "otherNonOperatingIncome": "2094000", "depreciation": "None", "depreciationAndAmortization": "76752000", "incomeBeforeTax": "83484000", "incomeTaxExpense": "18367000", "interestAndDebtExpense": "None", "netIncomeFromContinuingOperations": "65117000", "comprehensiveIncomeNetOfTax": "None", "ebit": "100318000", "ebitda": "177070000", "netIncome": "65117000"}, {"fiscalDateEnding": "2012-11-30", "reportedCurrency": "USD", "grossProfit": "1028450000", "totalRevenue": "1153428000", "costOfRevenue": "124978000", "costofGoodsAndServicesSold": "124978000", "operatingIncome": "307765000", "sellingGeneralAndAdministrative": "111449000", "researchAndDevelopment": "195047000", "operatingExpenses": "720960000", "investmentIncomeNet": "None", "netInterestIncome": "None", "interestIncome": "None", "interestExpense": "16767000", "nonInterestIncome": "None", "otherNonOperatingIncome": "-367000", "depreciation": "None", "depreciationAndAmortization": "78621000", "incomeBeforeTax": "290631000", "incomeTaxExpense": "68298000", "interestAndDebtExpense": "None", "netIncomeFromContinuingOperations": "222333000", "comprehensiveIncomeNetOfTax": "None", "ebit": "307398000", "ebitda": "386019000", "netIncome": "222333000"}, {"fiscalDateEnding": "2012-08-31", "reportedCurrency": "USD", "grossProfit": "960959000", "totalRevenue": "1080580000", "costOfRevenue": "119621000", "costofGoodsAndServicesSold": "119621000", "operatingIncome": "278304000", "sellingGeneralAndAdministrative": "110249000", "researchAndDevelopment": "189145000", "operatingExpenses": "680281000", "investmentIncomeNet": "None", "netInterestIncome": "None", "interestIncome": "None", "interestExpense": "17253000", "nonInterestIncome": "None", "otherNonOperatingIncome": "2161000", "depreciation": "None", "depreciationAndAmortization": "74110000", "incomeBeforeTax": "263212000", "incomeTaxExpense": "61855000", "interestAndDebtExpense": "None", "netIncomeFromContinuingOperations": "201357000", "comprehensiveIncomeNetOfTax": "None", "ebit": "280465000", "ebitda": "354575000", "netIncome": "201357000"}, {"fiscalDateEnding": "2012-05-31", "reportedCurrency": "USD", "grossProfit": "993531000", "totalRevenue": "1124449000", "costOfRevenue": "130918000", "costofGoodsAndServicesSold": "130918000", "operatingIncome": "305143000", "sellingGeneralAndAdministrative": "110603000", "researchAndDevelopment": "180903000", "operatingExpenses": "690579000", "investmentIncomeNet": "None", "netInterestIncome": "None", "interestIncome": "None", "interestExpense": "16629000", "nonInterestIncome": "None", "otherNonOperatingIncome": "6060000", "depreciation": "None", "depreciationAndAmortization": "77174000", "incomeBeforeTax": "294574000", "incomeTaxExpense": "70698000", "interestAndDebtExpense": "None", "netIncomeFromContinuingOperations": "223876000", "comprehensiveIncomeNetOfTax": "None", "ebit": "311203000", "ebitda": "388377000", "netIncome": "223876000"}, {"fiscalDateEnding": "2012-02-29", "reportedCurrency": "USD", "grossProfit": "936955000", "totalRevenue": "1045220000", "costOfRevenue": "108265000", "costofGoodsAndServicesSold": "108265000", "operatingIncome": "288979000", "sellingGeneralAndAdministrative": "102681000", "researchAndDevelopment": "177728000", "operatingExpenses": "650801000", "investmentIncomeNet": "None", "netInterestIncome": "None", "interestIncome": "None", "interestExpense": "16838000", "nonInterestIncome": "None", "otherNonOperatingIncome": "-1764000", "depreciation": "None", "depreciationAndAmortization": "69861000", "incomeBeforeTax": "270377000", "incomeTaxExpense": "85168000", "interestAndDebtExpense": "None", "netIncomeFromContinuingOperations": "185209000", "comprehensiveIncomeNetOfTax": "None", "ebit": "287215000", "ebitda": "357076000", "netIncome": "185209000"}, {"fiscalDateEnding": "2011-11-30", "reportedCurrency": "USD", "grossProfit": "1035782000", "totalRevenue": "1152161000", "costOfRevenue": "116379000", "costofGoodsAndServicesSold": "116379000", "operatingIncome": "246131000", "sellingGeneralAndAdministrative": "119586000", "researchAndDevelopment": "195403000", "operatingExpenses": "695149000", "investmentIncomeNet": "None", "netInterestIncome": "None", "interestIncome": "None", "interestExpense": "16774000", "nonInterestIncome": "None", "otherNonOperatingIncome": "3823000", "depreciation": "None", "depreciationAndAmortization": "73290000", "incomeBeforeTax": "233180000", "incomeTaxExpense": "59461000", "interestAndDebtExpense": "None", "netIncomeFromContinuingOperations": "173719000", "comprehensiveIncomeNetOfTax": "None", "ebit": "249954000", "ebitda": "323244000", "netIncome": "173719000"}, {"fiscalDateEnding": "2011-08-31", "reportedCurrency": "USD", "grossProfit": "908558000", "totalRevenue": "1013212000", "costOfRevenue": "104654000", "costofGoodsAndServicesSold": "104654000", "operatingIncome": "274110000", "sellingGeneralAndAdministrative": "98493000", "researchAndDevelopment": "181039000", "operatingExpenses": "630632000", "investmentIncomeNet": "None", "netInterestIncome": "None", "interestIncome": "None", "interestExpense": "16431000", "nonInterestIncome": "None", "otherNonOperatingIncome": "-960000", "depreciation": "None", "depreciationAndAmortization": "64009000", "incomeBeforeTax": "256719000", "incomeTaxExpense": "61618000", "interestAndDebtExpense": "None", "netIncomeFromContinuingOperations": "195101000", "comprehensiveIncomeNetOfTax": "None", "ebit": "273150000", "ebitda": "337159000", "netIncome": "195101000"}, {"fiscalDateEnding": "2011-05-31", "reportedCurrency": "USD", "grossProfit": "913978000", "totalRevenue": "1023179000", "costOfRevenue": "109201000", "costofGoodsAndServicesSold": "109201000", "operatingIncome": "276724000", "sellingGeneralAndAdministrative": "95547000", "researchAndDevelopment": "183211000", "operatingExpenses": "637840000", "investmentIncomeNet": "None", "netInterestIncome": "None", "interestIncome": "None", "interestExpense": "16727000", "nonInterestIncome": "None", "otherNonOperatingIncome": "-753000", "depreciation": "None", "depreciationAndAmortization": "66620000", "incomeBeforeTax": "259244000", "incomeTaxExpense": "29808000", "interestAndDebtExpense": "None", "netIncomeFromContinuingOperations": "229436000", "comprehensiveIncomeNetOfTax": "None", "ebit": "275971000", "ebitda": "342591000", "netIncome": "229436000"}, {"fiscalDateEnding": "2011-02-28", "reportedCurrency": "USD", "grossProfit": "920067000", "totalRevenue": "1027706000", "costOfRevenue": "107639000", "costofGoodsAndServicesSold": "107639000", "operatingIncome": "302334000", "sellingGeneralAndAdministrative": "100979000", "researchAndDevelopment": "178400000", "operatingExpenses": "617692000", "investmentIncomeNet": "None", "netInterestIncome": "None", "interestIncome": "None", "interestExpense": "17020000", "nonInterestIncome": "None", "otherNonOperatingIncome": "773000", "depreciation": "None", "depreciationAndAmortization": "66286000", "incomeBeforeTax": "286087000", "incomeTaxExpense": "51496000", "interestAndDebtExpense": "None", "netIncomeFromContinuingOperations": "234591000", "comprehensiveIncomeNetOfTax": "None", "ebit": "303107000", "ebitda": "369393000", "netIncome": "234591000"}, {"fiscalDateEnding": "2010-11-30", "reportedCurrency": "USD", "grossProfit": "900729000", "totalRevenue": "1007946000", "costOfRevenue": "107217000", "costofGoodsAndServicesSold": "107217000", "operatingIncome": "286943000", "sellingGeneralAndAdministrative": "100323000", "researchAndDevelopment": "170378000", "operatingExpenses": "611593000", "investmentIncomeNet": "None", "netInterestIncome": "None", "interestIncome": "None", "interestExpense": "16786000", "nonInterestIncome": "None", "otherNonOperatingIncome": "15854000", "depreciation": "None", "depreciationAndAmortization": "76097000", "incomeBeforeTax": "286011000", "incomeTaxExpense": "17161000", "interestAndDebtExpense": "None", "netIncomeFromContinuingOperations": "268850000", "comprehensiveIncomeNetOfTax": "None", "ebit": "302797000", "ebitda": "378894000", "netIncome": "268850000"}, {"fiscalDateEnding": "2010-08-31", "reportedCurrency": "USD", "grossProfit": "891235000", "totalRevenue": "990319000", "costOfRevenue": "99084000", "costofGoodsAndServicesSold": "99084000", "operatingIncome": "302013000", "sellingGeneralAndAdministrative": "102177000", "researchAndDevelopment": "168296000", "operatingExpenses": "591312000", "investmentIncomeNet": "None", "netInterestIncome": "None", "interestIncome": "None", "interestExpense": "16395000", "nonInterestIncome": "None", "otherNonOperatingIncome": "11134000", "depreciation": "None", "depreciationAndAmortization": "73154000", "incomeBeforeTax": "296752000", "incomeTaxExpense": "66687000", "interestAndDebtExpense": "None", "netIncomeFromContinuingOperations": "230065000", "comprehensiveIncomeNetOfTax": "None", "ebit": "313147000", "ebitda": "386301000", "netIncome": "230065000"}, {"fiscalDateEnding": "2010-05-31", "reportedCurrency": "USD", "grossProfit": "835202000", "totalRevenue": "943035000", "costOfRevenue": "107833000", "costofGoodsAndServicesSold": "107833000", "operatingIncome": "227285000", "sellingGeneralAndAdministrative": "89953000", "researchAndDevelopment": "174340000", "operatingExpenses": "596376000", "investmentIncomeNet": "None", "netInterestIncome": "None", "interestIncome": "None", "interestExpense": "16076000", "nonInterestIncome": "None", "otherNonOperatingIncome": "-17036000", "depreciation": "None", "depreciationAndAmortization": "74906000", "incomeBeforeTax": "194173000", "incomeTaxExpense": "45562000", "interestAndDebtExpense": "None", "netIncomeFromContinuingOperations": "148611000", "comprehensiveIncomeNetOfTax": "None", "ebit": "210249000", "ebitda": "285155000", "netIncome": "148611000"}, {"fiscalDateEnding": "2010-02-28", "reportedCurrency": "USD", "grossProfit": "769332000", "totalRevenue": "858700000", "costOfRevenue": "89368000", "costofGoodsAndServicesSold": "89368000", "operatingIncome": "176833000", "sellingGeneralAndAdministrative": "91046000", "researchAndDevelopment": "174340000", "operatingExpenses": "580877000", "investmentIncomeNet": "None", "netInterestIncome": "None", "interestIncome": "None", "interestExpense": "7695000", "nonInterestIncome": "None", "otherNonOperatingIncome": "-2923000", "depreciation": "None", "depreciationAndAmortization": "68581000", "incomeBeforeTax": "166215000", "incomeTaxExpense": "39061000", "interestAndDebtExpense": "None", "netIncomeFromContinuingOperations": "127154000", "comprehensiveIncomeNetOfTax": "None", "ebit": "173910000", "ebitda": "242491000", "netIncome": "127154000"}, {"fiscalDateEnding": "2009-11-30", "reportedCurrency": "USD", "grossProfit": "674959000", "totalRevenue": "757283000", "costOfRevenue": "82324000", "costofGoodsAndServicesSold": "82324000", "operatingIncome": "153642000", "sellingGeneralAndAdministrative": "74287000", "researchAndDevelopment": "137852000", "operatingExpenses": "495923000", "investmentIncomeNet": "None", "netInterestIncome": "None", "interestIncome": "None", "interestExpense": "1535000", "nonInterestIncome": "None", "otherNonOperatingIncome": "None", "depreciation": "None", "depreciationAndAmortization": "85037000", "incomeBeforeTax": "160212000", "incomeTaxExpense": "192255000", "interestAndDebtExpense": "None", "netIncomeFromContinuingOperations": "0", "comprehensiveIncomeNetOfTax": "None", "ebit": "161747000", "ebitda": "246784000", "netIncome": "-32043000"}, {"fiscalDateEnding": "2009-08-31", "reportedCurrency": "USD", "grossProfit": "632460000", "totalRevenue": "697507000", "costOfRevenue": "65047000", "costofGoodsAndServicesSold": "65047000", "operatingIncome": "167602000", "sellingGeneralAndAdministrative": "79593000", "researchAndDevelopment": "138902000", "operatingExpenses": "464793000", "investmentIncomeNet": "None", "netInterestIncome": "None", "interestIncome": "None", "interestExpense": "460000", "nonInterestIncome": "None", "otherNonOperatingIncome": "7274000", "depreciation": "None", "depreciationAndAmortization": "63921000", "incomeBeforeTax": "174416000", "incomeTaxExpense": "38371000", "interestAndDebtExpense": "None", "netIncomeFromContinuingOperations": "136045000", "comprehensiveIncomeNetOfTax": "None", "ebit": "174876000", "ebitda": "238797000", "netIncome": "136045000"}, {"fiscalDateEnding": "2009-05-31", "reportedCurrency": "USD", "grossProfit": "632665000", "totalRevenue": "704673000", "costOfRevenue": "72008000", "costofGoodsAndServicesSold": "72008000", "operatingIncome": "161353000", "sellingGeneralAndAdministrative": "70818000", "researchAndDevelopment": "138470000", "operatingExpenses": "467781000", "investmentIncomeNet": "None", "netInterestIncome": "None", "interestIncome": "None", "interestExpense": "620000", "nonInterestIncome": "None", "otherNonOperatingIncome": "None", "depreciation": "None", "depreciationAndAmortization": "64725000", "incomeBeforeTax": "163730000", "incomeTaxExpense": "37659000", "interestAndDebtExpense": "None", "netIncomeFromContinuingOperations": "0", "comprehensiveIncomeNetOfTax": "None", "ebit": "164350000", "ebitda": "229075000", "netIncome": "126071000"}, {"fiscalDateEnding": "2009-02-28", "reportedCurrency": "USD", "grossProfit": "709037000", "totalRevenue": "786390000", "costOfRevenue": "77353000", "costofGoodsAndServicesSold": "77353000", "operatingIncome": "207916000", "sellingGeneralAndAdministrative": "74051000", "researchAndDevelopment": "149917000", "operatingExpenses": "488851000", "investmentIncomeNet": "None", "netInterestIncome": "None", "interestIncome": "None", "interestExpense": "792000", "nonInterestIncome": "None", "otherNonOperatingIncome": "None", "depreciation": "None", "depreciationAndAmortization": "68740000", "incomeBeforeTax": "203162000", "incomeTaxExpense": "46727000", "interestAndDebtExpense": "None", "netIncomeFromContinuingOperations": "0", "comprehensiveIncomeNetOfTax": "None", "ebit": "203954000", "ebitda": "272694000", "netIncome": "156435000"}, {"fiscalDateEnding": "2008-11-30", "reportedCurrency": "USD", "grossProfit": "828863000", "totalRevenue": "915301000", "costOfRevenue": "86438000", "costofGoodsAndServicesSold": "86438000", "operatingIncome": "273193000", "sellingGeneralAndAdministrative": "337291000", "researchAndDevelopment": "153148000", "operatingExpenses": "526242000", "investmentIncomeNet": "None", "netInterestIncome": "None", "interestIncome": "None", "interestExpense": "10019000", "nonInterestIncome": "None", "otherNonOperatingIncome": "None", "depreciation": "None", "depreciationAndAmortization": "69732000", "incomeBeforeTax": "276344000", "incomeTaxExpense": "30427000", "interestAndDebtExpense": "None", "netIncomeFromContinuingOperations": "0", "comprehensiveIncomeNetOfTax": "None", "ebit": "302621000", "ebitda": "372353000", "netIncome": "245917000"}, {"fiscalDateEnding": "2008-08-31", "reportedCurrency": "USD", "grossProfit": "776406000", "totalRevenue": "887257000", "costOfRevenue": "110851000", "costofGoodsAndServicesSold": "110851000", "operatingIncome": "219469000", "sellingGeneralAndAdministrative": "97156000", "researchAndDevelopment": "170124000", "operatingExpenses": "555743000", "investmentIncomeNet": "None", "netInterestIncome": "None", "interestIncome": "None", "interestExpense": "2390000", "nonInterestIncome": "None", "otherNonOperatingIncome": "None", "depreciation": "None", "depreciationAndAmortization": "62679000", "incomeBeforeTax": "228514000", "incomeTaxExpense": "36906000", "interestAndDebtExpense": "None", "netIncomeFromContinuingOperations": "0", "comprehensiveIncomeNetOfTax": "None", "ebit": "220663000", "ebitda": "283342000", "netIncome": "191608000"}, {"fiscalDateEnding": "2008-05-31", "reportedCurrency": "USD", "grossProfit": "804020000", "totalRevenue": "886886000", "costOfRevenue": "82866000", "costofGoodsAndServicesSold": "82866000", "operatingIncome": "260178000", "sellingGeneralAndAdministrative": "77078000", "researchAndDevelopment": "170300000", "operatingExpenses": "543842000", "investmentIncomeNet": "None", "netInterestIncome": "None", "interestIncome": "None", "interestExpense": "3828000", "nonInterestIncome": "None", "otherNonOperatingIncome": "None", "depreciation": "None", "depreciationAndAmortization": "68656000", "incomeBeforeTax": "278006000", "incomeTaxExpense": "63096000", "interestAndDebtExpense": "None", "netIncomeFromContinuingOperations": "0", "comprehensiveIncomeNetOfTax": "None", "ebit": "191522000", "ebitda": "260178000", "netIncome": "214910000"}, {"fiscalDateEnding": "2008-02-29", "reportedCurrency": "USD", "grossProfit": "807970000", "totalRevenue": "890445000", "costOfRevenue": "82475000", "costofGoodsAndServicesSold": "82475000", "operatingIncome": "275431000", "sellingGeneralAndAdministrative": "82929000", "researchAndDevelopment": "168485000", "operatingExpenses": "531108000", "investmentIncomeNet": "None", "netInterestIncome": "None", "interestIncome": "None", "interestExpense": "1809000", "nonInterestIncome": "None", "otherNonOperatingIncome": "None", "depreciation": "None", "depreciationAndAmortization": "69202000", "incomeBeforeTax": "295644000", "incomeTaxExpense": "76265000", "interestAndDebtExpense": "None", "netIncomeFromContinuingOperations": "0", "comprehensiveIncomeNetOfTax": "None", "ebit": "276862000", "ebitda": "346064000", "netIncome": "219379000"}, {"fiscalDateEnding": "2007-11-30", "reportedCurrency": "USD", "grossProfit": "812615000", "totalRevenue": "911211000", "costOfRevenue": "98596000", "costofGoodsAndServicesSold": "98596000", "operatingIncome": "275832000", "sellingGeneralAndAdministrative": "274982000", "researchAndDevelopment": "162847000", "operatingExpenses": "536783000", "investmentIncomeNet": "None", "netInterestIncome": "None", "interestIncome": "None", "interestExpense": "78000", "nonInterestIncome": "None", "otherNonOperatingIncome": "None", "depreciation": "None", "depreciationAndAmortization": "78190000", "incomeBeforeTax": "290677000", "incomeTaxExpense": "68469000", "interestAndDebtExpense": "None", "netIncomeFromContinuingOperations": "0", "comprehensiveIncomeNetOfTax": "None", "ebit": "275832000", "ebitda": "354022000", "netIncome": "222208000"}, {"fiscalDateEnding": "2007-08-31", "reportedCurrency": "USD", "grossProfit": "759065000", "totalRevenue": "851686000", "costOfRevenue": "92621000", "costofGoodsAndServicesSold": "92621000", "operatingIncome": "255025000", "sellingGeneralAndAdministrative": "71132000", "researchAndDevelopment": "163217000", "operatingExpenses": "503485000", "investmentIncomeNet": "None", "netInterestIncome": "None", "interestIncome": "None", "interestExpense": "69000", "nonInterestIncome": "None", "otherNonOperatingIncome": "None", "depreciation": "None", "depreciationAndAmortization": "81764000", "incomeBeforeTax": "276995000", "incomeTaxExpense": "71752000", "interestAndDebtExpense": "None", "netIncomeFromContinuingOperations": "0", "comprehensiveIncomeNetOfTax": "None", "ebit": "255543000", "ebitda": "337307000", "netIncome": "205243000"}, {"fiscalDateEnding": "2007-05-31", "reportedCurrency": "USD", "grossProfit": "654363000", "totalRevenue": "745577000", "costOfRevenue": "91214000", "costofGoodsAndServicesSold": "91214000", "operatingIncome": "180391000", "sellingGeneralAndAdministrative": "68597000", "researchAndDevelopment": "150049000", "operatingExpenses": "473972000", "investmentIncomeNet": "None", "netInterestIncome": "None", "interestIncome": "None", "interestExpense": "22200000", "nonInterestIncome": "None", "otherNonOperatingIncome": "None", "depreciation": "None", "depreciationAndAmortization": "87022000", "incomeBeforeTax": "205116000", "incomeTaxExpense": "52611000", "interestAndDebtExpense": "None", "netIncomeFromContinuingOperations": "0", "comprehensiveIncomeNetOfTax": "None", "ebit": "93369000", "ebitda": "180391000", "netIncome": "152505000"}, {"fiscalDateEnding": "2007-02-28", "reportedCurrency": "USD", "grossProfit": "577144000", "totalRevenue": "649407000", "costOfRevenue": "72263000", "costofGoodsAndServicesSold": "72263000", "operatingIncome": "146337000", "sellingGeneralAndAdministrative": "61275000", "researchAndDevelopment": "137129000", "operatingExpenses": "430807000", "investmentIncomeNet": "None", "netInterestIncome": "None", "interestIncome": "None", "interestExpense": "21900000", "nonInterestIncome": "None", "otherNonOperatingIncome": "None", "depreciation": "None", "depreciationAndAmortization": "68488000", "incomeBeforeTax": "174402000", "incomeTaxExpense": "30551000", "interestAndDebtExpense": "None", "netIncomeFromContinuingOperations": "0", "comprehensiveIncomeNetOfTax": "None", "ebit": "77849000", "ebitda": "146337000", "netIncome": "143851000"}, {"fiscalDateEnding": "2006-11-30", "reportedCurrency": "USD", "grossProfit": "602550000", "totalRevenue": "682175000", "costOfRevenue": "79625000", "costofGoodsAndServicesSold": "79625000", "operatingIncome": "163372000", "sellingGeneralAndAdministrative": "235115000", "researchAndDevelopment": "138416000", "operatingExpenses": "439696000", "investmentIncomeNet": "None", "netInterestIncome": "None", "interestIncome": "None", "interestExpense": "19600000", "nonInterestIncome": "None", "otherNonOperatingIncome": "None", "depreciation": "None", "depreciationAndAmortization": "91013000", "incomeBeforeTax": "247961000", "incomeTaxExpense": "64717000", "interestAndDebtExpense": "None", "netIncomeFromContinuingOperations": "0", "comprehensiveIncomeNetOfTax": "None", "ebit": "162854000", "ebitda": "253867000", "netIncome": "183244000"}, {"fiscalDateEnding": "2006-08-31", "reportedCurrency": "USD", "grossProfit": "532712000", "totalRevenue": "602191000", "costOfRevenue": "69479000", "costofGoodsAndServicesSold": "69479000", "operatingIncome": "110033000", "sellingGeneralAndAdministrative": "57311000", "researchAndDevelopment": "130440000", "operatingExpenses": "422647000", "investmentIncomeNet": "None", "netInterestIncome": "None", "interestIncome": "None", "interestExpense": "18100000", "nonInterestIncome": "None", "otherNonOperatingIncome": "None", "depreciation": "None", "depreciationAndAmortization": "70448000", "incomeBeforeTax": "123012000", "incomeTaxExpense": "28616000", "interestAndDebtExpense": "None", "netIncomeFromContinuingOperations": "0", "comprehensiveIncomeNetOfTax": "None", "ebit": "98433000", "ebitda": "168881000", "netIncome": "94396000"}, {"fiscalDateEnding": "2006-05-31", "reportedCurrency": "USD", "grossProfit": "569849000", "totalRevenue": "635456000", "costOfRevenue": "65607000", "costofGoodsAndServicesSold": "65607000", "operatingIncome": "147908000", "sellingGeneralAndAdministrative": "59716000", "researchAndDevelopment": "133285000", "operatingExpenses": "420706000", "investmentIncomeNet": "None", "netInterestIncome": "None", "interestIncome": "None", "interestExpense": "13900000", "nonInterestIncome": "None", "otherNonOperatingIncome": "None", "depreciation": "None", "depreciationAndAmortization": "72578000", "incomeBeforeTax": "164497000", "incomeTaxExpense": "41400000", "interestAndDebtExpense": "None", "netIncomeFromContinuingOperations": "0", "comprehensiveIncomeNetOfTax": "None", "ebit": "156208000", "ebitda": "228786000", "netIncome": "123097000"}, {"fiscalDateEnding": "2006-02-28", "reportedCurrency": "USD", "grossProfit": "577732000", "totalRevenue": "655478000", "costOfRevenue": "77746000", "costofGoodsAndServicesSold": "77746000", "operatingIncome": "129980000", "sellingGeneralAndAdministrative": "60297000", "researchAndDevelopment": "137543000", "operatingExpenses": "428768000", "investmentIncomeNet": "None", "netInterestIncome": "None", "interestIncome": "None", "interestExpense": "15500000", "nonInterestIncome": "None", "otherNonOperatingIncome": "None", "depreciation": "None", "depreciationAndAmortization": "73783000", "incomeBeforeTax": "144257000", "incomeTaxExpense": "39185000", "interestAndDebtExpense": "None", "netIncomeFromContinuingOperations": "0", "comprehensiveIncomeNetOfTax": "None", "ebit": "153531000", "ebitda": "227314000", "netIncome": "105072000"}, {"fiscalDateEnding": "2005-11-30", "reportedCurrency": "USD", "grossProfit": "479676000", "totalRevenue": "510371000", "costOfRevenue": "30695000", "costofGoodsAndServicesSold": "30695000", "operatingIncome": "191930000", "sellingGeneralAndAdministrative": "166658000", "researchAndDevelopment": "94647000", "operatingExpenses": "287746000", "investmentIncomeNet": "None", "netInterestIncome": "None", "interestIncome": "None", "interestExpense": "10300000", "nonInterestIncome": "None", "otherNonOperatingIncome": "None", "depreciation": "None", "depreciationAndAmortization": "16455000", "incomeBeforeTax": "207219000", "incomeTaxExpense": "50968000", "interestAndDebtExpense": "None", "netIncomeFromContinuingOperations": "0", "comprehensiveIncomeNetOfTax": "None", "ebit": "191930000", "ebitda": "208385000", "netIncome": "156251000"}, {"fiscalDateEnding": "2005-08-31", "reportedCurrency": "USD", "grossProfit": "459559000", "totalRevenue": "487039000", "costOfRevenue": "27480000", "costofGoodsAndServicesSold": "27480000", "operatingIncome": "183588000", "sellingGeneralAndAdministrative": "37637000", "researchAndDevelopment": "94586000", "operatingExpenses": "275971000", "investmentIncomeNet": "None", "netInterestIncome": "None", "interestIncome": "None", "interestExpense": "12400000", "nonInterestIncome": "None", "otherNonOperatingIncome": "None", "depreciation": "None", "depreciationAndAmortization": "17798000", "incomeBeforeTax": "193964000", "incomeTaxExpense": "49048000", "interestAndDebtExpense": "None", "netIncomeFromContinuingOperations": "0", "comprehensiveIncomeNetOfTax": "None", "ebit": "165790000", "ebitda": "183588000", "netIncome": "144916000"}, {"fiscalDateEnding": "2005-05-31", "reportedCurrency": "USD", "grossProfit": "468595000", "totalRevenue": "496029000", "costOfRevenue": "27434000", "costofGoodsAndServicesSold": "27434000", "operatingIncome": "182204000", "sellingGeneralAndAdministrative": "41132000", "researchAndDevelopment": "86686000", "operatingExpenses": "286391000", "investmentIncomeNet": "None", "netInterestIncome": "None", "interestIncome": "None", "interestExpense": "8300000", "nonInterestIncome": "None", "otherNonOperatingIncome": "None", "depreciation": "None", "depreciationAndAmortization": "15128000", "incomeBeforeTax": "187808000", "incomeTaxExpense": "38030000", "interestAndDebtExpense": "None", "netIncomeFromContinuingOperations": "0", "comprehensiveIncomeNetOfTax": "None", "ebit": "167076000", "ebitda": "182204000", "netIncome": "149778000"}, {"fiscalDateEnding": "2005-02-28", "reportedCurrency": "USD", "grossProfit": "445913000", "totalRevenue": "472882000", "costOfRevenue": "26969000", "costofGoodsAndServicesSold": "26969000", "operatingIncome": "170712000", "sellingGeneralAndAdministrative": "41132000", "researchAndDevelopment": "86686000", "operatingExpenses": "275201000", "investmentIncomeNet": "None", "netInterestIncome": "None", "interestIncome": "None", "interestExpense": "7600000", "nonInterestIncome": "None", "otherNonOperatingIncome": "None", "depreciation": "None", "depreciationAndAmortization": "14954000", "incomeBeforeTax": "176785000", "incomeTaxExpense": "24891000", "interestAndDebtExpense": "None", "netIncomeFromContinuingOperations": "0", "comprehensiveIncomeNetOfTax": "None", "ebit": "155758000", "ebitda": "170712000", "netIncome": "151894000"}]}