{"symbol": "STLD", "annualReports": [{"fiscalDateEnding": "2024-12-31", "reportedCurrency": "USD", "grossProfit": "2802586000", "totalRevenue": "17540390000", "costOfRevenue": "14737804000", "costofGoodsAndServicesSold": "14737804000", "operatingIncome": "1943037000", "sellingGeneralAndAdministrative": "664119000", "researchAndDevelopment": "None", "operatingExpenses": "859549000", "investmentIncomeNet": "None", "netInterestIncome": "-56347000", "interestIncome": "None", "interestExpense": "56347000", "nonInterestIncome": "None", "otherNonOperatingIncome": "None", "depreciation": "None", "depreciationAndAmortization": "478907000", "incomeBeforeTax": "1982881000", "incomeTaxExpense": "432925000", "interestAndDebtExpense": "None", "netIncomeFromContinuingOperations": "1549956000", "comprehensiveIncomeNetOfTax": "None", "ebit": "2039228000", "ebitda": "2518135000", "netIncome": "1537134000"}, {"fiscalDateEnding": "2023-12-31", "reportedCurrency": "USD", "grossProfit": "4045883000", "totalRevenue": "18795316000", "costOfRevenue": "14749433000", "costofGoodsAndServicesSold": "14749433000", "operatingIncome": "3151181000", "sellingGeneralAndAdministrative": "574016000", "researchAndDevelopment": "None", "operatingExpenses": "588621000", "investmentIncomeNet": "None", "netInterestIncome": "-85544000", "interestIncome": "None", "interestExpense": "76484000", "nonInterestIncome": "None", "otherNonOperatingIncome": "None", "depreciation": "None", "depreciationAndAmortization": "437804000", "incomeBeforeTax": "3218943000", "incomeTaxExpense": "751611000", "interestAndDebtExpense": "None", "netIncomeFromContinuingOperations": "2679303000", "comprehensiveIncomeNetOfTax": "None", "ebit": "3151181000", "ebitda": "3151181000", "netIncome": "2450882000"}, {"fiscalDateEnding": "2022-12-31", "reportedCurrency": "USD", "grossProfit": "6117831000", "totalRevenue": "22260774000", "costOfRevenue": "16142943000", "costofGoodsAndServicesSold": "16142943000", "operatingIncome": "5091822000", "sellingGeneralAndAdministrative": "998172000", "researchAndDevelopment": "None", "operatingExpenses": "1026009000", "investmentIncomeNet": "None", "netInterestIncome": "-91538000", "interestIncome": "None", "interestExpense": "91538000", "nonInterestIncome": "None", "otherNonOperatingIncome": "None", "depreciation": "None", "depreciationAndAmortization": "384202000", "incomeBeforeTax": "5021069000", "incomeTaxExpense": "1141577000", "interestAndDebtExpense": "None", "netIncomeFromContinuingOperations": "3879492000", "comprehensiveIncomeNetOfTax": "None", "ebit": "5112607000", "ebitda": "5496809000", "netIncome": "3862674000"}, {"fiscalDateEnding": "2021-12-31", "reportedCurrency": "USD", "grossProfit": "5362424000", "totalRevenue": "18408850000", "costOfRevenue": "13046426000", "costofGoodsAndServicesSold": "13046426000", "operatingIncome": "4301105000", "sellingGeneralAndAdministrative": "1032087000", "researchAndDevelopment": "None", "operatingExpenses": "1061319000", "investmentIncomeNet": "None", "netInterestIncome": "-57209000", "interestIncome": "None", "interestExpense": "57209000", "nonInterestIncome": "None", "otherNonOperatingIncome": "-34826000", "depreciation": "None", "depreciationAndAmortization": "347653000", "incomeBeforeTax": "4209070000", "incomeTaxExpense": "962256000", "interestAndDebtExpense": "None", "netIncomeFromContinuingOperations": "3246814000", "comprehensiveIncomeNetOfTax": "None", "ebit": "4266279000", "ebitda": "4613932000", "netIncome": "3214066000"}, {"fiscalDateEnding": "2020-12-31", "reportedCurrency": "USD", "grossProfit": "1434728000", "totalRevenue": "9601482000", "costOfRevenue": "8166754000", "costofGoodsAndServicesSold": "8166754000", "operatingIncome": "847142000", "sellingGeneralAndAdministrative": "539178000", "researchAndDevelopment": "None", "operatingExpenses": "568177000", "investmentIncomeNet": "None", "netInterestIncome": "-94877000", "interestIncome": "None", "interestExpense": "94877000", "nonInterestIncome": "None", "otherNonOperatingIncome": "-46787000", "depreciation": "None", "depreciationAndAmortization": "325789000", "incomeBeforeTax": "705478000", "incomeTaxExpense": "134650000", "interestAndDebtExpense": "None", "netIncomeFromContinuingOperations": "570828000", "comprehensiveIncomeNetOfTax": "None", "ebit": "866551000", "ebitda": "1192340000", "netIncome": "550822000"}, {"fiscalDateEnding": "2019-12-31", "reportedCurrency": "USD", "grossProfit": "1530984000", "totalRevenue": "10485286000", "costOfRevenue": "8954302000", "costofGoodsAndServicesSold": "8954302000", "operatingIncome": "986880000", "sellingGeneralAndAdministrative": "514527000", "researchAndDevelopment": "None", "operatingExpenses": "544104000", "investmentIncomeNet": "None", "netInterestIncome": "-127104000", "interestIncome": "127104000", "interestExpense": "127104000", "nonInterestIncome": "None", "otherNonOperatingIncome": "15561000", "depreciation": "None", "depreciationAndAmortization": "321082000", "incomeBeforeTax": "875337000", "incomeTaxExpense": "197437000", "interestAndDebtExpense": "None", "netIncomeFromContinuingOperations": "677900000", "comprehensiveIncomeNetOfTax": "None", "ebit": "1002441000", "ebitda": "1323523000", "netIncome": "671103000"}, {"fiscalDateEnding": "2018-12-31", "reportedCurrency": "USD", "grossProfit": "2322814000", "totalRevenue": "11821839000", "costOfRevenue": "9499025000", "costofGoodsAndServicesSold": "9499025000", "operatingIncome": "1722409000", "sellingGeneralAndAdministrative": "572625000", "researchAndDevelopment": "0", "operatingExpenses": "600405000", "investmentIncomeNet": "None", "netInterestIncome": "-126620000", "interestIncome": "126620000", "interestExpense": "126620000", "nonInterestIncome": "None", "otherNonOperatingIncome": "23985000", "depreciation": "None", "depreciationAndAmortization": "317198000", "incomeBeforeTax": "1619774000", "incomeTaxExpense": "363969000", "interestAndDebtExpense": "None", "netIncomeFromContinuingOperations": "1255805000", "comprehensiveIncomeNetOfTax": "None", "ebit": "1746394000", "ebitda": "2063592000", "netIncome": "1258379000"}, {"fiscalDateEnding": "2017-12-31", "reportedCurrency": "USD", "grossProfit": "1582014000", "totalRevenue": "9538797000", "costOfRevenue": "7956783000", "costofGoodsAndServicesSold": "7956783000", "operatingIncome": "1066881000", "sellingGeneralAndAdministrative": "485940000", "researchAndDevelopment": "0", "operatingExpenses": "515133000", "investmentIncomeNet": "None", "netInterestIncome": "-134399000", "interestIncome": "134399000", "interestExpense": "134399000", "nonInterestIncome": "None", "otherNonOperatingIncome": "2753000", "depreciation": "None", "depreciationAndAmortization": "298999000", "incomeBeforeTax": "935235000", "incomeTaxExpense": "129439000", "interestAndDebtExpense": "None", "netIncomeFromContinuingOperations": "805796000", "comprehensiveIncomeNetOfTax": "None", "ebit": "1069634000", "ebitda": "1368633000", "netIncome": "812741000"}, {"fiscalDateEnding": "2016-12-31", "reportedCurrency": "USD", "grossProfit": "1334864000", "totalRevenue": "7777109000", "costOfRevenue": "6442245000", "costofGoodsAndServicesSold": "6442245000", "operatingIncome": "727966000", "sellingGeneralAndAdministrative": "445294000", "researchAndDevelopment": "0", "operatingExpenses": "474059000", "investmentIncomeNet": "None", "netInterestIncome": "-146037000", "interestIncome": "146037000", "interestExpense": "146037000", "nonInterestIncome": "None", "otherNonOperatingIncome": "-17796000", "depreciation": "None", "depreciationAndAmortization": "289365000", "incomeBeforeTax": "564133000", "incomeTaxExpense": "204127000", "interestAndDebtExpense": "None", "netIncomeFromContinuingOperations": "360006000", "comprehensiveIncomeNetOfTax": "None", "ebit": "710170000", "ebitda": "999535000", "netIncome": "382115000"}, {"fiscalDateEnding": "2015-12-31", "reportedCurrency": "USD", "grossProfit": "731718000", "totalRevenue": "7594411000", "costOfRevenue": "6862693000", "costofGoodsAndServicesSold": "6862693000", "operatingIncome": "-72784000", "sellingGeneralAndAdministrative": "350690000", "researchAndDevelopment": "0", "operatingExpenses": "376002000", "investmentIncomeNet": "None", "netInterestIncome": "None", "interestIncome": "153950000", "interestExpense": "153950000", "nonInterestIncome": "None", "otherNonOperatingIncome": "-15383000", "depreciation": "None", "depreciationAndAmortization": "294595000", "incomeBeforeTax": "-242117000", "incomeTaxExpense": "-96947000", "interestAndDebtExpense": "None", "netIncomeFromContinuingOperations": "-145170000", "comprehensiveIncomeNetOfTax": "None", "ebit": "-94250000", "ebitda": "200345000", "netIncome": "-130311000"}, {"fiscalDateEnding": "2014-12-31", "reportedCurrency": "USD", "grossProfit": "966211000", "totalRevenue": "8755952000", "costOfRevenue": "7789741000", "costofGoodsAndServicesSold": "7789741000", "operatingIncome": "320320000", "sellingGeneralAndAdministrative": "358340000", "researchAndDevelopment": "0", "operatingExpenses": "385891000", "investmentIncomeNet": "None", "netInterestIncome": "None", "interestIncome": "None", "interestExpense": "137263000", "nonInterestIncome": "None", "otherNonOperatingIncome": "-18254000", "depreciation": "None", "depreciationAndAmortization": "263325000", "incomeBeforeTax": "164803000", "incomeTaxExpense": "73153000", "interestAndDebtExpense": "None", "netIncomeFromContinuingOperations": "91650000", "comprehensiveIncomeNetOfTax": "None", "ebit": "580320000", "ebitda": "843645000", "netIncome": "157024000"}, {"fiscalDateEnding": "2013-12-31", "reportedCurrency": "USD", "grossProfit": "719144000", "totalRevenue": "7372924000", "costOfRevenue": "6653780000", "costofGoodsAndServicesSold": "6653780000", "operatingIncome": "386525000", "sellingGeneralAndAdministrative": "300541000", "researchAndDevelopment": "0", "operatingExpenses": "332311000", "investmentIncomeNet": "None", "netInterestIncome": "None", "interestIncome": "None", "interestExpense": "127728000", "nonInterestIncome": "None", "otherNonOperatingIncome": "4033000", "depreciation": "None", "depreciationAndAmortization": "230928000", "incomeBeforeTax": "262830000", "incomeTaxExpense": "99314000", "interestAndDebtExpense": "None", "netIncomeFromContinuingOperations": "163516000", "comprehensiveIncomeNetOfTax": "None", "ebit": "386833000", "ebitda": "617761000", "netIncome": "189314000"}, {"fiscalDateEnding": "2012-12-31", "reportedCurrency": "USD", "grossProfit": "719898000", "totalRevenue": "7290234000", "costOfRevenue": "6570336000", "costofGoodsAndServicesSold": "6570336000", "operatingIncome": "391165000", "sellingGeneralAndAdministrative": "284930000", "researchAndDevelopment": "0", "operatingExpenses": "320483000", "investmentIncomeNet": "None", "netInterestIncome": "None", "interestIncome": "None", "interestExpense": "158585000", "nonInterestIncome": "None", "otherNonOperatingIncome": "-28514000", "depreciation": "None", "depreciationAndAmortization": "225216000", "incomeBeforeTax": "204066000", "incomeTaxExpense": "61785000", "interestAndDebtExpense": "None", "netIncomeFromContinuingOperations": "142281000", "comprehensiveIncomeNetOfTax": "None", "ebit": "362651000", "ebitda": "587867000", "netIncome": "163551000"}, {"fiscalDateEnding": "2011-12-31", "reportedCurrency": "USD", "grossProfit": "931518000", "totalRevenue": "7997500000", "costOfRevenue": "7065982000", "costofGoodsAndServicesSold": "7065982000", "operatingIncome": "584820000", "sellingGeneralAndAdministrative": "306744000", "researchAndDevelopment": "0", "operatingExpenses": "346698000", "investmentIncomeNet": "None", "netInterestIncome": "None", "interestIncome": "None", "interestExpense": "176977000", "nonInterestIncome": "None", "otherNonOperatingIncome": "16476000", "depreciation": "None", "depreciationAndAmortization": "222607000", "incomeBeforeTax": "424319000", "incomeTaxExpense": "158627000", "interestAndDebtExpense": "None", "netIncomeFromContinuingOperations": "265692000", "comprehensiveIncomeNetOfTax": "None", "ebit": "595143000", "ebitda": "817750000", "netIncome": "278120000"}, {"fiscalDateEnding": "2010-12-31", "reportedCurrency": "USD", "grossProfit": "675666000", "totalRevenue": "6300887000", "costOfRevenue": "5625221000", "costofGoodsAndServicesSold": "5625221000", "operatingIncome": "364753000", "sellingGeneralAndAdministrative": "252522000", "researchAndDevelopment": "0", "operatingExpenses": "298108000", "investmentIncomeNet": "None", "netInterestIncome": "None", "interestIncome": "None", "interestExpense": "170229000", "nonInterestIncome": "None", "otherNonOperatingIncome": "18935000", "depreciation": "None", "depreciationAndAmortization": "224698000", "incomeBeforeTax": "213459000", "incomeTaxExpense": "83860000", "interestAndDebtExpense": "None", "netIncomeFromContinuingOperations": "129599000", "comprehensiveIncomeNetOfTax": "None", "ebit": "376276000", "ebitda": "600974000", "netIncome": "140709000"}, {"fiscalDateEnding": "2009-12-31", "reportedCurrency": "USD", "grossProfit": "399076000", "totalRevenue": "3958806000", "costOfRevenue": "3559730000", "costofGoodsAndServicesSold": "3559730000", "operatingIncome": "119531000", "sellingGeneralAndAdministrative": "223013000", "researchAndDevelopment": "0", "operatingExpenses": "276565000", "investmentIncomeNet": "None", "netInterestIncome": "None", "interestIncome": "None", "interestExpense": "141360000", "nonInterestIncome": "None", "otherNonOperatingIncome": "3592000", "depreciation": "None", "depreciationAndAmortization": "221426000", "incomeBeforeTax": "-18237000", "incomeTaxExpense": "-7218000", "interestAndDebtExpense": "None", "netIncomeFromContinuingOperations": "-11019000", "comprehensiveIncomeNetOfTax": "None", "ebit": "114149000", "ebitda": "335575000", "netIncome": "-8184000"}, {"fiscalDateEnding": "2008-12-31", "reportedCurrency": "USD", "grossProfit": "1231259000", "totalRevenue": "8080521000", "costOfRevenue": "6849262000", "costofGoodsAndServicesSold": "6849262000", "operatingIncome": "855240000", "sellingGeneralAndAdministrative": "267688000", "researchAndDevelopment": "None", "operatingExpenses": "376019000", "investmentIncomeNet": "None", "netInterestIncome": "None", "interestIncome": "None", "interestExpense": "144574000", "nonInterestIncome": "None", "otherNonOperatingIncome": "None", "depreciation": "None", "depreciationAndAmortization": "208752000", "incomeBeforeTax": "743813000", "incomeTaxExpense": "280427000", "interestAndDebtExpense": "None", "netIncomeFromContinuingOperations": "None", "comprehensiveIncomeNetOfTax": "None", "ebit": "879515000", "ebitda": "1088267000", "netIncome": "463386000"}, {"fiscalDateEnding": "2007-12-31", "reportedCurrency": "USD", "grossProfit": "915694000", "totalRevenue": "4384549000", "costOfRevenue": "3468855000", "costofGoodsAndServicesSold": "3468855000", "operatingIncome": "691154000", "sellingGeneralAndAdministrative": "224540000", "researchAndDevelopment": "None", "operatingExpenses": "224540000", "investmentIncomeNet": "None", "netInterestIncome": "None", "interestIncome": "None", "interestExpense": "55416000", "nonInterestIncome": "None", "otherNonOperatingIncome": "None", "depreciation": "None", "depreciationAndAmortization": "138136000", "incomeBeforeTax": "630238000", "incomeTaxExpense": "235672000", "interestAndDebtExpense": "None", "netIncomeFromContinuingOperations": "None", "comprehensiveIncomeNetOfTax": "None", "ebit": "553018000", "ebitda": "691154000", "netIncome": "394566000"}, {"fiscalDateEnding": "2006-12-31", "reportedCurrency": "USD", "grossProfit": "829992000", "totalRevenue": "3238787000", "costOfRevenue": "2408795000", "costofGoodsAndServicesSold": "2408795000", "operatingIncome": "659114000", "sellingGeneralAndAdministrative": "170878000", "researchAndDevelopment": "None", "operatingExpenses": "170878000", "investmentIncomeNet": "None", "netInterestIncome": "None", "interestIncome": "None", "interestExpense": "32104000", "nonInterestIncome": "None", "otherNonOperatingIncome": "None", "depreciation": "None", "depreciationAndAmortization": "114812000", "incomeBeforeTax": "631555000", "incomeTaxExpense": "234848000", "interestAndDebtExpense": "None", "netIncomeFromContinuingOperations": "None", "comprehensiveIncomeNetOfTax": "None", "ebit": "654569000", "ebitda": "769381000", "netIncome": "396707000"}, {"fiscalDateEnding": "2005-12-31", "reportedCurrency": "USD", "grossProfit": "485149000", "totalRevenue": "2184866000", "costOfRevenue": "1699717000", "costofGoodsAndServicesSold": "1699717000", "operatingIncome": "393175000", "sellingGeneralAndAdministrative": "91974000", "researchAndDevelopment": "None", "operatingExpenses": "91974000", "investmentIncomeNet": "None", "netInterestIncome": "None", "interestIncome": "None", "interestExpense": "34341000", "nonInterestIncome": "None", "otherNonOperatingIncome": "None", "depreciation": "None", "depreciationAndAmortization": "91865000", "incomeBeforeTax": "360626000", "incomeTaxExpense": "138841000", "interestAndDebtExpense": "None", "netIncomeFromContinuingOperations": "None", "comprehensiveIncomeNetOfTax": "None", "ebit": "391383000", "ebitda": "483248000", "netIncome": "221785000"}], "quarterlyReports": [{"fiscalDateEnding": "2024-12-31", "reportedCurrency": "USD", "grossProfit": "441734000", "totalRevenue": "3872138000", "costOfRevenue": "3430404000", "costofGoodsAndServicesSold": "3430404000", "operatingIncome": "237502000", "sellingGeneralAndAdministrative": "176904000", "researchAndDevelopment": "None", "operatingExpenses": "204232000", "investmentIncomeNet": "None", "netInterestIncome": "-14579000", "interestIncome": "None", "interestExpense": "14579000", "nonInterestIncome": "None", "otherNonOperatingIncome": "None", "depreciation": "None", "depreciationAndAmortization": "125550000", "incomeBeforeTax": "243963000", "incomeTaxExpense": "34091000", "interestAndDebtExpense": "None", "netIncomeFromContinuingOperations": "209872000", "comprehensiveIncomeNetOfTax": "None", "ebit": "258542000", "ebitda": "384092000", "netIncome": "207293000"}, {"fiscalDateEnding": "2024-09-30", "reportedCurrency": "USD", "grossProfit": "605217000", "totalRevenue": "4341615000", "costOfRevenue": "3736398000", "costofGoodsAndServicesSold": "3736398000", "operatingIncome": "395437000", "sellingGeneralAndAdministrative": "167692000", "researchAndDevelopment": "None", "operatingExpenses": "209780000", "investmentIncomeNet": "None", "netInterestIncome": "-17071000", "interestIncome": "None", "interestExpense": "17071000", "nonInterestIncome": "None", "otherNonOperatingIncome": "None", "depreciation": "None", "depreciationAndAmortization": "121052000", "incomeBeforeTax": "408025000", "incomeTaxExpense": "87131000", "interestAndDebtExpense": "None", "netIncomeFromContinuingOperations": "320894000", "comprehensiveIncomeNetOfTax": "None", "ebit": "425096000", "ebitda": "546148000", "netIncome": "317802000"}, {"fiscalDateEnding": "2024-06-30", "reportedCurrency": "USD", "grossProfit": "767192000", "totalRevenue": "4632634000", "costOfRevenue": "3865442000", "costofGoodsAndServicesSold": "3865442000", "operatingIncome": "559123000", "sellingGeneralAndAdministrative": "160016000", "researchAndDevelopment": "None", "operatingExpenses": "208069000", "investmentIncomeNet": "None", "netInterestIncome": "-12719000", "interestIncome": "None", "interestExpense": "12719000", "nonInterestIncome": "None", "otherNonOperatingIncome": "None", "depreciation": "None", "depreciationAndAmortization": "117053000", "incomeBeforeTax": "565112000", "incomeTaxExpense": "133422000", "interestAndDebtExpense": "None", "netIncomeFromContinuingOperations": "431690000", "comprehensiveIncomeNetOfTax": "None", "ebit": "559123000", "ebitda": "676176000", "netIncome": "427998000"}, {"fiscalDateEnding": "2024-03-31", "reportedCurrency": "USD", "grossProfit": "973134000", "totalRevenue": "4694003000", "costOfRevenue": "3720869000", "costofGoodsAndServicesSold": "3720869000", "operatingIncome": "750975000", "sellingGeneralAndAdministrative": "159507000", "researchAndDevelopment": "None", "operatingExpenses": "222159000", "investmentIncomeNet": "None", "netInterestIncome": "-11978000", "interestIncome": "None", "interestExpense": "11978000", "nonInterestIncome": "None", "otherNonOperatingIncome": "None", "depreciation": "None", "depreciationAndAmortization": "115252000", "incomeBeforeTax": "765781000", "incomeTaxExpense": "178281000", "interestAndDebtExpense": "None", "netIncomeFromContinuingOperations": "587500000", "comprehensiveIncomeNetOfTax": "None", "ebit": "750975000", "ebitda": "866227000", "netIncome": "584041000"}, {"fiscalDateEnding": "2023-12-31", "reportedCurrency": "USD", "grossProfit": "722798000", "totalRevenue": "4233423000", "costOfRevenue": "3510625000", "costofGoodsAndServicesSold": "3510625000", "operatingIncome": "518535999", "sellingGeneralAndAdministrative": "656392000", "researchAndDevelopment": "None", "operatingExpenses": "204262000", "investmentIncomeNet": "None", "netInterestIncome": "-14795000", "interestIncome": "None", "interestExpense": "14795000", "nonInterestIncome": "None", "otherNonOperatingIncome": "None", "depreciation": "None", "depreciationAndAmortization": "111722000", "incomeBeforeTax": "542239000", "incomeTaxExpense": "115199000", "interestAndDebtExpense": "None", "netIncomeFromContinuingOperations": "427040000", "comprehensiveIncomeNetOfTax": "None", "ebit": "518536000", "ebitda": "630258000", "netIncome": "424270000"}, {"fiscalDateEnding": "2023-09-30", "reportedCurrency": "USD", "grossProfit": "952019000", "totalRevenue": "4587057000", "costOfRevenue": "3635038000", "costofGoodsAndServicesSold": "3635038000", "operatingIncome": "733550000", "sellingGeneralAndAdministrative": "210309000", "researchAndDevelopment": "None", "operatingExpenses": "218469000", "investmentIncomeNet": "None", "netInterestIncome": "-18415000", "interestIncome": "None", "interestExpense": "18415000", "nonInterestIncome": "None", "otherNonOperatingIncome": "None", "depreciation": "None", "depreciationAndAmortization": "107418000", "incomeBeforeTax": "754599000", "incomeTaxExpense": "174817000", "interestAndDebtExpense": "None", "netIncomeFromContinuingOperations": "579782000", "comprehensiveIncomeNetOfTax": "None", "ebit": "773014000", "ebitda": "880432000", "netIncome": "577195000"}, {"fiscalDateEnding": "2023-06-30", "reportedCurrency": "USD", "grossProfit": "1306858000", "totalRevenue": "5081630000", "costOfRevenue": "3774772000", "costofGoodsAndServicesSold": "3774772000", "operatingIncome": "1063735000", "sellingGeneralAndAdministrative": "232199000", "researchAndDevelopment": "None", "operatingExpenses": "243123000", "investmentIncomeNet": "None", "netInterestIncome": "-20767000", "interestIncome": "None", "interestExpense": "20767000", "nonInterestIncome": "None", "otherNonOperatingIncome": "31348000", "depreciation": "None", "depreciationAndAmortization": "110970000", "incomeBeforeTax": "1074316000", "incomeTaxExpense": "258139000", "interestAndDebtExpense": "None", "netIncomeFromContinuingOperations": "816177000", "comprehensiveIncomeNetOfTax": "None", "ebit": "1095083000", "ebitda": "1206053000", "netIncome": "812107000"}, {"fiscalDateEnding": "2023-03-31", "reportedCurrency": "USD", "grossProfit": "1056122000", "totalRevenue": "4893206000", "costOfRevenue": "3837084000", "costofGoodsAndServicesSold": "3837084000", "operatingIncome": "835360000", "sellingGeneralAndAdministrative": "213884000", "researchAndDevelopment": "None", "operatingExpenses": "220762000", "investmentIncomeNet": "None", "netInterestIncome": "-22507000", "interestIncome": "None", "interestExpense": "22507000", "nonInterestIncome": "None", "otherNonOperatingIncome": "34936000", "depreciation": "None", "depreciationAndAmortization": "107694000", "incomeBeforeTax": "847789000", "incomeTaxExpense": "203456000", "interestAndDebtExpense": "None", "netIncomeFromContinuingOperations": "644333000", "comprehensiveIncomeNetOfTax": "None", "ebit": "870296000", "ebitda": "977990000", "netIncome": "637310000"}, {"fiscalDateEnding": "2022-12-31", "reportedCurrency": "USD", "grossProfit": "987547000", "totalRevenue": "4826287000", "costOfRevenue": "3838740000", "costofGoodsAndServicesSold": "3838740000", "operatingIncome": "759048000", "sellingGeneralAndAdministrative": "221820000", "researchAndDevelopment": "None", "operatingExpenses": "228499000", "investmentIncomeNet": "None", "netInterestIncome": "-23855000", "interestIncome": "None", "interestExpense": "23855000", "nonInterestIncome": "None", "otherNonOperatingIncome": "None", "depreciation": "None", "depreciationAndAmortization": "102241000", "incomeBeforeTax": "758450000", "incomeTaxExpense": "119439000", "interestAndDebtExpense": "None", "netIncomeFromContinuingOperations": "639011000", "comprehensiveIncomeNetOfTax": "None", "ebit": "782305000", "ebitda": "884546000", "netIncome": "634864000"}, {"fiscalDateEnding": "2022-09-30", "reportedCurrency": "USD", "grossProfit": "1464429000", "totalRevenue": "5651707000", "costOfRevenue": "4187278000", "costofGoodsAndServicesSold": "4187278000", "operatingIncome": "1219844000", "sellingGeneralAndAdministrative": "237749000", "researchAndDevelopment": "None", "operatingExpenses": "244585000", "investmentIncomeNet": "None", "netInterestIncome": "-25347000", "interestIncome": "None", "interestExpense": "25347000", "nonInterestIncome": "None", "otherNonOperatingIncome": "13975000", "depreciation": "None", "depreciationAndAmortization": "98714000", "incomeBeforeTax": "1208472000", "incomeTaxExpense": "289997000", "interestAndDebtExpense": "None", "netIncomeFromContinuingOperations": "918475000", "comprehensiveIncomeNetOfTax": "None", "ebit": "1233819000", "ebitda": "1332533000", "netIncome": "914325000"}, {"fiscalDateEnding": "2022-06-30", "reportedCurrency": "USD", "grossProfit": "1883342000", "totalRevenue": "6212878000", "costOfRevenue": "4329536000", "costofGoodsAndServicesSold": "4329536000", "operatingIncome": "1618063000", "sellingGeneralAndAdministrative": "258119000", "researchAndDevelopment": "None", "operatingExpenses": "265279000", "investmentIncomeNet": "None", "netInterestIncome": "-25667000", "interestIncome": "None", "interestExpense": "25667000", "nonInterestIncome": "None", "otherNonOperatingIncome": "4021000", "depreciation": "None", "depreciationAndAmortization": "95701000", "incomeBeforeTax": "1596417000", "incomeTaxExpense": "381765000", "interestAndDebtExpense": "None", "netIncomeFromContinuingOperations": "1214652000", "comprehensiveIncomeNetOfTax": "None", "ebit": "1622084000", "ebitda": "1717785000", "netIncome": "1209554000"}, {"fiscalDateEnding": "2022-03-31", "reportedCurrency": "USD", "grossProfit": "1782513000", "totalRevenue": "5569902000", "costOfRevenue": "3787389000", "costofGoodsAndServicesSold": "3787389000", "operatingIncome": "1494867000", "sellingGeneralAndAdministrative": "280484000", "researchAndDevelopment": "None", "operatingExpenses": "287646000", "investmentIncomeNet": "None", "netInterestIncome": "-16669000", "interestIncome": "None", "interestExpense": "16669000", "nonInterestIncome": "None", "otherNonOperatingIncome": "-20468000", "depreciation": "None", "depreciationAndAmortization": "87546000", "incomeBeforeTax": "1457730000", "incomeTaxExpense": "350376000", "interestAndDebtExpense": "None", "netIncomeFromContinuingOperations": "1107354000", "comprehensiveIncomeNetOfTax": "None", "ebit": "1474399000", "ebitda": "1561945000", "netIncome": "1103931000"}, {"fiscalDateEnding": "2021-12-31", "reportedCurrency": "USD", "grossProfit": "1761837000", "totalRevenue": "5310657000", "costOfRevenue": "3548820000", "costofGoodsAndServicesSold": "3548820000", "operatingIncome": "1429126000", "sellingGeneralAndAdministrative": "325533000", "researchAndDevelopment": "None", "operatingExpenses": "332711000", "investmentIncomeNet": "None", "netInterestIncome": "-12338000", "interestIncome": "None", "interestExpense": "12338000", "nonInterestIncome": "None", "otherNonOperatingIncome": "-7940000", "depreciation": "None", "depreciationAndAmortization": "86280000", "incomeBeforeTax": "1408848000", "incomeTaxExpense": "313151000", "interestAndDebtExpense": "None", "netIncomeFromContinuingOperations": "1095697000", "comprehensiveIncomeNetOfTax": "None", "ebit": "1421186000", "ebitda": "1507466000", "netIncome": "1090505000"}, {"fiscalDateEnding": "2021-09-30", "reportedCurrency": "USD", "grossProfit": "1600629000", "totalRevenue": "5088288000", "costOfRevenue": "3487659000", "costofGoodsAndServicesSold": "3487659000", "operatingIncome": "1322045000", "sellingGeneralAndAdministrative": "271406000", "researchAndDevelopment": "None", "operatingExpenses": "278584000", "investmentIncomeNet": "None", "netInterestIncome": "-12704000", "interestIncome": "None", "interestExpense": "12704000", "nonInterestIncome": "None", "otherNonOperatingIncome": "-6776000", "depreciation": "None", "depreciationAndAmortization": "87407000", "incomeBeforeTax": "1302565000", "incomeTaxExpense": "302406000", "interestAndDebtExpense": "None", "netIncomeFromContinuingOperations": "1000159000", "comprehensiveIncomeNetOfTax": "None", "ebit": "1315269000", "ebitda": "1402676000", "netIncome": "990763000"}, {"fiscalDateEnding": "2021-06-30", "reportedCurrency": "USD", "grossProfit": "1199692000", "totalRevenue": "4465308000", "costOfRevenue": "3265616000", "costofGoodsAndServicesSold": "3265616000", "operatingIncome": "955735000", "sellingGeneralAndAdministrative": "236519000", "researchAndDevelopment": "None", "operatingExpenses": "243957000", "investmentIncomeNet": "None", "netInterestIncome": "-14898000", "interestIncome": "None", "interestExpense": "14898000", "nonInterestIncome": "None", "otherNonOperatingIncome": "-10039000", "depreciation": "None", "depreciationAndAmortization": "87047000", "incomeBeforeTax": "930798000", "incomeTaxExpense": "218595000", "interestAndDebtExpense": "None", "netIncomeFromContinuingOperations": "712203000", "comprehensiveIncomeNetOfTax": "None", "ebit": "945696000", "ebitda": "1032743000", "netIncome": "702291000"}, {"fiscalDateEnding": "2021-03-31", "reportedCurrency": "USD", "grossProfit": "800266000", "totalRevenue": "3544597000", "costOfRevenue": "2744331000", "costofGoodsAndServicesSold": "2744331000", "operatingIncome": "594199000", "sellingGeneralAndAdministrative": "198629000", "researchAndDevelopment": "None", "operatingExpenses": "206067000", "investmentIncomeNet": "None", "netInterestIncome": "-17269000", "interestIncome": "None", "interestExpense": "17269000", "nonInterestIncome": "None", "otherNonOperatingIncome": "-10071000", "depreciation": "None", "depreciationAndAmortization": "86919000", "incomeBeforeTax": "566859000", "incomeTaxExpense": "128104000", "interestAndDebtExpense": "None", "netIncomeFromContinuingOperations": "438755000", "comprehensiveIncomeNetOfTax": "None", "ebit": "584128000", "ebitda": "671047000", "netIncome": "430507000"}, {"fiscalDateEnding": "2020-12-31", "reportedCurrency": "USD", "grossProfit": "442253000", "totalRevenue": "2601245000", "costOfRevenue": "2158992000", "costofGoodsAndServicesSold": "2158992000", "operatingIncome": "258750000", "sellingGeneralAndAdministrative": "156422000", "researchAndDevelopment": "None", "operatingExpenses": "164094000", "investmentIncomeNet": "None", "netInterestIncome": "-20206000", "interestIncome": "None", "interestExpense": "20206000", "nonInterestIncome": "None", "otherNonOperatingIncome": "-17727000", "depreciation": "None", "depreciationAndAmortization": "85057000", "incomeBeforeTax": "220817000", "incomeTaxExpense": "23867000", "interestAndDebtExpense": "None", "netIncomeFromContinuingOperations": "196950000", "comprehensiveIncomeNetOfTax": "None", "ebit": "278159000", "ebitda": "363216000", "netIncome": "187843000"}, {"fiscalDateEnding": "2020-09-30", "reportedCurrency": "USD", "grossProfit": "292815000", "totalRevenue": "2330832000", "costOfRevenue": "2038017000", "costofGoodsAndServicesSold": "2038017000", "operatingIncome": "155856000", "sellingGeneralAndAdministrative": "130013000", "researchAndDevelopment": "None", "operatingExpenses": "136959000", "investmentIncomeNet": "None", "netInterestIncome": "-18950000", "interestIncome": "None", "interestExpense": "18950000", "nonInterestIncome": "None", "otherNonOperatingIncome": "-3546000", "depreciation": "None", "depreciationAndAmortization": "81752000", "incomeBeforeTax": "133360000", "incomeTaxExpense": "29083000", "interestAndDebtExpense": "None", "netIncomeFromContinuingOperations": "104277000", "comprehensiveIncomeNetOfTax": "None", "ebit": "152310000", "ebitda": "234062000", "netIncome": "100143000"}, {"fiscalDateEnding": "2020-06-30", "reportedCurrency": "USD", "grossProfit": "284431000", "totalRevenue": "2094305000", "costOfRevenue": "1809874000", "costofGoodsAndServicesSold": "1809874000", "operatingIncome": "158850000", "sellingGeneralAndAdministrative": "118391000", "researchAndDevelopment": "None", "operatingExpenses": "125581000", "investmentIncomeNet": "None", "netInterestIncome": "-27702000", "interestIncome": "27702000", "interestExpense": "27702000", "nonInterestIncome": "None", "otherNonOperatingIncome": "-28103000", "depreciation": "None", "depreciationAndAmortization": "78721000", "incomeBeforeTax": "103045000", "incomeTaxExpense": "24280000", "interestAndDebtExpense": "None", "netIncomeFromContinuingOperations": "78765000", "comprehensiveIncomeNetOfTax": "None", "ebit": "130747000", "ebitda": "209468000", "netIncome": "75496000"}, {"fiscalDateEnding": "2020-03-31", "reportedCurrency": "USD", "grossProfit": "415229000", "totalRevenue": "2575100000", "costOfRevenue": "2159871000", "costofGoodsAndServicesSold": "2159871000", "operatingIncome": "273686000", "sellingGeneralAndAdministrative": "134352000", "researchAndDevelopment": "None", "operatingExpenses": "141543000", "investmentIncomeNet": "None", "netInterestIncome": "-28019000", "interestIncome": "28019000", "interestExpense": "28019000", "nonInterestIncome": "None", "otherNonOperatingIncome": "2589000", "depreciation": "None", "depreciationAndAmortization": "80259000", "incomeBeforeTax": "248256000", "incomeTaxExpense": "57420000", "interestAndDebtExpense": "None", "netIncomeFromContinuingOperations": "190836000", "comprehensiveIncomeNetOfTax": "None", "ebit": "276275000", "ebitda": "356534000", "netIncome": "187340000"}, {"fiscalDateEnding": "2019-12-31", "reportedCurrency": "USD", "grossProfit": "316409000", "totalRevenue": "2370491000", "costOfRevenue": "2054082000", "costofGoodsAndServicesSold": "2054082000", "operatingIncome": "181961000", "sellingGeneralAndAdministrative": "125601000", "researchAndDevelopment": "None", "operatingExpenses": "134448000", "investmentIncomeNet": "None", "netInterestIncome": "-32322000", "interestIncome": "32322000", "interestExpense": "32322000", "nonInterestIncome": "None", "otherNonOperatingIncome": "424000", "depreciation": "None", "depreciationAndAmortization": "80527000", "incomeBeforeTax": "150063000", "incomeTaxExpense": "26344000", "interestAndDebtExpense": "None", "netIncomeFromContinuingOperations": "123719000", "comprehensiveIncomeNetOfTax": "None", "ebit": "182385000", "ebitda": "262912000", "netIncome": "121425000"}, {"fiscalDateEnding": "2019-09-30", "reportedCurrency": "USD", "grossProfit": "359839000", "totalRevenue": "2526845000", "costOfRevenue": "2167006000", "costofGoodsAndServicesSold": "2167006000", "operatingIncome": "228045000", "sellingGeneralAndAdministrative": "125090000", "researchAndDevelopment": "None", "operatingExpenses": "131794000", "investmentIncomeNet": "None", "netInterestIncome": "-31339000", "interestIncome": "31339000", "interestExpense": "31339000", "nonInterestIncome": "None", "otherNonOperatingIncome": "4545000", "depreciation": "None", "depreciationAndAmortization": "79470000", "incomeBeforeTax": "201251000", "incomeTaxExpense": "48643000", "interestAndDebtExpense": "None", "netIncomeFromContinuingOperations": "152608000", "comprehensiveIncomeNetOfTax": "None", "ebit": "232590000", "ebitda": "312060000", "netIncome": "151048000"}, {"fiscalDateEnding": "2019-06-30", "reportedCurrency": "USD", "grossProfit": "421166000", "totalRevenue": "2770515000", "costOfRevenue": "2349349000", "costofGoodsAndServicesSold": "2349349000", "operatingIncome": "285032000", "sellingGeneralAndAdministrative": "129121000", "researchAndDevelopment": "None", "operatingExpenses": "136134000", "investmentIncomeNet": "None", "netInterestIncome": "-32321000", "interestIncome": "32321000", "interestExpense": "32321000", "nonInterestIncome": "None", "otherNonOperatingIncome": "4249000", "depreciation": "None", "depreciationAndAmortization": "80911000", "incomeBeforeTax": "256960000", "incomeTaxExpense": "60214000", "interestAndDebtExpense": "None", "netIncomeFromContinuingOperations": "196746000", "comprehensiveIncomeNetOfTax": "None", "ebit": "289281000", "ebitda": "370192000", "netIncome": "194302000"}, {"fiscalDateEnding": "2019-03-31", "reportedCurrency": "USD", "grossProfit": "433570000", "totalRevenue": "2817435000", "costOfRevenue": "2383865000", "costofGoodsAndServicesSold": "2383865000", "operatingIncome": "291842000", "sellingGeneralAndAdministrative": "134715000", "researchAndDevelopment": "None", "operatingExpenses": "141728000", "investmentIncomeNet": "None", "netInterestIncome": "-31122000", "interestIncome": "None", "interestExpense": "31122000", "nonInterestIncome": "None", "otherNonOperatingIncome": "6343000", "depreciation": "None", "depreciationAndAmortization": "80174000", "incomeBeforeTax": "267063000", "incomeTaxExpense": "62236000", "interestAndDebtExpense": "None", "netIncomeFromContinuingOperations": "204827000", "comprehensiveIncomeNetOfTax": "None", "ebit": "298185000", "ebitda": "378359000", "netIncome": "204328000"}, {"fiscalDateEnding": "2018-12-31", "reportedCurrency": "USD", "grossProfit": "521235000", "totalRevenue": "2903892000", "costOfRevenue": "2382657000", "costofGoodsAndServicesSold": "2382657000", "operatingIncome": "365553000", "sellingGeneralAndAdministrative": "148248000", "researchAndDevelopment": "0", "operatingExpenses": "155682000", "investmentIncomeNet": "None", "netInterestIncome": "None", "interestIncome": "None", "interestExpense": "31652000", "nonInterestIncome": "None", "otherNonOperatingIncome": "7384000", "depreciation": "None", "depreciationAndAmortization": "80560000", "incomeBeforeTax": "341285000", "incomeTaxExpense": "71433000", "interestAndDebtExpense": "None", "netIncomeFromContinuingOperations": "269852000", "comprehensiveIncomeNetOfTax": "None", "ebit": "372937000", "ebitda": "453497000", "netIncome": "270004000"}, {"fiscalDateEnding": "2018-09-30", "reportedCurrency": "USD", "grossProfit": "686081000", "totalRevenue": "3223547000", "costOfRevenue": "2537466000", "costofGoodsAndServicesSold": "2537466000", "operatingIncome": "531572000", "sellingGeneralAndAdministrative": "147918000", "researchAndDevelopment": "0", "operatingExpenses": "154509000", "investmentIncomeNet": "None", "netInterestIncome": "None", "interestIncome": "None", "interestExpense": "31560000", "nonInterestIncome": "None", "otherNonOperatingIncome": "7103000", "depreciation": "None", "depreciationAndAmortization": "81383000", "incomeBeforeTax": "507115000", "incomeTaxExpense": "109209000", "interestAndDebtExpense": "None", "netIncomeFromContinuingOperations": "397906000", "comprehensiveIncomeNetOfTax": "None", "ebit": "538675000", "ebitda": "620058000", "netIncome": "398375000"}, {"fiscalDateEnding": "2018-06-30", "reportedCurrency": "USD", "grossProfit": "652082000", "totalRevenue": "3090525000", "costOfRevenue": "2438443000", "costofGoodsAndServicesSold": "2438443000", "operatingIncome": "501887000", "sellingGeneralAndAdministrative": "143366000", "researchAndDevelopment": "0", "operatingExpenses": "150195000", "investmentIncomeNet": "None", "netInterestIncome": "None", "interestIncome": "None", "interestExpense": "31512000", "nonInterestIncome": "None", "otherNonOperatingIncome": "5035000", "depreciation": "None", "depreciationAndAmortization": "79120000", "incomeBeforeTax": "475410000", "incomeTaxExpense": "112838000", "interestAndDebtExpense": "None", "netIncomeFromContinuingOperations": "362572000", "comprehensiveIncomeNetOfTax": "None", "ebit": "506922000", "ebitda": "586042000", "netIncome": "362449000"}, {"fiscalDateEnding": "2018-03-31", "reportedCurrency": "USD", "grossProfit": "463416000", "totalRevenue": "2603875000", "costOfRevenue": "2140459000", "costofGoodsAndServicesSold": "2140459000", "operatingIncome": "323397000", "sellingGeneralAndAdministrative": "133093000", "researchAndDevelopment": "0", "operatingExpenses": "140019000", "investmentIncomeNet": "None", "netInterestIncome": "None", "interestIncome": "None", "interestExpense": "31896000", "nonInterestIncome": "None", "otherNonOperatingIncome": "4463000", "depreciation": "None", "depreciationAndAmortization": "76135000", "incomeBeforeTax": "295964000", "incomeTaxExpense": "70489000", "interestAndDebtExpense": "None", "netIncomeFromContinuingOperations": "225475000", "comprehensiveIncomeNetOfTax": "None", "ebit": "327860000", "ebitda": "403995000", "netIncome": "227551000"}, {"fiscalDateEnding": "2017-12-31", "reportedCurrency": "USD", "grossProfit": "320824000", "totalRevenue": "2336479000", "costOfRevenue": "2015655000", "costofGoodsAndServicesSold": "2015655000", "operatingIncome": "195947000", "sellingGeneralAndAdministrative": "117804000", "researchAndDevelopment": "0", "operatingExpenses": "124877000", "investmentIncomeNet": "None", "netInterestIncome": "None", "interestIncome": "None", "interestExpense": "32380000", "nonInterestIncome": "None", "otherNonOperatingIncome": "-2215000", "depreciation": "None", "depreciationAndAmortization": "74931000", "incomeBeforeTax": "161352000", "incomeTaxExpense": "-141819000", "interestAndDebtExpense": "None", "netIncomeFromContinuingOperations": "303171000", "comprehensiveIncomeNetOfTax": "None", "ebit": "193732000", "ebitda": "268663000", "netIncome": "304733000"}, {"fiscalDateEnding": "2017-09-30", "reportedCurrency": "USD", "grossProfit": "396518000", "totalRevenue": "2443382000", "costOfRevenue": "2046864000", "costofGoodsAndServicesSold": "2046864000", "operatingIncome": "271015000", "sellingGeneralAndAdministrative": "118231000", "researchAndDevelopment": "0", "operatingExpenses": "125503000", "investmentIncomeNet": "None", "netInterestIncome": "None", "interestIncome": "None", "interestExpense": "34177000", "nonInterestIncome": "None", "otherNonOperatingIncome": "-2526000", "depreciation": "None", "depreciationAndAmortization": "75210000", "incomeBeforeTax": "234312000", "incomeTaxExpense": "83300000", "interestAndDebtExpense": "None", "netIncomeFromContinuingOperations": "151012000", "comprehensiveIncomeNetOfTax": "None", "ebit": "268489000", "ebitda": "343699000", "netIncome": "153258000"}, {"fiscalDateEnding": "2017-06-30", "reportedCurrency": "USD", "grossProfit": "392518000", "totalRevenue": "2390720000", "costOfRevenue": "1998202000", "costofGoodsAndServicesSold": "1998202000", "operatingIncome": "265353000", "sellingGeneralAndAdministrative": "119741000", "researchAndDevelopment": "0", "operatingExpenses": "127165000", "investmentIncomeNet": "None", "netInterestIncome": "None", "interestIncome": "None", "interestExpense": "33869000", "nonInterestIncome": "None", "otherNonOperatingIncome": "3835000", "depreciation": "None", "depreciationAndAmortization": "73801000", "incomeBeforeTax": "235319000", "incomeTaxExpense": "82372000", "interestAndDebtExpense": "None", "netIncomeFromContinuingOperations": "152947000", "comprehensiveIncomeNetOfTax": "None", "ebit": "269188000", "ebitda": "342989000", "netIncome": "153933000"}, {"fiscalDateEnding": "2017-03-31", "reportedCurrency": "USD", "grossProfit": "472154000", "totalRevenue": "2368216000", "costOfRevenue": "1896062000", "costofGoodsAndServicesSold": "1896062000", "operatingIncome": "334566000", "sellingGeneralAndAdministrative": "130164000", "researchAndDevelopment": "0", "operatingExpenses": "137588000", "investmentIncomeNet": "None", "netInterestIncome": "None", "interestIncome": "None", "interestExpense": "33973000", "nonInterestIncome": "None", "otherNonOperatingIncome": "3659000", "depreciation": "None", "depreciationAndAmortization": "75057000", "incomeBeforeTax": "304252000", "incomeTaxExpense": "105586000", "interestAndDebtExpense": "None", "netIncomeFromContinuingOperations": "198666000", "comprehensiveIncomeNetOfTax": "None", "ebit": "338225000", "ebitda": "413282000", "netIncome": "200817000"}, {"fiscalDateEnding": "2016-12-31", "reportedCurrency": "USD", "grossProfit": "309942000", "totalRevenue": "1910596000", "costOfRevenue": "1600654000", "costofGoodsAndServicesSold": "1600654000", "operatingIncome": "56024000", "sellingGeneralAndAdministrative": "113673000", "researchAndDevelopment": "0", "operatingExpenses": "121079000", "investmentIncomeNet": "None", "netInterestIncome": "None", "interestIncome": "None", "interestExpense": "36149000", "nonInterestIncome": "None", "otherNonOperatingIncome": "-17055000", "depreciation": "None", "depreciationAndAmortization": "73139000", "incomeBeforeTax": "2820000", "incomeTaxExpense": "-1012000", "interestAndDebtExpense": "None", "netIncomeFromContinuingOperations": "3832000", "comprehensiveIncomeNetOfTax": "None", "ebit": "188863000", "ebitda": "262002000", "netIncome": "20012000"}, {"fiscalDateEnding": "2016-09-30", "reportedCurrency": "USD", "grossProfit": "408503000", "totalRevenue": "2101310000", "costOfRevenue": "1692807000", "costofGoodsAndServicesSold": "1692807000", "operatingIncome": "283855000", "sellingGeneralAndAdministrative": "117440000", "researchAndDevelopment": "0", "operatingExpenses": "124648000", "investmentIncomeNet": "None", "netInterestIncome": "None", "interestIncome": "None", "interestExpense": "36199000", "nonInterestIncome": "None", "otherNonOperatingIncome": "-4351000", "depreciation": "None", "depreciationAndAmortization": "74190000", "incomeBeforeTax": "243305000", "incomeTaxExpense": "88892000", "interestAndDebtExpense": "None", "netIncomeFromContinuingOperations": "154413000", "comprehensiveIncomeNetOfTax": "None", "ebit": "279504000", "ebitda": "353694000", "netIncome": "157397000"}, {"fiscalDateEnding": "2016-06-30", "reportedCurrency": "USD", "grossProfit": "380383000", "totalRevenue": "2023902000", "costOfRevenue": "1643519000", "costofGoodsAndServicesSold": "1643519000", "operatingIncome": "256122000", "sellingGeneralAndAdministrative": "117029000", "researchAndDevelopment": "0", "operatingExpenses": "124261000", "investmentIncomeNet": "None", "netInterestIncome": "None", "interestIncome": "None", "interestExpense": "36646000", "nonInterestIncome": "None", "otherNonOperatingIncome": "1818000", "depreciation": "None", "depreciationAndAmortization": "74795000", "incomeBeforeTax": "221294000", "incomeTaxExpense": "80851000", "interestAndDebtExpense": "None", "netIncomeFromContinuingOperations": "141969000", "comprehensiveIncomeNetOfTax": "None", "ebit": "256122000", "ebitda": "330917000", "netIncome": "141969000"}, {"fiscalDateEnding": "2016-03-31", "reportedCurrency": "USD", "grossProfit": "236036000", "totalRevenue": "1741301000", "costOfRevenue": "1505265000", "costofGoodsAndServicesSold": "1505265000", "operatingIncome": "131965000", "sellingGeneralAndAdministrative": "96821000", "researchAndDevelopment": "0", "operatingExpenses": "104071000", "investmentIncomeNet": "None", "netInterestIncome": "None", "interestIncome": "None", "interestExpense": "37043000", "nonInterestIncome": "None", "otherNonOperatingIncome": "1792000", "depreciation": "None", "depreciationAndAmortization": "73985000", "incomeBeforeTax": "96714000", "incomeTaxExpense": "35396000", "interestAndDebtExpense": "None", "netIncomeFromContinuingOperations": "61318000", "comprehensiveIncomeNetOfTax": "None", "ebit": "131965000", "ebitda": "205950000", "netIncome": "62737000"}, {"fiscalDateEnding": "2015-12-31", "reportedCurrency": "USD", "grossProfit": "144207000", "totalRevenue": "1591046000", "costOfRevenue": "1446839000", "costofGoodsAndServicesSold": "1446839000", "operatingIncome": "-381143000", "sellingGeneralAndAdministrative": "90672000", "researchAndDevelopment": "0", "operatingExpenses": "96850000", "investmentIncomeNet": "None", "netInterestIncome": "None", "interestIncome": "None", "interestExpense": "36616000", "nonInterestIncome": "None", "otherNonOperatingIncome": "-164000", "depreciation": "None", "depreciationAndAmortization": "73289000", "incomeBeforeTax": "-417923000", "incomeTaxExpense": "-161607000", "interestAndDebtExpense": "None", "netIncomeFromContinuingOperations": "-256316000", "comprehensiveIncomeNetOfTax": "None", "ebit": "-381307000", "ebitda": "-308018000", "netIncome": "-253239000"}, {"fiscalDateEnding": "2015-09-30", "reportedCurrency": "USD", "grossProfit": "228726000", "totalRevenue": "1950923000", "costOfRevenue": "1722197000", "costofGoodsAndServicesSold": "1722197000", "operatingIncome": "131029000", "sellingGeneralAndAdministrative": "91379000", "researchAndDevelopment": "0", "operatingExpenses": "97697000", "investmentIncomeNet": "None", "netInterestIncome": "None", "interestIncome": "None", "interestExpense": "37084000", "nonInterestIncome": "None", "otherNonOperatingIncome": "-239000", "depreciation": "None", "depreciationAndAmortization": "74211000", "incomeBeforeTax": "93706000", "incomeTaxExpense": "34839000", "interestAndDebtExpense": "None", "netIncomeFromContinuingOperations": "58867000", "comprehensiveIncomeNetOfTax": "None", "ebit": "131029000", "ebitda": "205240000", "netIncome": "60617000"}, {"fiscalDateEnding": "2015-06-30", "reportedCurrency": "USD", "grossProfit": "171743000", "totalRevenue": "2005007000", "costOfRevenue": "1833264000", "costofGoodsAndServicesSold": "1833264000", "operatingIncome": "77559000", "sellingGeneralAndAdministrative": "87691000", "researchAndDevelopment": "0", "operatingExpenses": "94184000", "investmentIncomeNet": "None", "netInterestIncome": "None", "interestIncome": "None", "interestExpense": "37163000", "nonInterestIncome": "None", "otherNonOperatingIncome": "1212000", "depreciation": "None", "depreciationAndAmortization": "74273000", "incomeBeforeTax": "41608000", "incomeTaxExpense": "16283000", "interestAndDebtExpense": "None", "netIncomeFromContinuingOperations": "25325000", "comprehensiveIncomeNetOfTax": "None", "ebit": "77559000", "ebitda": "151832000", "netIncome": "31550000"}, {"fiscalDateEnding": "2015-03-31", "reportedCurrency": "USD", "grossProfit": "187042000", "totalRevenue": "2047435000", "costOfRevenue": "1860393000", "costofGoodsAndServicesSold": "1860393000", "operatingIncome": "99771000", "sellingGeneralAndAdministrative": "80948000", "researchAndDevelopment": "0", "operatingExpenses": "87271000", "investmentIncomeNet": "None", "netInterestIncome": "None", "interestIncome": "None", "interestExpense": "43087000", "nonInterestIncome": "None", "otherNonOperatingIncome": "-16192000", "depreciation": "None", "depreciationAndAmortization": "72822000", "incomeBeforeTax": "40492000", "incomeTaxExpense": "13538000", "interestAndDebtExpense": "None", "netIncomeFromContinuingOperations": "26954000", "comprehensiveIncomeNetOfTax": "None", "ebit": "99771000", "ebitda": "172593000", "netIncome": "30761000"}, {"fiscalDateEnding": "2014-12-31", "reportedCurrency": "USD", "grossProfit": "291624000", "totalRevenue": "2517093000", "costOfRevenue": "2225469000", "costofGoodsAndServicesSold": "2225469000", "operatingIncome": "-81160000", "sellingGeneralAndAdministrative": "105866000", "researchAndDevelopment": "0", "operatingExpenses": "112784000", "investmentIncomeNet": "None", "netInterestIncome": "None", "interestIncome": "None", "interestExpense": "44740000", "nonInterestIncome": "None", "otherNonOperatingIncome": "1433000", "depreciation": "None", "depreciationAndAmortization": "81359000", "incomeBeforeTax": "-124467000", "incomeTaxExpense": "-28421000", "interestAndDebtExpense": "None", "netIncomeFromContinuingOperations": "-96046000", "comprehensiveIncomeNetOfTax": "None", "ebit": "-79727000", "ebitda": "1632000", "netIncome": "-45031000"}, {"fiscalDateEnding": "2014-09-30", "reportedCurrency": "USD", "grossProfit": "288512000", "totalRevenue": "2339016000", "costOfRevenue": "2050504000", "costofGoodsAndServicesSold": "2050504000", "operatingIncome": "188643000", "sellingGeneralAndAdministrative": "93105000", "researchAndDevelopment": "0", "operatingExpenses": "99869000", "investmentIncomeNet": "None", "netInterestIncome": "None", "interestIncome": "None", "interestExpense": "31904000", "nonInterestIncome": "None", "otherNonOperatingIncome": "-22072000", "depreciation": "None", "depreciationAndAmortization": "65957000", "incomeBeforeTax": "134667000", "incomeTaxExpense": "47010000", "interestAndDebtExpense": "None", "netIncomeFromContinuingOperations": "87657000", "comprehensiveIncomeNetOfTax": "None", "ebit": "188643000", "ebitda": "254600000", "netIncome": "91173000"}, {"fiscalDateEnding": "2014-06-30", "reportedCurrency": "USD", "grossProfit": "222771000", "totalRevenue": "2069761000", "costOfRevenue": "1846990000", "costofGoodsAndServicesSold": "1846990000", "operatingIncome": "131905000", "sellingGeneralAndAdministrative": "83932000", "researchAndDevelopment": "0", "operatingExpenses": "90866000", "investmentIncomeNet": "None", "netInterestIncome": "None", "interestIncome": "None", "interestExpense": "30050000", "nonInterestIncome": "None", "otherNonOperatingIncome": "1754000", "depreciation": "None", "depreciationAndAmortization": "58441000", "incomeBeforeTax": "103609000", "incomeTaxExpense": "37268000", "interestAndDebtExpense": "None", "netIncomeFromContinuingOperations": "66341000", "comprehensiveIncomeNetOfTax": "None", "ebit": "131905000", "ebitda": "190346000", "netIncome": "72303000"}, {"fiscalDateEnding": "2014-03-31", "reportedCurrency": "USD", "grossProfit": "163304000", "totalRevenue": "1830082000", "costOfRevenue": "1666778000", "costofGoodsAndServicesSold": "1666778000", "operatingIncome": "80932000", "sellingGeneralAndAdministrative": "75437000", "researchAndDevelopment": "0", "operatingExpenses": "82372000", "investmentIncomeNet": "None", "netInterestIncome": "None", "interestIncome": "None", "interestExpense": "30569000", "nonInterestIncome": "None", "otherNonOperatingIncome": "631000", "depreciation": "None", "depreciationAndAmortization": "57568000", "incomeBeforeTax": "50994000", "incomeTaxExpense": "17296000", "interestAndDebtExpense": "None", "netIncomeFromContinuingOperations": "33698000", "comprehensiveIncomeNetOfTax": "None", "ebit": "80932000", "ebitda": "138500000", "netIncome": "38579000"}, {"fiscalDateEnding": "2013-12-31", "reportedCurrency": "USD", "grossProfit": "197996000", "totalRevenue": "1864150000", "costOfRevenue": "1666154000", "costofGoodsAndServicesSold": "1666154000", "operatingIncome": "107822000", "sellingGeneralAndAdministrative": "82479000", "researchAndDevelopment": "0", "operatingExpenses": "90174000", "investmentIncomeNet": "None", "netInterestIncome": "None", "interestIncome": "None", "interestExpense": "30664000", "nonInterestIncome": "None", "otherNonOperatingIncome": "-111000", "depreciation": "None", "depreciationAndAmortization": "58839000", "incomeBeforeTax": "77047000", "incomeTaxExpense": "29146000", "interestAndDebtExpense": "None", "netIncomeFromContinuingOperations": "47901000", "comprehensiveIncomeNetOfTax": "None", "ebit": "107822000", "ebitda": "166661000", "netIncome": "54655000"}, {"fiscalDateEnding": "2013-09-30", "reportedCurrency": "USD", "grossProfit": "197192000", "totalRevenue": "1911738000", "costOfRevenue": "1714546000", "costofGoodsAndServicesSold": "1714546000", "operatingIncome": "113273000", "sellingGeneralAndAdministrative": "76022000", "researchAndDevelopment": "0", "operatingExpenses": "83919000", "investmentIncomeNet": "None", "netInterestIncome": "None", "interestIncome": "None", "interestExpense": "30970000", "nonInterestIncome": "None", "otherNonOperatingIncome": "1852000", "depreciation": "None", "depreciationAndAmortization": "58202000", "incomeBeforeTax": "84155000", "incomeTaxExpense": "33065000", "interestAndDebtExpense": "None", "netIncomeFromContinuingOperations": "51090000", "comprehensiveIncomeNetOfTax": "None", "ebit": "113273000", "ebitda": "171475000", "netIncome": "57486000"}, {"fiscalDateEnding": "2013-06-30", "reportedCurrency": "USD", "grossProfit": "147692000", "totalRevenue": "1801340000", "costOfRevenue": "1653648000", "costofGoodsAndServicesSold": "1653648000", "operatingIncome": "69198000", "sellingGeneralAndAdministrative": "70135000", "researchAndDevelopment": "0", "operatingExpenses": "78186000", "investmentIncomeNet": "None", "netInterestIncome": "None", "interestIncome": "None", "interestExpense": "31465000", "nonInterestIncome": "None", "otherNonOperatingIncome": "1246000", "depreciation": "None", "depreciationAndAmortization": "56826000", "incomeBeforeTax": "38979000", "incomeTaxExpense": "15706000", "interestAndDebtExpense": "None", "netIncomeFromContinuingOperations": "23273000", "comprehensiveIncomeNetOfTax": "None", "ebit": "70444000", "ebitda": "127270000", "netIncome": "28958000"}, {"fiscalDateEnding": "2013-03-31", "reportedCurrency": "USD", "grossProfit": "176264000", "totalRevenue": "1795696000", "costOfRevenue": "1619432000", "costofGoodsAndServicesSold": "1619432000", "operatingIncome": "96232000", "sellingGeneralAndAdministrative": "71905000", "researchAndDevelopment": "0", "operatingExpenses": "80032000", "investmentIncomeNet": "None", "netInterestIncome": "None", "interestIncome": "None", "interestExpense": "34629000", "nonInterestIncome": "None", "otherNonOperatingIncome": "1046000", "depreciation": "None", "depreciationAndAmortization": "57061000", "incomeBeforeTax": "62649000", "incomeTaxExpense": "21397000", "interestAndDebtExpense": "None", "netIncomeFromContinuingOperations": "41252000", "comprehensiveIncomeNetOfTax": "None", "ebit": "97278000", "ebitda": "154339000", "netIncome": "48215000"}, {"fiscalDateEnding": "2012-12-31", "reportedCurrency": "USD", "grossProfit": "180097000", "totalRevenue": "1705001000", "costOfRevenue": "1524904000", "costofGoodsAndServicesSold": "1524904000", "operatingIncome": "94929000", "sellingGeneralAndAdministrative": "76090000", "researchAndDevelopment": "0", "operatingExpenses": "84812000", "investmentIncomeNet": "None", "netInterestIncome": "None", "interestIncome": "None", "interestExpense": "34877000", "nonInterestIncome": "None", "otherNonOperatingIncome": "3852000", "depreciation": "None", "depreciationAndAmortization": "55189000", "incomeBeforeTax": "63904000", "incomeTaxExpense": "8810000", "interestAndDebtExpense": "None", "netIncomeFromContinuingOperations": "55094000", "comprehensiveIncomeNetOfTax": "None", "ebit": "98781000", "ebitda": "153970000", "netIncome": "60571000"}, {"fiscalDateEnding": "2012-09-30", "reportedCurrency": "USD", "grossProfit": "156401000", "totalRevenue": "1693390000", "costOfRevenue": "1536989000", "costofGoodsAndServicesSold": "1536989000", "operatingIncome": "72721000", "sellingGeneralAndAdministrative": "66938000", "researchAndDevelopment": "0", "operatingExpenses": "75786000", "investmentIncomeNet": "None", "netInterestIncome": "None", "interestIncome": "None", "interestExpense": "41490000", "nonInterestIncome": "None", "otherNonOperatingIncome": "-24010000", "depreciation": "None", "depreciationAndAmortization": "58953000", "incomeBeforeTax": "7221000", "incomeTaxExpense": "1116000", "interestAndDebtExpense": "None", "netIncomeFromContinuingOperations": "6105000", "comprehensiveIncomeNetOfTax": "None", "ebit": "48711000", "ebitda": "107664000", "netIncome": "12833000"}, {"fiscalDateEnding": "2012-06-30", "reportedCurrency": "USD", "grossProfit": "182136000", "totalRevenue": "1909803000", "costOfRevenue": "1727667000", "costofGoodsAndServicesSold": "1727667000", "operatingIncome": "103699000", "sellingGeneralAndAdministrative": "69446000", "researchAndDevelopment": "0", "operatingExpenses": "78437000", "investmentIncomeNet": "None", "netInterestIncome": "None", "interestIncome": "None", "interestExpense": "41106000", "nonInterestIncome": "None", "otherNonOperatingIncome": "1892000", "depreciation": "None", "depreciationAndAmortization": "55502000", "incomeBeforeTax": "64485000", "incomeTaxExpense": "25180000", "interestAndDebtExpense": "None", "netIncomeFromContinuingOperations": "39305000", "comprehensiveIncomeNetOfTax": "None", "ebit": "105591000", "ebitda": "161093000", "netIncome": "44472000"}, {"fiscalDateEnding": "2012-03-31", "reportedCurrency": "USD", "grossProfit": "201264000", "totalRevenue": "1982040000", "costOfRevenue": "1780776000", "costofGoodsAndServicesSold": "1780776000", "operatingIncome": "119816000", "sellingGeneralAndAdministrative": "72456000", "researchAndDevelopment": "0", "operatingExpenses": "81448000", "investmentIncomeNet": "None", "netInterestIncome": "None", "interestIncome": "None", "interestExpense": "41112000", "nonInterestIncome": "None", "otherNonOperatingIncome": "-10248000", "depreciation": "None", "depreciationAndAmortization": "55572000", "incomeBeforeTax": "68456000", "incomeTaxExpense": "26679000", "interestAndDebtExpense": "None", "netIncomeFromContinuingOperations": "41777000", "comprehensiveIncomeNetOfTax": "None", "ebit": "109568000", "ebitda": "165140000", "netIncome": "45675000"}, {"fiscalDateEnding": "2011-12-31", "reportedCurrency": "USD", "grossProfit": "160135000", "totalRevenue": "1858345000", "costOfRevenue": "1698210000", "costofGoodsAndServicesSold": "1698210000", "operatingIncome": "82490000", "sellingGeneralAndAdministrative": "68011000", "researchAndDevelopment": "0", "operatingExpenses": "77645000", "investmentIncomeNet": "None", "netInterestIncome": "None", "interestIncome": "None", "interestExpense": "44117000", "nonInterestIncome": "None", "otherNonOperatingIncome": "2641000", "depreciation": "None", "depreciationAndAmortization": "55642000", "incomeBeforeTax": "41014000", "incomeTaxExpense": "15235000", "interestAndDebtExpense": "None", "netIncomeFromContinuingOperations": "25779000", "comprehensiveIncomeNetOfTax": "None", "ebit": "85131000", "ebitda": "140773000", "netIncome": "30203000"}, {"fiscalDateEnding": "2011-09-30", "reportedCurrency": "USD", "grossProfit": "199243000", "totalRevenue": "2043455000", "costOfRevenue": "1844212000", "costofGoodsAndServicesSold": "1844212000", "operatingIncome": "108785000", "sellingGeneralAndAdministrative": "80304000", "researchAndDevelopment": "0", "operatingExpenses": "90458000", "investmentIncomeNet": "None", "netInterestIncome": "None", "interestIncome": "None", "interestExpense": "44702000", "nonInterestIncome": "None", "otherNonOperatingIncome": "3523000", "depreciation": "None", "depreciationAndAmortization": "10154000", "incomeBeforeTax": "67606000", "incomeTaxExpense": "27749000", "interestAndDebtExpense": "None", "netIncomeFromContinuingOperations": "39857000", "comprehensiveIncomeNetOfTax": "None", "ebit": "108785000", "ebitda": "118939000", "netIncome": "43304000"}, {"fiscalDateEnding": "2011-06-30", "reportedCurrency": "USD", "grossProfit": "276386000", "totalRevenue": "2079731000", "costOfRevenue": "1803345000", "costofGoodsAndServicesSold": "1803345000", "operatingIncome": "188219000", "sellingGeneralAndAdministrative": "78085000", "researchAndDevelopment": "0", "operatingExpenses": "88167000", "investmentIncomeNet": "None", "netInterestIncome": "None", "interestIncome": "None", "interestExpense": "44812000", "nonInterestIncome": "None", "otherNonOperatingIncome": "5745000", "depreciation": "None", "depreciationAndAmortization": "10082000", "incomeBeforeTax": "149152000", "incomeTaxExpense": "53326000", "interestAndDebtExpense": "None", "netIncomeFromContinuingOperations": "95826000", "comprehensiveIncomeNetOfTax": "None", "ebit": "188219000", "ebitda": "198301000", "netIncome": "98710000"}, {"fiscalDateEnding": "2011-03-31", "reportedCurrency": "USD", "grossProfit": "295754000", "totalRevenue": "2015969000", "costOfRevenue": "1720215000", "costofGoodsAndServicesSold": "1720215000", "operatingIncome": "205326000", "sellingGeneralAndAdministrative": "80344000", "researchAndDevelopment": "0", "operatingExpenses": "90428000", "investmentIncomeNet": "None", "netInterestIncome": "None", "interestIncome": "None", "interestExpense": "43346000", "nonInterestIncome": "None", "otherNonOperatingIncome": "4567000", "depreciation": "None", "depreciationAndAmortization": "54746000", "incomeBeforeTax": "166547000", "incomeTaxExpense": "62317000", "interestAndDebtExpense": "None", "netIncomeFromContinuingOperations": "104230000", "comprehensiveIncomeNetOfTax": "None", "ebit": "209893000", "ebitda": "264639000", "netIncome": "105903000"}, {"fiscalDateEnding": "2010-12-31", "reportedCurrency": "USD", "grossProfit": "133668000", "totalRevenue": "1528134000", "costOfRevenue": "1394466000", "costofGoodsAndServicesSold": "1394466000", "operatingIncome": "46821000", "sellingGeneralAndAdministrative": "62893000", "researchAndDevelopment": "0", "operatingExpenses": "74042000", "investmentIncomeNet": "None", "netInterestIncome": "None", "interestIncome": "None", "interestExpense": "44980000", "nonInterestIncome": "None", "otherNonOperatingIncome": "None", "depreciation": "None", "depreciationAndAmortization": "55750000", "incomeBeforeTax": "7959000", "incomeTaxExpense": "3901000", "interestAndDebtExpense": "None", "netIncomeFromContinuingOperations": "0", "comprehensiveIncomeNetOfTax": "None", "ebit": "52939000", "ebitda": "108689000", "netIncome": "7792000"}, {"fiscalDateEnding": "2010-09-30", "reportedCurrency": "USD", "grossProfit": "139532000", "totalRevenue": "1584164000", "costOfRevenue": "1444632000", "costofGoodsAndServicesSold": "1444632000", "operatingIncome": "69000000", "sellingGeneralAndAdministrative": "59241000", "researchAndDevelopment": "0", "operatingExpenses": "65970000", "investmentIncomeNet": "None", "netInterestIncome": "None", "interestIncome": "None", "interestExpense": "44286000", "nonInterestIncome": "None", "otherNonOperatingIncome": "6215000", "depreciation": "None", "depreciationAndAmortization": "57278000", "incomeBeforeTax": "30929000", "incomeTaxExpense": "15574000", "interestAndDebtExpense": "None", "netIncomeFromContinuingOperations": "15355000", "comprehensiveIncomeNetOfTax": "None", "ebit": "75215000", "ebitda": "132493000", "netIncome": "18741000"}, {"fiscalDateEnding": "2010-06-30", "reportedCurrency": "USD", "grossProfit": "191984000", "totalRevenue": "1632799000", "costOfRevenue": "1440815000", "costofGoodsAndServicesSold": "1440815000", "operatingIncome": "116635000", "sellingGeneralAndAdministrative": "63784000", "researchAndDevelopment": "0", "operatingExpenses": "67522000", "investmentIncomeNet": "None", "netInterestIncome": "None", "interestIncome": "None", "interestExpense": "43448000", "nonInterestIncome": "None", "otherNonOperatingIncome": "3521000", "depreciation": "None", "depreciationAndAmortization": "55398000", "incomeBeforeTax": "76708000", "incomeTaxExpense": "29911000", "interestAndDebtExpense": "None", "netIncomeFromContinuingOperations": "46797000", "comprehensiveIncomeNetOfTax": "None", "ebit": "120156000", "ebitda": "175554000", "netIncome": "49207000"}, {"fiscalDateEnding": "2010-03-31", "reportedCurrency": "USD", "grossProfit": "210482000", "totalRevenue": "1555790000", "costOfRevenue": "1345308000", "costofGoodsAndServicesSold": "1345308000", "operatingIncome": "132297000", "sellingGeneralAndAdministrative": "57160000", "researchAndDevelopment": "0", "operatingExpenses": "68741000", "investmentIncomeNet": "None", "netInterestIncome": "None", "interestIncome": "None", "interestExpense": "37515000", "nonInterestIncome": "None", "otherNonOperatingIncome": "None", "depreciation": "None", "depreciationAndAmortization": "56272000", "incomeBeforeTax": "97863000", "incomeTaxExpense": "34474000", "interestAndDebtExpense": "None", "netIncomeFromContinuingOperations": "0", "comprehensiveIncomeNetOfTax": "None", "ebit": "135378000", "ebitda": "191650000", "netIncome": "64969000"}, {"fiscalDateEnding": "2009-12-31", "reportedCurrency": "USD", "grossProfit": "154173000", "totalRevenue": "1179802000", "costOfRevenue": "1025629000", "costofGoodsAndServicesSold": "1025629000", "operatingIncome": "78402000", "sellingGeneralAndAdministrative": "105143000", "researchAndDevelopment": "0", "operatingExpenses": "72791000", "investmentIncomeNet": "None", "netInterestIncome": "None", "interestIncome": "None", "interestExpense": "33546000", "nonInterestIncome": "None", "otherNonOperatingIncome": "None", "depreciation": "None", "depreciationAndAmortization": "54783000", "incomeBeforeTax": "46319000", "incomeTaxExpense": "19773000", "interestAndDebtExpense": "None", "netIncomeFromContinuingOperations": "0", "comprehensiveIncomeNetOfTax": "None", "ebit": "79865000", "ebitda": "134648000", "netIncome": "26651000"}, {"fiscalDateEnding": "2009-09-30", "reportedCurrency": "USD", "grossProfit": "216693000", "totalRevenue": "1172196000", "costOfRevenue": "955503000", "costofGoodsAndServicesSold": "955503000", "operatingIncome": "148448000", "sellingGeneralAndAdministrative": "56584000", "researchAndDevelopment": "0", "operatingExpenses": "68245000", "investmentIncomeNet": "None", "netInterestIncome": "None", "interestIncome": "None", "interestExpense": "34520000", "nonInterestIncome": "None", "otherNonOperatingIncome": "2167000", "depreciation": "None", "depreciationAndAmortization": "51915000", "incomeBeforeTax": "116095000", "incomeTaxExpense": "47365000", "interestAndDebtExpense": "None", "netIncomeFromContinuingOperations": "68730000", "comprehensiveIncomeNetOfTax": "None", "ebit": "150615000", "ebitda": "202530000", "netIncome": "69018000"}, {"fiscalDateEnding": "2009-06-30", "reportedCurrency": "USD", "grossProfit": "68837000", "totalRevenue": "792158000", "costOfRevenue": "723321000", "costofGoodsAndServicesSold": "723321000", "operatingIncome": "6284000", "sellingGeneralAndAdministrative": "48559000", "researchAndDevelopment": "0", "operatingExpenses": "62553000", "investmentIncomeNet": "None", "netInterestIncome": "None", "interestIncome": "None", "interestExpense": "37043000", "nonInterestIncome": "None", "otherNonOperatingIncome": "None", "depreciation": "None", "depreciationAndAmortization": "57765000", "incomeBeforeTax": "-31545000", "incomeTaxExpense": "-15024000", "interestAndDebtExpense": "None", "netIncomeFromContinuingOperations": "0", "comprehensiveIncomeNetOfTax": "None", "ebit": "5498000", "ebitda": "63263000", "netIncome": "-15991000"}, {"fiscalDateEnding": "2009-03-31", "reportedCurrency": "USD", "grossProfit": "-40627000", "totalRevenue": "814650000", "costOfRevenue": "855277000", "costofGoodsAndServicesSold": "855277000", "operatingIncome": "-113603000", "sellingGeneralAndAdministrative": "57320000", "researchAndDevelopment": "0", "operatingExpenses": "72976000", "investmentIncomeNet": "None", "netInterestIncome": "None", "interestIncome": "None", "interestExpense": "36251000", "nonInterestIncome": "None", "otherNonOperatingIncome": "None", "depreciation": "None", "depreciationAndAmortization": "56963000", "incomeBeforeTax": "-149106000", "incomeTaxExpense": "-59332000", "interestAndDebtExpense": "None", "netIncomeFromContinuingOperations": "0", "comprehensiveIncomeNetOfTax": "None", "ebit": "-112855000", "ebitda": "-55892000", "netIncome": "-87862000"}, {"fiscalDateEnding": "2008-12-31", "reportedCurrency": "USD", "grossProfit": "-40911000", "totalRevenue": "1210434000", "costOfRevenue": "1251345000", "costofGoodsAndServicesSold": "1251345000", "operatingIncome": "-90955000", "sellingGeneralAndAdministrative": "27871000", "researchAndDevelopment": "0", "operatingExpenses": "50044000", "investmentIncomeNet": "None", "netInterestIncome": "None", "interestIncome": "None", "interestExpense": "144574000", "nonInterestIncome": "None", "otherNonOperatingIncome": "None", "depreciation": "None", "depreciationAndAmortization": "52599000", "incomeBeforeTax": "-132702000", "incomeTaxExpense": "-50029000", "interestAndDebtExpense": "None", "netIncomeFromContinuingOperations": "0", "comprehensiveIncomeNetOfTax": "None", "ebit": "-57808000", "ebitda": "-5209000", "netIncome": "-82673000"}, {"fiscalDateEnding": "2008-09-30", "reportedCurrency": "USD", "grossProfit": "445206000", "totalRevenue": "2563943000", "costOfRevenue": "2118737000", "costofGoodsAndServicesSold": "2118737000", "operatingIncome": "336182000", "sellingGeneralAndAdministrative": "98259000", "researchAndDevelopment": "0", "operatingExpenses": "109024000", "investmentIncomeNet": "None", "netInterestIncome": "None", "interestIncome": "None", "interestExpense": "37446000", "nonInterestIncome": "None", "otherNonOperatingIncome": "None", "depreciation": "None", "depreciationAndAmortization": "55359000", "incomeBeforeTax": "307078000", "incomeTaxExpense": "114070000", "interestAndDebtExpense": "None", "netIncomeFromContinuingOperations": "0", "comprehensiveIncomeNetOfTax": "None", "ebit": "327840000", "ebitda": "383199000", "netIncome": "193008000"}, {"fiscalDateEnding": "2008-06-30", "reportedCurrency": "USD", "grossProfit": "479655000", "totalRevenue": "2403939000", "costOfRevenue": "1924284000", "costofGoodsAndServicesSold": "1924284000", "operatingIncome": "358081000", "sellingGeneralAndAdministrative": "113454000", "researchAndDevelopment": "0", "operatingExpenses": "121574000", "investmentIncomeNet": "None", "netInterestIncome": "None", "interestIncome": "None", "interestExpense": "35475000", "nonInterestIncome": "None", "otherNonOperatingIncome": "None", "depreciation": "None", "depreciationAndAmortization": "47582000", "incomeBeforeTax": "339507000", "incomeTaxExpense": "129013000", "interestAndDebtExpense": "None", "netIncomeFromContinuingOperations": "0", "comprehensiveIncomeNetOfTax": "None", "ebit": "341180000", "ebitda": "388762000", "netIncome": "210494000"}, {"fiscalDateEnding": "2008-03-31", "reportedCurrency": "USD", "grossProfit": "347309000", "totalRevenue": "1902205000", "costOfRevenue": "1554896000", "costofGoodsAndServicesSold": "1554896000", "operatingIncome": "251932000", "sellingGeneralAndAdministrative": "83847000", "researchAndDevelopment": "0", "operatingExpenses": "95377000", "investmentIncomeNet": "None", "netInterestIncome": "None", "interestIncome": "None", "interestExpense": "29807000", "nonInterestIncome": "None", "otherNonOperatingIncome": "None", "depreciation": "None", "depreciationAndAmortization": "53212000", "incomeBeforeTax": "229931000", "incomeTaxExpense": "87374000", "interestAndDebtExpense": "None", "netIncomeFromContinuingOperations": "0", "comprehensiveIncomeNetOfTax": "None", "ebit": "198720000", "ebitda": "251932000", "netIncome": "142557000"}, {"fiscalDateEnding": "2007-12-31", "reportedCurrency": "USD", "grossProfit": "254258000", "totalRevenue": "1451034000", "costOfRevenue": "1196776000", "costofGoodsAndServicesSold": "1196776000", "operatingIncome": "178256000", "sellingGeneralAndAdministrative": "76002000", "researchAndDevelopment": "0", "operatingExpenses": "76002000", "investmentIncomeNet": "None", "netInterestIncome": "None", "interestIncome": "None", "interestExpense": "55416000", "nonInterestIncome": "None", "otherNonOperatingIncome": "None", "depreciation": "None", "depreciationAndAmortization": "42040000", "incomeBeforeTax": "156593000", "incomeTaxExpense": "58723000", "interestAndDebtExpense": "None", "netIncomeFromContinuingOperations": "0", "comprehensiveIncomeNetOfTax": "None", "ebit": "178256000", "ebitda": "220296000", "netIncome": "97870000"}, {"fiscalDateEnding": "2007-09-30", "reportedCurrency": "USD", "grossProfit": "228451000", "totalRevenue": "1156593000", "costOfRevenue": "928142000", "costofGoodsAndServicesSold": "928142000", "operatingIncome": "173927000", "sellingGeneralAndAdministrative": "54524000", "researchAndDevelopment": "0", "operatingExpenses": "54524000", "investmentIncomeNet": "None", "netInterestIncome": "None", "interestIncome": "None", "interestExpense": "14602000", "nonInterestIncome": "None", "otherNonOperatingIncome": "None", "depreciation": "None", "depreciationAndAmortization": "33852000", "incomeBeforeTax": "159927000", "incomeTaxExpense": "59336000", "interestAndDebtExpense": "None", "netIncomeFromContinuingOperations": "0", "comprehensiveIncomeNetOfTax": "None", "ebit": "140075000", "ebitda": "173927000", "netIncome": "100591000"}, {"fiscalDateEnding": "2007-06-30", "reportedCurrency": "USD", "grossProfit": "216582000", "totalRevenue": "911248000", "costOfRevenue": "694666000", "costofGoodsAndServicesSold": "694666000", "operatingIncome": "167660000", "sellingGeneralAndAdministrative": "48922000", "researchAndDevelopment": "0", "operatingExpenses": "48922000", "investmentIncomeNet": "None", "netInterestIncome": "None", "interestIncome": "None", "interestExpense": "7198000", "nonInterestIncome": "None", "otherNonOperatingIncome": "None", "depreciation": "None", "depreciationAndAmortization": "32979000", "incomeBeforeTax": "148939000", "incomeTaxExpense": "54997000", "interestAndDebtExpense": "None", "netIncomeFromContinuingOperations": "0", "comprehensiveIncomeNetOfTax": "None", "ebit": "134681000", "ebitda": "167660000", "netIncome": "93942000"}, {"fiscalDateEnding": "2007-03-31", "reportedCurrency": "USD", "grossProfit": "216403000", "totalRevenue": "865674000", "costOfRevenue": "649271000", "costofGoodsAndServicesSold": "649271000", "operatingIncome": "171311000", "sellingGeneralAndAdministrative": "45092000", "researchAndDevelopment": "0", "operatingExpenses": "45092000", "investmentIncomeNet": "None", "netInterestIncome": "None", "interestIncome": "None", "interestExpense": "7246000", "nonInterestIncome": "None", "otherNonOperatingIncome": "None", "depreciation": "None", "depreciationAndAmortization": "29265000", "incomeBeforeTax": "164780000", "incomeTaxExpense": "62616000", "interestAndDebtExpense": "None", "netIncomeFromContinuingOperations": "0", "comprehensiveIncomeNetOfTax": "None", "ebit": "142046000", "ebitda": "171311000", "netIncome": "102164000"}, {"fiscalDateEnding": "2006-12-31", "reportedCurrency": "USD", "grossProfit": "229146000", "totalRevenue": "839800000", "costOfRevenue": "610654000", "costofGoodsAndServicesSold": "610654000", "operatingIncome": "175274000", "sellingGeneralAndAdministrative": "53872000", "researchAndDevelopment": "0", "operatingExpenses": "53872000", "investmentIncomeNet": "None", "netInterestIncome": "None", "interestIncome": "None", "interestExpense": "32104000", "nonInterestIncome": "None", "otherNonOperatingIncome": "None", "depreciation": "None", "depreciationAndAmortization": "27519000", "incomeBeforeTax": "168391000", "incomeTaxExpense": "63325000", "interestAndDebtExpense": "None", "netIncomeFromContinuingOperations": "0", "comprehensiveIncomeNetOfTax": "None", "ebit": "175274000", "ebitda": "202793000", "netIncome": "105066000"}, {"fiscalDateEnding": "2006-09-30", "reportedCurrency": "USD", "grossProfit": "244804000", "totalRevenue": "911862000", "costOfRevenue": "667058000", "costofGoodsAndServicesSold": "667058000", "operatingIncome": "198580000", "sellingGeneralAndAdministrative": "46224000", "researchAndDevelopment": "0", "operatingExpenses": "46224000", "investmentIncomeNet": "None", "netInterestIncome": "None", "interestIncome": "None", "interestExpense": "7445000", "nonInterestIncome": "None", "otherNonOperatingIncome": "None", "depreciation": "None", "depreciationAndAmortization": "29773000", "incomeBeforeTax": "192109000", "incomeTaxExpense": "73386000", "interestAndDebtExpense": "None", "netIncomeFromContinuingOperations": "0", "comprehensiveIncomeNetOfTax": "None", "ebit": "168807000", "ebitda": "198580000", "netIncome": "118723000"}, {"fiscalDateEnding": "2006-06-30", "reportedCurrency": "USD", "grossProfit": "196555000", "totalRevenue": "821247000", "costOfRevenue": "624692000", "costofGoodsAndServicesSold": "624692000", "operatingIncome": "154148000", "sellingGeneralAndAdministrative": "42407000", "researchAndDevelopment": "0", "operatingExpenses": "42407000", "investmentIncomeNet": "None", "netInterestIncome": "None", "interestIncome": "None", "interestExpense": "8025000", "nonInterestIncome": "None", "otherNonOperatingIncome": "None", "depreciation": "None", "depreciationAndAmortization": "32603000", "incomeBeforeTax": "147398000", "incomeTaxExpense": "50529000", "interestAndDebtExpense": "None", "netIncomeFromContinuingOperations": "0", "comprehensiveIncomeNetOfTax": "None", "ebit": "121545000", "ebitda": "154148000", "netIncome": "96869000"}, {"fiscalDateEnding": "2006-03-31", "reportedCurrency": "USD", "grossProfit": "159487000", "totalRevenue": "665878000", "costOfRevenue": "506391000", "costofGoodsAndServicesSold": "506391000", "operatingIncome": "131112000", "sellingGeneralAndAdministrative": "28375000", "researchAndDevelopment": "0", "operatingExpenses": "28375000", "investmentIncomeNet": "None", "netInterestIncome": "None", "interestIncome": "None", "interestExpense": "8136000", "nonInterestIncome": "None", "otherNonOperatingIncome": "None", "depreciation": "None", "depreciationAndAmortization": "24917000", "incomeBeforeTax": "123657000", "incomeTaxExpense": "47608000", "interestAndDebtExpense": "None", "netIncomeFromContinuingOperations": "0", "comprehensiveIncomeNetOfTax": "None", "ebit": "106195000", "ebitda": "131112000", "netIncome": "76049000"}, {"fiscalDateEnding": "2005-12-31", "reportedCurrency": "USD", "grossProfit": "139956000", "totalRevenue": "569645000", "costOfRevenue": "429689000", "costofGoodsAndServicesSold": "429689000", "operatingIncome": "113898000", "sellingGeneralAndAdministrative": "26058000", "researchAndDevelopment": "0", "operatingExpenses": "26058000", "investmentIncomeNet": "None", "netInterestIncome": "None", "interestIncome": "None", "interestExpense": "34341000", "nonInterestIncome": "None", "otherNonOperatingIncome": "None", "depreciation": "None", "depreciationAndAmortization": "23397000", "incomeBeforeTax": "105589000", "incomeTaxExpense": "40652000", "interestAndDebtExpense": "None", "netIncomeFromContinuingOperations": "0", "comprehensiveIncomeNetOfTax": "None", "ebit": "113898000", "ebitda": "137295000", "netIncome": "64937000"}, {"fiscalDateEnding": "2005-09-30", "reportedCurrency": "USD", "grossProfit": "105232000", "totalRevenue": "498689000", "costOfRevenue": "393457000", "costofGoodsAndServicesSold": "393457000", "operatingIncome": "81851000", "sellingGeneralAndAdministrative": "23381000", "researchAndDevelopment": "0", "operatingExpenses": "23381000", "investmentIncomeNet": "None", "netInterestIncome": "None", "interestIncome": "None", "interestExpense": "9468000", "nonInterestIncome": "None", "otherNonOperatingIncome": "None", "depreciation": "None", "depreciationAndAmortization": "25059000", "incomeBeforeTax": "73833000", "incomeTaxExpense": "28425000", "interestAndDebtExpense": "None", "netIncomeFromContinuingOperations": "0", "comprehensiveIncomeNetOfTax": "None", "ebit": "81851000", "ebitda": "106910000", "netIncome": "45408000"}, {"fiscalDateEnding": "2005-06-30", "reportedCurrency": "USD", "grossProfit": "111184000", "totalRevenue": "545826000", "costOfRevenue": "434642000", "costofGoodsAndServicesSold": "434642000", "operatingIncome": "91103000", "sellingGeneralAndAdministrative": "20081000", "researchAndDevelopment": "0", "operatingExpenses": "20081000", "investmentIncomeNet": "None", "netInterestIncome": "None", "interestIncome": "None", "interestExpense": "8898000", "nonInterestIncome": "None", "otherNonOperatingIncome": "None", "depreciation": "None", "depreciationAndAmortization": "21579000", "incomeBeforeTax": "82380000", "incomeTaxExpense": "31717000", "interestAndDebtExpense": "None", "netIncomeFromContinuingOperations": "0", "comprehensiveIncomeNetOfTax": "None", "ebit": "91103000", "ebitda": "112682000", "netIncome": "50663000"}, {"fiscalDateEnding": "2005-03-31", "reportedCurrency": "USD", "grossProfit": "128777000", "totalRevenue": "570706000", "costOfRevenue": "441929000", "costofGoodsAndServicesSold": "441929000", "operatingIncome": "106323000", "sellingGeneralAndAdministrative": "22454000", "researchAndDevelopment": "0", "operatingExpenses": "22454000", "investmentIncomeNet": "None", "netInterestIncome": "None", "interestIncome": "None", "interestExpense": "8077000", "nonInterestIncome": "None", "otherNonOperatingIncome": "None", "depreciation": "None", "depreciationAndAmortization": "21830000", "incomeBeforeTax": "98824000", "incomeTaxExpense": "38047000", "interestAndDebtExpense": "None", "netIncomeFromContinuingOperations": "0", "comprehensiveIncomeNetOfTax": "None", "ebit": "106323000", "ebitda": "128153000", "netIncome": "60777000"}, {"fiscalDateEnding": "2004-12-31", "reportedCurrency": "USD", "grossProfit": "150450000", "totalRevenue": "600370000", "costOfRevenue": "449920000", "costofGoodsAndServicesSold": "449920000", "operatingIncome": "139993000", "sellingGeneralAndAdministrative": "10457000", "researchAndDevelopment": "0", "operatingExpenses": "10457000", "investmentIncomeNet": "None", "netInterestIncome": "None", "interestIncome": "None", "interestExpense": "38907000", "nonInterestIncome": "None", "otherNonOperatingIncome": "None", "depreciation": "None", "depreciationAndAmortization": "20606000", "incomeBeforeTax": "132978000", "incomeTaxExpense": "50532000", "interestAndDebtExpense": "None", "netIncomeFromContinuingOperations": "0", "comprehensiveIncomeNetOfTax": "None", "ebit": "139993000", "ebitda": "160599000", "netIncome": "82446000"}]}