{"symbol": "AMCR", "annualReports": [{"fiscalDateEnding": "2024-06-30", "reportedCurrency": "USD", "grossProfit": "2713000000", "totalRevenue": "13639000000", "costOfRevenue": "10926000000", "costofGoodsAndServicesSold": "10926000000", "operatingIncome": "1214000000", "sellingGeneralAndAdministrative": "1260000000", "researchAndDevelopment": "106000000", "operatingExpenses": "1366000000", "investmentIncomeNet": "None", "netInterestIncome": "-310000000", "interestIncome": "38000000", "interestExpense": "348000000", "nonInterestIncome": "None", "otherNonOperatingIncome": "None", "depreciation": "None", "depreciationAndAmortization": "587000000", "incomeBeforeTax": "907000000", "incomeTaxExpense": "163000000", "interestAndDebtExpense": "None", "netIncomeFromContinuingOperations": "740000000", "comprehensiveIncomeNetOfTax": "None", "ebit": "1258000000", "ebitda": "1845000000", "netIncome": "730000000"}, {"fiscalDateEnding": "2023-06-30", "reportedCurrency": "USD", "grossProfit": "2725000000", "totalRevenue": "14694000000", "costOfRevenue": "11969000000", "costofGoodsAndServicesSold": "11969000000", "operatingIncome": "1508000000", "sellingGeneralAndAdministrative": "1246000000", "researchAndDevelopment": "101000000", "operatingExpenses": "1321000000", "investmentIncomeNet": "None", "netInterestIncome": "-259000000", "interestIncome": "31000000", "interestExpense": "259000000", "nonInterestIncome": "None", "otherNonOperatingIncome": "33000000", "depreciation": "None", "depreciationAndAmortization": "573000000", "incomeBeforeTax": "1251000000", "incomeTaxExpense": "193000000", "interestAndDebtExpense": "None", "netIncomeFromContinuingOperations": "1058000000", "comprehensiveIncomeNetOfTax": "None", "ebit": "1511000000", "ebitda": "2084000000", "netIncome": "1048000000"}, {"fiscalDateEnding": "2022-06-30", "reportedCurrency": "USD", "grossProfit": "2820000000", "totalRevenue": "14544000000", "costOfRevenue": "11724000000", "costofGoodsAndServicesSold": "11724000000", "operatingIncome": "1239000000", "sellingGeneralAndAdministrative": "1284000000", "researchAndDevelopment": "96000000", "operatingExpenses": "1347000000", "investmentIncomeNet": "None", "netInterestIncome": "-135000000", "interestIncome": "24000000", "interestExpense": "135000000", "nonInterestIncome": "None", "otherNonOperatingIncome": "35000000", "depreciation": "None", "depreciationAndAmortization": "580000000", "incomeBeforeTax": "1115000000", "incomeTaxExpense": "300000000", "interestAndDebtExpense": "None", "netIncomeFromContinuingOperations": "815000000", "comprehensiveIncomeNetOfTax": "None", "ebit": "1196000000", "ebitda": "1776000000", "netIncome": "805000000"}, {"fiscalDateEnding": "2021-06-30", "reportedCurrency": "USD", "grossProfit": "2732000000", "totalRevenue": "12861000000", "costOfRevenue": "10129000000", "costofGoodsAndServicesSold": "10129000000", "operatingIncome": "1321000000", "sellingGeneralAndAdministrative": "951300000", "researchAndDevelopment": "100000000", "operatingExpenses": "1317000000", "investmentIncomeNet": "None", "netInterestIncome": "-139000000", "interestIncome": "14000000", "interestExpense": "139000000", "nonInterestIncome": "None", "otherNonOperatingIncome": "44000000", "depreciation": "None", "depreciationAndAmortization": "573000000", "incomeBeforeTax": "1193000000", "incomeTaxExpense": "261000000", "interestAndDebtExpense": "None", "netIncomeFromContinuingOperations": "951000000", "comprehensiveIncomeNetOfTax": "None", "ebit": "1427000000", "ebitda": "2000000000", "netIncome": "939000000"}, {"fiscalDateEnding": "2020-06-30", "reportedCurrency": "USD", "grossProfit": "2536000000", "totalRevenue": "12468000000", "costOfRevenue": "9932000000", "costofGoodsAndServicesSold": "9932000000", "operatingIncome": "994000000", "sellingGeneralAndAdministrative": "1384100000", "researchAndDevelopment": "97000000", "operatingExpenses": "1426000000", "investmentIncomeNet": "None", "netInterestIncome": "-184700000", "interestIncome": "22200000", "interestExpense": "185000000", "nonInterestIncome": "None", "otherNonOperatingIncome": "None", "depreciation": "None", "depreciationAndAmortization": "607200000", "incomeBeforeTax": "825000000", "incomeTaxExpense": "187000000", "interestAndDebtExpense": "None", "netIncomeFromContinuingOperations": "624300000", "comprehensiveIncomeNetOfTax": "None", "ebit": "1031100000", "ebitda": "1638300000", "netIncome": "612000000"}, {"fiscalDateEnding": "2019-06-30", "reportedCurrency": "USD", "grossProfit": "1799100000", "totalRevenue": "9458200000", "costOfRevenue": "7659100000", "costofGoodsAndServicesSold": "7659100000", "operatingIncome": "791700000", "sellingGeneralAndAdministrative": "951300000", "researchAndDevelopment": "64000000", "operatingExpenses": "876600000", "investmentIncomeNet": "None", "netInterestIncome": "-191100000", "interestIncome": "16800000", "interestExpense": "191100000", "nonInterestIncome": "None", "otherNonOperatingIncome": "None", "depreciation": "None", "depreciationAndAmortization": "349700000", "incomeBeforeTax": "604100000", "incomeTaxExpense": "171500000", "interestAndDebtExpense": "None", "netIncomeFromContinuingOperations": "436700000", "comprehensiveIncomeNetOfTax": "None", "ebit": "819400000", "ebitda": "1169100000", "netIncome": "430200000"}, {"fiscalDateEnding": "2018-06-30", "reportedCurrency": "USD", "grossProfit": "1845474636", "totalRevenue": "9262259090", "costOfRevenue": "7416784454", "costofGoodsAndServicesSold": "7416784454", "operatingIncome": "962493341", "sellingGeneralAndAdministrative": "608565337", "researchAndDevelopment": "65100489", "operatingExpenses": "882981293", "investmentIncomeNet": "None", "netInterestIncome": "-203550843.08", "interestIncome": "13020097.87", "interestExpense": "216570940", "nonInterestIncome": "None", "otherNonOperatingIncome": "None", "depreciation": "None", "depreciationAndAmortization": "352700000", "incomeBeforeTax": "875328259", "incomeTaxExpense": "144413757", "interestAndDebtExpense": "None", "netIncomeFromContinuingOperations": "730914501.96", "comprehensiveIncomeNetOfTax": "None", "ebit": "927100000", "ebitda": "1279800000", "netIncome": "719584035"}, {"fiscalDateEnding": "2017-06-30", "reportedCurrency": "USD", "grossProfit": "1909937154", "totalRevenue": "9092132043", "costOfRevenue": "7182194889", "costofGoodsAndServicesSold": "7182194889", "operatingIncome": "842278488", "sellingGeneralAndAdministrative": "781138121", "researchAndDevelopment": "69032669", "operatingExpenses": "1067658665", "investmentIncomeNet": "None", "netInterestIncome": "-186817788.39", "interestIncome": "12188112.40", "interestExpense": "199005900", "nonInterestIncome": "None", "otherNonOperatingIncome": "None", "depreciation": "None", "depreciationAndAmortization": "358800000", "incomeBeforeTax": "764953906", "incomeTaxExpense": "214091187", "interestAndDebtExpense": "None", "netIncomeFromContinuingOperations": "613401722.31", "comprehensiveIncomeNetOfTax": "None", "ebit": "950800000", "ebitda": "1309600000", "netIncome": "596418287"}, {"fiscalDateEnding": "2016-06-30", "reportedCurrency": "USD", "grossProfit": "2006032159", "totalRevenue": "9474348697", "costOfRevenue": "7468316538", "costofGoodsAndServicesSold": "7468316538", "operatingIncome": "468825041", "sellingGeneralAndAdministrative": "1258144593", "researchAndDevelopment": "67779510", "operatingExpenses": "1537207117", "investmentIncomeNet": "None", "netInterestIncome": "-167739204.01", "interestIncome": "157800000", "interestExpense": "202332900", "nonInterestIncome": "None", "otherNonOperatingIncome": "None", "depreciation": "None", "depreciationAndAmortization": "354200000", "incomeBeforeTax": "411202401", "incomeTaxExpense": "241854188", "interestAndDebtExpense": "None", "netIncomeFromContinuingOperations": "275140564.85", "comprehensiveIncomeNetOfTax": "None", "ebit": "592600000", "ebitda": "946800000", "netIncome": "245474458"}, {"fiscalDateEnding": "2015-06-30", "reportedCurrency": "USD", "grossProfit": "1929685542", "totalRevenue": "9599291738", "costOfRevenue": "7669606196", "costofGoodsAndServicesSold": "7669606196", "operatingIncome": "906319030", "sellingGeneralAndAdministrative": "746127765", "researchAndDevelopment": "62818145", "operatingExpenses": "1023366512", "investmentIncomeNet": "None", "netInterestIncome": "None", "interestIncome": "159100000", "interestExpense": "196244285", "nonInterestIncome": "None", "otherNonOperatingIncome": "None", "depreciation": "None", "depreciationAndAmortization": "154798291", "incomeBeforeTax": "894734125", "incomeTaxExpense": "187755347", "interestAndDebtExpense": "None", "netIncomeFromContinuingOperations": "707900000", "comprehensiveIncomeNetOfTax": "None", "ebit": "936180120", "ebitda": "1090978411", "netIncome": "679414695"}, {"fiscalDateEnding": "2014-06-30", "reportedCurrency": "USD", "grossProfit": "1929877417", "totalRevenue": "10218426949", "costOfRevenue": "8288549532", "costofGoodsAndServicesSold": "8288549532", "operatingIncome": "968328092", "sellingGeneralAndAdministrative": "660741521", "researchAndDevelopment": "71553655", "operatingExpenses": "961549324", "investmentIncomeNet": "None", "netInterestIncome": "None", "interestIncome": "None", "interestExpense": "227088707", "nonInterestIncome": "None", "otherNonOperatingIncome": "None", "depreciation": "None", "depreciationAndAmortization": "128984879", "incomeBeforeTax": "910331971", "incomeTaxExpense": "75507936", "interestAndDebtExpense": "None", "netIncomeFromContinuingOperations": "None", "comprehensiveIncomeNetOfTax": "None", "ebit": "1008435800", "ebitda": "1137420679", "netIncome": "531756642"}, {"fiscalDateEnding": "2013-06-30", "reportedCurrency": "USD", "grossProfit": "2003522637", "totalRevenue": "11339332159", "costOfRevenue": "9335809522", "costofGoodsAndServicesSold": "9335809522", "operatingIncome": "733821878", "sellingGeneralAndAdministrative": "893800706", "researchAndDevelopment": "59866577", "operatingExpenses": "1269700758", "investmentIncomeNet": "None", "netInterestIncome": "None", "interestIncome": "None", "interestExpense": "225686047", "nonInterestIncome": "None", "otherNonOperatingIncome": "None", "depreciation": "None", "depreciationAndAmortization": "115808974", "incomeBeforeTax": "727159896", "incomeTaxExpense": "204604980", "interestAndDebtExpense": "None", "netIncomeFromContinuingOperations": "None", "comprehensiveIncomeNetOfTax": "None", "ebit": "837036969", "ebitda": "952845943", "netIncome": "548107723"}, {"fiscalDateEnding": "2012-06-30", "reportedCurrency": "USD", "grossProfit": "2112798575", "totalRevenue": "12478150520", "costOfRevenue": "10365351945", "costofGoodsAndServicesSold": "10365351945", "operatingIncome": "611887754", "sellingGeneralAndAdministrative": "1082444685", "researchAndDevelopment": "69693186", "operatingExpenses": "1500910821", "investmentIncomeNet": "None", "netInterestIncome": "None", "interestIncome": "None", "interestExpense": "233231676", "nonInterestIncome": "None", "otherNonOperatingIncome": "None", "depreciation": "None", "depreciationAndAmortization": "171520969", "incomeBeforeTax": "579650817", "incomeTaxExpense": "269562191", "interestAndDebtExpense": "None", "netIncomeFromContinuingOperations": "None", "comprehensiveIncomeNetOfTax": "None", "ebit": "641361524", "ebitda": "812882493", "netIncome": "422252696"}, {"fiscalDateEnding": "2011-06-30", "reportedCurrency": "USD", "grossProfit": "2269520980", "totalRevenue": "13265823055", "costOfRevenue": "10996302075", "costofGoodsAndServicesSold": "10996302075", "operatingIncome": "502319218", "sellingGeneralAndAdministrative": "1279738366", "researchAndDevelopment": "99608832", "operatingExpenses": "1767201761", "investmentIncomeNet": "None", "netInterestIncome": "None", "interestIncome": "None", "interestExpense": "252335249", "nonInterestIncome": "None", "otherNonOperatingIncome": "None", "depreciation": "None", "depreciationAndAmortization": "211187824", "incomeBeforeTax": "587072227", "incomeTaxExpense": "230639334", "interestAndDebtExpense": "None", "netIncomeFromContinuingOperations": "None", "comprehensiveIncomeNetOfTax": "None", "ebit": "628219653", "ebitda": "839407477", "netIncome": "381228223"}, {"fiscalDateEnding": "2010-06-30", "reportedCurrency": "USD", "grossProfit": "1480559215", "totalRevenue": "8370798453", "costOfRevenue": "6890239238", "costofGoodsAndServicesSold": "6890239238", "operatingIncome": "330939531", "sellingGeneralAndAdministrative": "818935112", "researchAndDevelopment": "46912845", "operatingExpenses": "1149619682", "investmentIncomeNet": "None", "netInterestIncome": "None", "interestIncome": "None", "interestExpense": "174818340", "nonInterestIncome": "None", "otherNonOperatingIncome": "None", "depreciation": "None", "depreciationAndAmortization": "94165639", "incomeBeforeTax": "272298474", "incomeTaxExpense": "51332171", "interestAndDebtExpense": "None", "netIncomeFromContinuingOperations": "None", "comprehensiveIncomeNetOfTax": "None", "ebit": "352951175", "ebitda": "447116814", "netIncome": "155526282"}, {"fiscalDateEnding": "2009-06-30", "reportedCurrency": "USD", "grossProfit": "1207912323", "totalRevenue": "7695548310", "costOfRevenue": "6487635987", "costofGoodsAndServicesSold": "6487635987", "operatingIncome": "249862801", "sellingGeneralAndAdministrative": "662265551", "researchAndDevelopment": "32120605", "operatingExpenses": "958049520", "investmentIncomeNet": "None", "netInterestIncome": "None", "interestIncome": "None", "interestExpense": "155680020", "nonInterestIncome": "None", "otherNonOperatingIncome": "None", "depreciation": "None", "depreciationAndAmortization": "80624334", "incomeBeforeTax": "202731058", "incomeTaxExpense": "118959227", "interestAndDebtExpense": "None", "netIncomeFromContinuingOperations": "None", "comprehensiveIncomeNetOfTax": "None", "ebit": "277786745", "ebitda": "358411079", "netIncome": "170852568"}, {"fiscalDateEnding": "2008-06-30", "reportedCurrency": "USD", "grossProfit": "1418279580", "totalRevenue": "8835449335", "costOfRevenue": "7417169755", "costofGoodsAndServicesSold": "7417169755", "operatingIncome": "327781020", "sellingGeneralAndAdministrative": "751236593", "researchAndDevelopment": "34634188", "operatingExpenses": "1090498560", "investmentIncomeNet": "None", "netInterestIncome": "None", "interestIncome": "None", "interestExpense": "200342514", "nonInterestIncome": "None", "otherNonOperatingIncome": "None", "depreciation": "None", "depreciationAndAmortization": "88690311", "incomeBeforeTax": "275064341", "incomeTaxExpense": "171640148", "interestAndDebtExpense": "None", "netIncomeFromContinuingOperations": "None", "comprehensiveIncomeNetOfTax": "None", "ebit": "386716545", "ebitda": "475406856", "netIncome": "247605744"}, {"fiscalDateEnding": "2007-06-30", "reportedCurrency": "USD", "grossProfit": "1381340118", "totalRevenue": "8447921967", "costOfRevenue": "7066581849", "costofGoodsAndServicesSold": "7066581849", "operatingIncome": "355216284", "sellingGeneralAndAdministrative": "730025445", "researchAndDevelopment": "27311280", "operatingExpenses": "1026123833", "investmentIncomeNet": "None", "netInterestIncome": "None", "interestIncome": "None", "interestExpense": "198303647", "nonInterestIncome": "None", "otherNonOperatingIncome": "None", "depreciation": "None", "depreciationAndAmortization": "73282442", "incomeBeforeTax": "249279050", "incomeTaxExpense": "75318066", "interestAndDebtExpense": "None", "netIncomeFromContinuingOperations": "None", "comprehensiveIncomeNetOfTax": "None", "ebit": "659841556", "ebitda": "733123998", "netIncome": "452671755"}, {"fiscalDateEnding": "2006-06-30", "reportedCurrency": "USD", "grossProfit": "1270387794", "totalRevenue": "8193630251", "costOfRevenue": "6923242457", "costofGoodsAndServicesSold": "6923242457", "operatingIncome": "419331859", "sellingGeneralAndAdministrative": "586663896", "researchAndDevelopment": "27455810", "operatingExpenses": "851055935", "investmentIncomeNet": "None", "netInterestIncome": "None", "interestIncome": "None", "interestExpense": "195826716", "nonInterestIncome": "None", "otherNonOperatingIncome": "None", "depreciation": "None", "depreciationAndAmortization": "76505246", "incomeBeforeTax": "377628708", "incomeTaxExpense": "106038794", "interestAndDebtExpense": "None", "netIncomeFromContinuingOperations": "None", "comprehensiveIncomeNetOfTax": "None", "ebit": "419331859", "ebitda": "495837105", "netIncome": "260681794"}, {"fiscalDateEnding": "2005-06-30", "reportedCurrency": "USD", "grossProfit": "1368530211", "totalRevenue": "8463415378", "costOfRevenue": "7094885167", "costofGoodsAndServicesSold": "7094885167", "operatingIncome": "174154390", "sellingGeneralAndAdministrative": "932915484", "researchAndDevelopment": "30271144", "operatingExpenses": "1194375819", "investmentIncomeNet": "None", "netInterestIncome": "None", "interestIncome": "None", "interestExpense": "120550828", "nonInterestIncome": "None", "otherNonOperatingIncome": "None", "depreciation": "None", "depreciationAndAmortization": "132750785", "incomeBeforeTax": "186811846", "incomeTaxExpense": "134199530", "interestAndDebtExpense": "None", "netIncomeFromContinuingOperations": "None", "comprehensiveIncomeNetOfTax": "None", "ebit": "174611889", "ebitda": "307362674", "netIncome": "132064537"}], "quarterlyReports": [{"fiscalDateEnding": "2024-12-31", "reportedCurrency": "USD", "grossProfit": "-6046988097", "totalRevenue": "-3352993406", "costOfRevenue": "2693994691", "costofGoodsAndServicesSold": "2693994691", "operatingIncome": "-311999391", "sellingGeneralAndAdministrative": "295000000", "researchAndDevelopment": "27999945", "operatingExpenses": "342999335", "investmentIncomeNet": "None", "netInterestIncome": "-72000000", "interestIncome": "9000000", "interestExpense": "86000147", "nonInterestIncome": "None", "otherNonOperatingIncome": "None", "depreciation": "None", "depreciationAndAmortization": "-141000000", "incomeBeforeTax": "-235999540", "incomeTaxExpense": "-44385597", "interestAndDebtExpense": "None", "netIncomeFromContinuingOperations": "167000000", "comprehensiveIncomeNetOfTax": "None", "ebit": "-321385390", "ebitda": "-462385390", "netIncome": "-190999646"}, {"fiscalDateEnding": "2024-09-30", "reportedCurrency": "USD", "grossProfit": "659000000", "totalRevenue": "3353000000", "costOfRevenue": "2694000000", "costofGoodsAndServicesSold": "2694000000", "operatingIncome": "312000000", "sellingGeneralAndAdministrative": "315000000", "researchAndDevelopment": "28000000", "operatingExpenses": "343000000", "investmentIncomeNet": "None", "netInterestIncome": "-75000000", "interestIncome": "11000000", "interestExpense": "86000000", "nonInterestIncome": "None", "otherNonOperatingIncome": "None", "depreciation": "None", "depreciationAndAmortization": "141000000", "incomeBeforeTax": "236000000", "incomeTaxExpense": "43000000", "interestAndDebtExpense": "None", "netIncomeFromContinuingOperations": "193000000", "comprehensiveIncomeNetOfTax": "None", "ebit": "322000000", "ebitda": "463000000", "netIncome": "191000000"}, {"fiscalDateEnding": "2024-06-30", "reportedCurrency": "USD", "grossProfit": "754000000", "totalRevenue": "3535000000", "costOfRevenue": "2781000000", "costofGoodsAndServicesSold": "2781000000", "operatingIncome": "399000000", "sellingGeneralAndAdministrative": "329000000", "researchAndDevelopment": "26000000", "operatingExpenses": "355000000", "investmentIncomeNet": "None", "netInterestIncome": "-78000000", "interestIncome": "7000000", "interestExpense": "85000000", "nonInterestIncome": "None", "otherNonOperatingIncome": "None", "depreciation": "None", "depreciationAndAmortization": "147000000", "incomeBeforeTax": "318000000", "incomeTaxExpense": "56000000", "interestAndDebtExpense": "None", "netIncomeFromContinuingOperations": "261000000", "comprehensiveIncomeNetOfTax": "None", "ebit": "397000000", "ebitda": "544000000", "netIncome": "257000000"}, {"fiscalDateEnding": "2024-03-31", "reportedCurrency": "USD", "grossProfit": "691000000", "totalRevenue": "3410000000", "costOfRevenue": "2719000000", "costofGoodsAndServicesSold": "2719000000", "operatingIncome": "307000000", "sellingGeneralAndAdministrative": "330000000", "researchAndDevelopment": "25000000", "operatingExpenses": "355000000", "investmentIncomeNet": "None", "netInterestIncome": "-79000000", "interestIncome": "10000000", "interestExpense": "89000000", "nonInterestIncome": "None", "otherNonOperatingIncome": "None", "depreciation": "None", "depreciationAndAmortization": "153000000", "incomeBeforeTax": "230000000", "incomeTaxExpense": "40000000", "interestAndDebtExpense": "None", "netIncomeFromContinuingOperations": "189000000", "comprehensiveIncomeNetOfTax": "None", "ebit": "338000000", "ebitda": "491000000", "netIncome": "187000000"}, {"fiscalDateEnding": "2023-12-31", "reportedCurrency": "USD", "grossProfit": "621000000", "totalRevenue": "3251000000", "costOfRevenue": "2630000000", "costofGoodsAndServicesSold": "2630000000", "operatingIncome": "242000000", "sellingGeneralAndAdministrative": "299000000", "researchAndDevelopment": "28000000", "operatingExpenses": "355000000", "investmentIncomeNet": "None", "netInterestIncome": "-78000000", "interestIncome": "11000000", "interestExpense": "89000000", "nonInterestIncome": "None", "otherNonOperatingIncome": "None", "depreciation": "None", "depreciationAndAmortization": "146000000", "incomeBeforeTax": "165000000", "incomeTaxExpense": "28000000", "interestAndDebtExpense": "None", "netIncomeFromContinuingOperations": "136000000", "comprehensiveIncomeNetOfTax": "None", "ebit": "244000000", "ebitda": "390000000", "netIncome": "134000000"}, {"fiscalDateEnding": "2023-09-30", "reportedCurrency": "USD", "grossProfit": "645000000", "totalRevenue": "3443000000", "costOfRevenue": "2798000000", "costofGoodsAndServicesSold": "2798000000", "operatingIncome": "270000000", "sellingGeneralAndAdministrative": "302000000", "researchAndDevelopment": "27000000", "operatingExpenses": "329000000", "investmentIncomeNet": "None", "netInterestIncome": "-75000000", "interestIncome": "10000000", "interestExpense": "85000000", "nonInterestIncome": "None", "otherNonOperatingIncome": "None", "depreciation": "None", "depreciationAndAmortization": "149000000", "incomeBeforeTax": "194000000", "incomeTaxExpense": "-39000000", "interestAndDebtExpense": "None", "netIncomeFromContinuingOperations": "154000000", "comprehensiveIncomeNetOfTax": "None", "ebit": "299000000", "ebitda": "448000000", "netIncome": "152000000"}, {"fiscalDateEnding": "2023-06-30", "reportedCurrency": "USD", "grossProfit": "722000000", "totalRevenue": "3673000000", "costOfRevenue": "2951000000", "costofGoodsAndServicesSold": "2951000000", "operatingIncome": "325000000", "sellingGeneralAndAdministrative": "329000000", "researchAndDevelopment": "25000000", "operatingExpenses": "338000000", "investmentIncomeNet": "None", "netInterestIncome": "-70000000", "interestIncome": "4000000", "interestExpense": "70000000", "nonInterestIncome": "None", "otherNonOperatingIncome": "-7000000", "depreciation": "None", "depreciationAndAmortization": "158000000", "incomeBeforeTax": "252000000", "incomeTaxExpense": "68000000", "interestAndDebtExpense": "None", "netIncomeFromContinuingOperations": "184000000", "comprehensiveIncomeNetOfTax": "None", "ebit": "303000000", "ebitda": "461000000", "netIncome": "180000000"}, {"fiscalDateEnding": "2023-03-31", "reportedCurrency": "USD", "grossProfit": "673000000", "totalRevenue": "3667000000", "costOfRevenue": "2994000000", "costofGoodsAndServicesSold": "2994000000", "operatingIncome": "282000000", "sellingGeneralAndAdministrative": "317000000", "researchAndDevelopment": "27000000", "operatingExpenses": "391000000", "investmentIncomeNet": "None", "netInterestIncome": "-71000000", "interestIncome": "15000000", "interestExpense": "86000000", "nonInterestIncome": "None", "otherNonOperatingIncome": "17000000", "depreciation": "None", "depreciationAndAmortization": "144000000", "incomeBeforeTax": "213000000", "incomeTaxExpense": "34000000", "interestAndDebtExpense": "None", "netIncomeFromContinuingOperations": "179000000", "comprehensiveIncomeNetOfTax": "None", "ebit": "335000000", "ebitda": "479000000", "netIncome": "177000000"}, {"fiscalDateEnding": "2022-12-31", "reportedCurrency": "USD", "grossProfit": "662000000", "totalRevenue": "3642000000", "costOfRevenue": "2980000000", "costofGoodsAndServicesSold": "2980000000", "operatingIncome": "349000000", "sellingGeneralAndAdministrative": "298000000", "researchAndDevelopment": "24000000", "operatingExpenses": "316000000", "investmentIncomeNet": "None", "netInterestIncome": "-68000000", "interestIncome": "11000000", "interestExpense": "68000000", "nonInterestIncome": "None", "otherNonOperatingIncome": "14000000", "depreciation": "None", "depreciationAndAmortization": "133000000", "incomeBeforeTax": "494000000", "incomeTaxExpense": "33000000", "interestAndDebtExpense": "None", "netIncomeFromContinuingOperations": "461000000", "comprehensiveIncomeNetOfTax": "None", "ebit": "336000000", "ebitda": "469000000", "netIncome": "459000000"}, {"fiscalDateEnding": "2022-09-30", "reportedCurrency": "USD", "grossProfit": "668000000", "totalRevenue": "3712000000", "costOfRevenue": "3044000000", "costofGoodsAndServicesSold": "3044000000", "operatingIncome": "342000000", "sellingGeneralAndAdministrative": "302000000", "researchAndDevelopment": "25000000", "operatingExpenses": "327000000", "investmentIncomeNet": "None", "netInterestIncome": "-50000000", "interestIncome": "9000000", "interestExpense": "50000000", "nonInterestIncome": "None", "otherNonOperatingIncome": "9000000", "depreciation": "None", "depreciationAndAmortization": "151000000", "incomeBeforeTax": "292000000", "incomeTaxExpense": "58000000", "interestAndDebtExpense": "None", "netIncomeFromContinuingOperations": "234000000", "comprehensiveIncomeNetOfTax": "None", "ebit": "340000000", "ebitda": "491000000", "netIncome": "232000000"}, {"fiscalDateEnding": "2022-06-30", "reportedCurrency": "USD", "grossProfit": "794000000", "totalRevenue": "3909000000", "costOfRevenue": "3115000000", "costofGoodsAndServicesSold": "3115000000", "operatingIncome": "252000000", "sellingGeneralAndAdministrative": "342000000", "researchAndDevelopment": "24000000", "operatingExpenses": "335000000", "investmentIncomeNet": "None", "netInterestIncome": "-35000000", "interestIncome": "9000000", "interestExpense": "35000000", "nonInterestIncome": "None", "otherNonOperatingIncome": "8000000", "depreciation": "None", "depreciationAndAmortization": "146000000", "incomeBeforeTax": "216000000", "incomeTaxExpense": "104000000", "interestAndDebtExpense": "None", "netIncomeFromContinuingOperations": "112000000", "comprehensiveIncomeNetOfTax": "None", "ebit": "233000000", "ebitda": "379000000", "netIncome": "109000000"}, {"fiscalDateEnding": "2022-03-31", "reportedCurrency": "USD", "grossProfit": "731000000", "totalRevenue": "3708000000", "costOfRevenue": "2977000000", "costofGoodsAndServicesSold": "2977000000", "operatingIncome": "369000000", "sellingGeneralAndAdministrative": "326000000", "researchAndDevelopment": "24000000", "operatingExpenses": "353000000", "investmentIncomeNet": "None", "netInterestIncome": "-31000000", "interestIncome": "5000000", "interestExpense": "31000000", "nonInterestIncome": "None", "otherNonOperatingIncome": "10000000", "depreciation": "None", "depreciationAndAmortization": "147000000", "incomeBeforeTax": "343000000", "incomeTaxExpense": "72000000", "interestAndDebtExpense": "None", "netIncomeFromContinuingOperations": "271000000", "comprehensiveIncomeNetOfTax": "None", "ebit": "404000000", "ebitda": "551000000", "netIncome": "269000000"}, {"fiscalDateEnding": "2021-12-31", "reportedCurrency": "USD", "grossProfit": "645000000", "totalRevenue": "3507000000", "costOfRevenue": "2862000000", "costofGoodsAndServicesSold": "2862000000", "operatingIncome": "322000000", "sellingGeneralAndAdministrative": "303000000", "researchAndDevelopment": "23000000", "operatingExpenses": "313000000", "investmentIncomeNet": "None", "netInterestIncome": "-34000000", "interestIncome": "5000000", "interestExpense": "34000000", "nonInterestIncome": "None", "otherNonOperatingIncome": "7000000", "depreciation": "None", "depreciationAndAmortization": "155000000", "incomeBeforeTax": "290000000", "incomeTaxExpense": "61000000", "interestAndDebtExpense": "None", "netIncomeFromContinuingOperations": "229000000", "comprehensiveIncomeNetOfTax": "None", "ebit": "355000000", "ebitda": "510000000", "netIncome": "225000000"}, {"fiscalDateEnding": "2021-09-30", "reportedCurrency": "USD", "grossProfit": "650000000", "totalRevenue": "3420000000", "costOfRevenue": "2770000000", "costofGoodsAndServicesSold": "2770000000", "operatingIncome": "296000000", "sellingGeneralAndAdministrative": "329000000", "researchAndDevelopment": "25000000", "operatingExpenses": "346000000", "investmentIncomeNet": "None", "netInterestIncome": "-35000000", "interestIncome": "5000000", "interestExpense": "35000000", "nonInterestIncome": "None", "otherNonOperatingIncome": "10000000", "depreciation": "None", "depreciationAndAmortization": "177000000", "incomeBeforeTax": "266000000", "incomeTaxExpense": "63000000", "interestAndDebtExpense": "None", "netIncomeFromContinuingOperations": "203000000", "comprehensiveIncomeNetOfTax": "None", "ebit": "322000000", "ebitda": "499000000", "netIncome": "202000000"}, {"fiscalDateEnding": "2021-06-30", "reportedCurrency": "USD", "grossProfit": "745000000", "totalRevenue": "3454000000", "costOfRevenue": "2709000000", "costofGoodsAndServicesSold": "2709000000", "operatingIncome": "365000000", "sellingGeneralAndAdministrative": "330000000", "researchAndDevelopment": "26000000", "operatingExpenses": "308000000", "investmentIncomeNet": "None", "netInterestIncome": "-36000000", "interestIncome": "4000000", "interestExpense": "26000000", "nonInterestIncome": "None", "otherNonOperatingIncome": "None", "depreciation": "None", "depreciationAndAmortization": "148000000", "incomeBeforeTax": "333000000", "incomeTaxExpense": "74000000", "interestAndDebtExpense": "None", "netIncomeFromContinuingOperations": "259000000", "comprehensiveIncomeNetOfTax": "None", "ebit": "373000000", "ebitda": "521000000", "netIncome": "255000000"}, {"fiscalDateEnding": "2021-03-31", "reportedCurrency": "USD", "grossProfit": "682000000", "totalRevenue": "3207000000", "costOfRevenue": "2525000000", "costofGoodsAndServicesSold": "2525000000", "operatingIncome": "373000000", "sellingGeneralAndAdministrative": "325000000", "researchAndDevelopment": "25000000", "operatingExpenses": "333000000", "investmentIncomeNet": "None", "netInterestIncome": "-33000000", "interestIncome": "3000000", "interestExpense": "33000000", "nonInterestIncome": "None", "otherNonOperatingIncome": "4000000", "depreciation": "None", "depreciationAndAmortization": "139000000", "incomeBeforeTax": "341000000", "incomeTaxExpense": "71000000", "interestAndDebtExpense": "None", "netIncomeFromContinuingOperations": "270000000", "comprehensiveIncomeNetOfTax": "None", "ebit": "350000000", "ebitda": "489000000", "netIncome": "267000000"}, {"fiscalDateEnding": "2020-12-31", "reportedCurrency": "USD", "grossProfit": "651000000", "totalRevenue": "3103000000", "costOfRevenue": "2452000000", "costofGoodsAndServicesSold": "2452000000", "operatingIncome": "307000000", "sellingGeneralAndAdministrative": "308000000", "researchAndDevelopment": "23000000", "operatingExpenses": "321000000", "investmentIncomeNet": "None", "netInterestIncome": "-33000000", "interestIncome": "4000000", "interestExpense": "33000000", "nonInterestIncome": "None", "otherNonOperatingIncome": "7000000", "depreciation": "None", "depreciationAndAmortization": "142000000", "incomeBeforeTax": "277000000", "incomeTaxExpense": "55000000", "interestAndDebtExpense": "None", "netIncomeFromContinuingOperations": "222000000", "comprehensiveIncomeNetOfTax": "None", "ebit": "327000000", "ebitda": "469000000", "netIncome": "219000000"}, {"fiscalDateEnding": "2020-09-30", "reportedCurrency": "USD", "grossProfit": "654000000", "totalRevenue": "3097000000", "costOfRevenue": "2443000000", "costofGoodsAndServicesSold": "2443000000", "operatingIncome": "276000000", "sellingGeneralAndAdministrative": "329000000", "researchAndDevelopment": "26000000", "operatingExpenses": "355000000", "investmentIncomeNet": "None", "netInterestIncome": "-37000000", "interestIncome": "3000000", "interestExpense": "37000000", "nonInterestIncome": "None", "otherNonOperatingIncome": "None", "depreciation": "None", "depreciationAndAmortization": "145000000", "incomeBeforeTax": "242000000", "incomeTaxExpense": "61000000", "interestAndDebtExpense": "None", "netIncomeFromContinuingOperations": "200000000", "comprehensiveIncomeNetOfTax": "None", "ebit": "299000000", "ebitda": "444000000", "netIncome": "198000000"}, {"fiscalDateEnding": "2020-06-30", "reportedCurrency": "USD", "grossProfit": "720000000", "totalRevenue": "3143200000", "costOfRevenue": "2423200000", "costofGoodsAndServicesSold": "2423200000", "operatingIncome": "309900000", "sellingGeneralAndAdministrative": "351400000", "researchAndDevelopment": "22700000", "operatingExpenses": "355900000", "investmentIncomeNet": "None", "netInterestIncome": "-45200000", "interestIncome": "3900000", "interestExpense": "27200000", "nonInterestIncome": "None", "otherNonOperatingIncome": "None", "depreciation": "None", "depreciationAndAmortization": "152700000", "incomeBeforeTax": "263000000", "incomeTaxExpense": "64000000", "interestAndDebtExpense": "None", "netIncomeFromContinuingOperations": "177200000", "comprehensiveIncomeNetOfTax": "None", "ebit": "308700000", "ebitda": "461400000", "netIncome": "178900000"}, {"fiscalDateEnding": "2020-03-31", "reportedCurrency": "USD", "grossProfit": "652000000", "totalRevenue": "3141000000", "costOfRevenue": "2489000000", "costofGoodsAndServicesSold": "2489000000", "operatingIncome": "271200000", "sellingGeneralAndAdministrative": "353200000", "researchAndDevelopment": "24900000", "operatingExpenses": "360700000", "investmentIncomeNet": "None", "netInterestIncome": "-40500000", "interestIncome": "5300000", "interestExpense": "45800000", "nonInterestIncome": "None", "otherNonOperatingIncome": "None", "depreciation": "None", "depreciationAndAmortization": "167500000", "incomeBeforeTax": "236100000", "incomeTaxExpense": "56100000", "interestAndDebtExpense": "None", "netIncomeFromContinuingOperations": "183600000", "comprehensiveIncomeNetOfTax": "None", "ebit": "289900000", "ebitda": "457400000", "netIncome": "181500000"}, {"fiscalDateEnding": "2019-12-31", "reportedCurrency": "USD", "grossProfit": "617300000", "totalRevenue": "3043100000", "costOfRevenue": "2425800000", "costofGoodsAndServicesSold": "2425800000", "operatingIncome": "272300000", "sellingGeneralAndAdministrative": "308300000", "researchAndDevelopment": "23500000", "operatingExpenses": "320900000", "investmentIncomeNet": "None", "netInterestIncome": "-46000000", "interestIncome": "6300000", "interestExpense": "52300000", "nonInterestIncome": "None", "otherNonOperatingIncome": "None", "depreciation": "None", "depreciationAndAmortization": "147500000", "incomeBeforeTax": "230700000", "incomeTaxExpense": "45100000", "interestAndDebtExpense": "None", "netIncomeFromContinuingOperations": "187800000", "comprehensiveIncomeNetOfTax": "None", "ebit": "277300000", "ebitda": "424800000", "netIncome": "185600000"}, {"fiscalDateEnding": "2019-09-30", "reportedCurrency": "USD", "grossProfit": "546700000", "totalRevenue": "3140700000", "costOfRevenue": "2594000000", "costofGoodsAndServicesSold": "2594000000", "operatingIncome": "140600000", "sellingGeneralAndAdministrative": "371900000", "researchAndDevelopment": "25900000", "operatingExpenses": "388500000", "investmentIncomeNet": "None", "netInterestIncome": "-53000000", "interestIncome": "6700000", "interestExpense": "59700000", "nonInterestIncome": "None", "otherNonOperatingIncome": "None", "depreciation": "None", "depreciationAndAmortization": "184300000", "incomeBeforeTax": "95200000", "incomeTaxExpense": "21800000", "interestAndDebtExpense": "None", "netIncomeFromContinuingOperations": "75700000", "comprehensiveIncomeNetOfTax": "None", "ebit": "154800000", "ebitda": "339100000", "netIncome": "66000000"}, {"fiscalDateEnding": "2019-06-30", "reportedCurrency": "USD", "grossProfit": "534900000", "totalRevenue": "2602900000", "costOfRevenue": "2068000000", "costofGoodsAndServicesSold": "2068000000", "operatingIncome": "211600000", "sellingGeneralAndAdministrative": "374800000", "researchAndDevelopment": "16700000", "operatingExpenses": "253400000", "investmentIncomeNet": "None", "netInterestIncome": "-43400000", "interestIncome": "5200000", "interestExpense": "48600000", "nonInterestIncome": "None", "otherNonOperatingIncome": "None", "depreciation": "None", "depreciationAndAmortization": "183400000", "incomeBeforeTax": "167500000", "incomeTaxExpense": "90700000", "interestAndDebtExpense": "None", "netIncomeFromContinuingOperations": "82200000", "comprehensiveIncomeNetOfTax": "None", "ebit": "216100000", "ebitda": "399500000", "netIncome": "80600000"}, {"fiscalDateEnding": "2019-03-31", "reportedCurrency": "USD", "grossProfit": "419800000", "totalRevenue": "2309900000", "costOfRevenue": "1890100000", "costofGoodsAndServicesSold": "1890100000", "operatingIncome": "181300000", "sellingGeneralAndAdministrative": "34", "researchAndDevelopment": "15800000", "operatingExpenses": "230000000", "investmentIncomeNet": "None", "netInterestIncome": "-47600000", "interestIncome": "47600000", "interestExpense": "51100000", "nonInterestIncome": "None", "otherNonOperatingIncome": "None", "depreciation": "None", "depreciationAndAmortization": "82600000", "incomeBeforeTax": "134800000", "incomeTaxExpense": "28000000", "interestAndDebtExpense": "None", "netIncomeFromContinuingOperations": "112400000", "comprehensiveIncomeNetOfTax": "None", "ebit": "191200000", "ebitda": "273800000", "netIncome": "112600000"}, {"fiscalDateEnding": "2018-12-31", "reportedCurrency": "USD", "grossProfit": "453000000", "totalRevenue": "2285400000", "costOfRevenue": "1832400000", "costofGoodsAndServicesSold": "1832400000", "operatingIncome": "221500000", "sellingGeneralAndAdministrative": "205300000", "researchAndDevelopment": "17300000", "operatingExpenses": "191600000", "investmentIncomeNet": "None", "netInterestIncome": "None", "interestIncome": "None", "interestExpense": "52100000", "nonInterestIncome": "None", "otherNonOperatingIncome": "None", "depreciation": "None", "depreciationAndAmortization": "101000000", "incomeBeforeTax": "180300000", "incomeTaxExpense": "31100000", "interestAndDebtExpense": "None", "netIncomeFromContinuingOperations": "121050000", "comprehensiveIncomeNetOfTax": "None", "ebit": "246100000", "ebitda": "347100000", "netIncome": "138600000"}, {"fiscalDateEnding": "2018-09-30", "reportedCurrency": "USD", "grossProfit": "391600000", "totalRevenue": "2260200000", "costOfRevenue": "1868600000", "costofGoodsAndServicesSold": "1868600000", "operatingIncome": "191900000", "sellingGeneralAndAdministrative": "183000000", "researchAndDevelopment": "14200000", "operatingExpenses": "214900000", "investmentIncomeNet": "None", "netInterestIncome": "None", "interestIncome": "None", "interestExpense": "56250000", "nonInterestIncome": "None", "otherNonOperatingIncome": "None", "depreciation": "None", "depreciationAndAmortization": "86000000", "incomeBeforeTax": "123200000", "incomeTaxExpense": "21700000", "interestAndDebtExpense": "None", "netIncomeFromContinuingOperations": "121050000", "comprehensiveIncomeNetOfTax": "None", "ebit": "191900000", "ebitda": "277900000", "netIncome": "98200000"}, {"fiscalDateEnding": "2018-06-30", "reportedCurrency": "USD", "grossProfit": "480950000", "totalRevenue": "2408450000", "costOfRevenue": "1927500000", "costofGoodsAndServicesSold": "1927500000", "operatingIncome": "278800000", "sellingGeneralAndAdministrative": "141950000", "researchAndDevelopment": "18400000", "operatingExpenses": "254300000", "investmentIncomeNet": "None", "netInterestIncome": "None", "interestIncome": "None", "interestExpense": "50550000", "nonInterestIncome": "None", "otherNonOperatingIncome": "None", "depreciation": "None", "depreciationAndAmortization": "86550000", "incomeBeforeTax": "176700000", "incomeTaxExpense": "23550000", "interestAndDebtExpense": "None", "netIncomeFromContinuingOperations": "200750000", "comprehensiveIncomeNetOfTax": "None", "ebit": "278800000", "ebitda": "365350000", "netIncome": "149250000"}, {"fiscalDateEnding": "2018-03-31", "reportedCurrency": "USD", "grossProfit": "480950000", "totalRevenue": "2408450000", "costOfRevenue": "1927500000", "costofGoodsAndServicesSold": "1927500000", "operatingIncome": "278800000", "sellingGeneralAndAdministrative": "141950000", "researchAndDevelopment": "18400000", "operatingExpenses": "254300000", "investmentIncomeNet": "None", "netInterestIncome": "None", "interestIncome": "None", "interestExpense": "50550000", "nonInterestIncome": "None", "otherNonOperatingIncome": "None", "depreciation": "None", "depreciationAndAmortization": "86550000", "incomeBeforeTax": "176700000", "incomeTaxExpense": "23550000", "interestAndDebtExpense": "None", "netIncomeFromContinuingOperations": "200750000", "comprehensiveIncomeNetOfTax": "None", "ebit": "278800000", "ebitda": "365350000", "netIncome": "149250000"}, {"fiscalDateEnding": "2017-12-31", "reportedCurrency": "None", "grossProfit": "473600000", "totalRevenue": "2251100000", "costOfRevenue": "1777500000", "costofGoodsAndServicesSold": "1777500000", "operatingIncome": "283300000", "sellingGeneralAndAdministrative": "123200000", "researchAndDevelopment": "17400000", "operatingExpenses": "236000000", "investmentIncomeNet": "None", "netInterestIncome": "None", "interestIncome": "None", "interestExpense": "None", "nonInterestIncome": "None", "otherNonOperatingIncome": "None", "depreciation": "None", "depreciationAndAmortization": "82100000", "incomeBeforeTax": "188300000", "incomeTaxExpense": "40000000", "interestAndDebtExpense": "None", "netIncomeFromContinuingOperations": "None", "comprehensiveIncomeNetOfTax": "None", "ebit": "283300000", "ebitda": "365400000", "netIncome": "144600000"}, {"fiscalDateEnding": "2017-09-30", "reportedCurrency": "None", "grossProfit": "421300000", "totalRevenue": "2251100000", "costOfRevenue": "1829800000", "costofGoodsAndServicesSold": "1829800000", "operatingIncome": "202000000", "sellingGeneralAndAdministrative": "160700000", "researchAndDevelopment": "18500000", "operatingExpenses": "209900000", "investmentIncomeNet": "None", "netInterestIncome": "None", "interestIncome": "None", "interestExpense": "None", "nonInterestIncome": "None", "otherNonOperatingIncome": "None", "depreciation": "None", "depreciationAndAmortization": "97500000", "incomeBeforeTax": "163700000", "incomeTaxExpense": "31700000", "interestAndDebtExpense": "None", "netIncomeFromContinuingOperations": "None", "comprehensiveIncomeNetOfTax": "None", "ebit": "202000000", "ebitda": "299500000", "netIncome": "130800000"}, {"fiscalDateEnding": "2017-06-30", "reportedCurrency": "None", "grossProfit": "491050000", "totalRevenue": "2316850000", "costOfRevenue": "1825800000", "costofGoodsAndServicesSold": "1825800000", "operatingIncome": "288550000", "sellingGeneralAndAdministrative": "123600000", "researchAndDevelopment": "20800000", "operatingExpenses": "253400000", "investmentIncomeNet": "None", "netInterestIncome": "None", "interestIncome": "None", "interestExpense": "None", "nonInterestIncome": "None", "otherNonOperatingIncome": "None", "depreciation": "None", "depreciationAndAmortization": "87100000", "incomeBeforeTax": "195600000", "incomeTaxExpense": "35550000", "interestAndDebtExpense": "None", "netIncomeFromContinuingOperations": "None", "comprehensiveIncomeNetOfTax": "None", "ebit": "288550000", "ebitda": "375650000", "netIncome": "155200000"}, {"fiscalDateEnding": "2017-03-31", "reportedCurrency": "None", "grossProfit": "491050000", "totalRevenue": "2316850000", "costOfRevenue": "1825800000", "costofGoodsAndServicesSold": "1825800000", "operatingIncome": "288550000", "sellingGeneralAndAdministrative": "123600000", "researchAndDevelopment": "20800000", "operatingExpenses": "253400000", "investmentIncomeNet": "None", "netInterestIncome": "None", "interestIncome": "None", "interestExpense": "None", "nonInterestIncome": "None", "otherNonOperatingIncome": "None", "depreciation": "None", "depreciationAndAmortization": "87100000", "incomeBeforeTax": "195600000", "incomeTaxExpense": "35550000", "interestAndDebtExpense": "None", "netIncomeFromContinuingOperations": "None", "comprehensiveIncomeNetOfTax": "None", "ebit": "288550000", "ebitda": "375650000", "netIncome": "155200000"}, {"fiscalDateEnding": "2016-12-31", "reportedCurrency": "None", "grossProfit": "464850000", "totalRevenue": "2233650000", "costOfRevenue": "1768800000", "costofGoodsAndServicesSold": "1768800000", "operatingIncome": "231700000", "sellingGeneralAndAdministrative": "188350000", "researchAndDevelopment": "16649999", "operatingExpenses": "230700000", "investmentIncomeNet": "None", "netInterestIncome": "None", "interestIncome": "None", "interestExpense": "None", "nonInterestIncome": "None", "otherNonOperatingIncome": "None", "depreciation": "None", "depreciationAndAmortization": "88200000", "incomeBeforeTax": "187250000", "incomeTaxExpense": "40300000", "interestAndDebtExpense": "None", "netIncomeFromContinuingOperations": "None", "comprehensiveIncomeNetOfTax": "None", "ebit": "231700000", "ebitda": "319900000", "netIncome": "143300000"}, {"fiscalDateEnding": "2016-09-30", "reportedCurrency": "None", "grossProfit": "464850000", "totalRevenue": "2233650000", "costOfRevenue": "1768800000", "costofGoodsAndServicesSold": "1768800000", "operatingIncome": "231700000", "sellingGeneralAndAdministrative": "188350000", "researchAndDevelopment": "16649999", "operatingExpenses": "230700000", "investmentIncomeNet": "None", "netInterestIncome": "None", "interestIncome": "None", "interestExpense": "None", "nonInterestIncome": "None", "otherNonOperatingIncome": "None", "depreciation": "None", "depreciationAndAmortization": "88200000", "incomeBeforeTax": "187250000", "incomeTaxExpense": "40300000", "interestAndDebtExpense": "None", "netIncomeFromContinuingOperations": "None", "comprehensiveIncomeNetOfTax": "None", "ebit": "231700000", "ebitda": "319900000", "netIncome": "143300000"}, {"fiscalDateEnding": "2016-06-30", "reportedCurrency": "None", "grossProfit": "540150000", "totalRevenue": "2436800000", "costOfRevenue": "1896650000", "costofGoodsAndServicesSold": "1896650000", "operatingIncome": "286500000", "sellingGeneralAndAdministrative": "196900000", "researchAndDevelopment": "19900000", "operatingExpenses": "501299999", "investmentIncomeNet": "None", "netInterestIncome": "None", "interestIncome": "None", "interestExpense": "None", "nonInterestIncome": "None", "otherNonOperatingIncome": "None", "depreciation": "None", "depreciationAndAmortization": "81900000", "incomeBeforeTax": "-950000", "incomeTaxExpense": "23500000", "interestAndDebtExpense": "None", "netIncomeFromContinuingOperations": "None", "comprehensiveIncomeNetOfTax": "None", "ebit": "286500000", "ebitda": "368400000", "netIncome": "-30700000"}, {"fiscalDateEnding": "2016-03-31", "reportedCurrency": "None", "grossProfit": "540150000", "totalRevenue": "2436800000", "costOfRevenue": "1896650000", "costofGoodsAndServicesSold": "1896650000", "operatingIncome": "286500000", "sellingGeneralAndAdministrative": "196900000", "researchAndDevelopment": "19900000", "operatingExpenses": "501299999", "investmentIncomeNet": "None", "netInterestIncome": "None", "interestIncome": "None", "interestExpense": "None", "nonInterestIncome": "None", "otherNonOperatingIncome": "None", "depreciation": "None", "depreciationAndAmortization": "81900000", "incomeBeforeTax": "-950000", "incomeTaxExpense": "23500000", "interestAndDebtExpense": "None", "netIncomeFromContinuingOperations": "None", "comprehensiveIncomeNetOfTax": "None", "ebit": "286500000", "ebitda": "368400000", "netIncome": "-30700000"}, {"fiscalDateEnding": "2015-12-31", "reportedCurrency": "None", "grossProfit": "457250000", "totalRevenue": "2273850000", "costOfRevenue": "1816600000", "costofGoodsAndServicesSold": "1816600000", "operatingIncome": "238900000", "sellingGeneralAndAdministrative": "174850000", "researchAndDevelopment": "16750000", "operatingExpenses": "212750000", "investmentIncomeNet": "None", "netInterestIncome": "None", "interestIncome": "None", "interestExpense": "None", "nonInterestIncome": "None", "otherNonOperatingIncome": "None", "depreciation": "None", "depreciationAndAmortization": "90750000", "incomeBeforeTax": "205400000", "incomeTaxExpense": "44150000", "interestAndDebtExpense": "None", "netIncomeFromContinuingOperations": "None", "comprehensiveIncomeNetOfTax": "None", "ebit": "238900000", "ebitda": "329650000", "netIncome": "152750000"}, {"fiscalDateEnding": "2015-09-30", "reportedCurrency": "None", "grossProfit": "457250000", "totalRevenue": "2273850000", "costOfRevenue": "1816600000", "costofGoodsAndServicesSold": "1816600000", "operatingIncome": "238900000", "sellingGeneralAndAdministrative": "174850000", "researchAndDevelopment": "16750000", "operatingExpenses": "212750000", "investmentIncomeNet": "None", "netInterestIncome": "None", "interestIncome": "None", "interestExpense": "None", "nonInterestIncome": "None", "otherNonOperatingIncome": "None", "depreciation": "None", "depreciationAndAmortization": "90750000", "incomeBeforeTax": "205400000", "incomeTaxExpense": "44150000", "interestAndDebtExpense": "None", "netIncomeFromContinuingOperations": "None", "comprehensiveIncomeNetOfTax": "None", "ebit": "238900000", "ebitda": "329650000", "netIncome": "152750000"}, {"fiscalDateEnding": "2015-06-30", "reportedCurrency": "None", "grossProfit": "507350000", "totalRevenue": "2401400000", "costOfRevenue": "1894050000", "costofGoodsAndServicesSold": "1894050000", "operatingIncome": "255950000", "sellingGeneralAndAdministrative": "196400000", "researchAndDevelopment": "17150000", "operatingExpenses": "239250000", "investmentIncomeNet": "None", "netInterestIncome": "None", "interestIncome": "None", "interestExpense": "None", "nonInterestIncome": "None", "otherNonOperatingIncome": "None", "depreciation": "None", "depreciationAndAmortization": "79700000", "incomeBeforeTax": "234450000", "incomeTaxExpense": "48150000", "interestAndDebtExpense": "None", "netIncomeFromContinuingOperations": "None", "comprehensiveIncomeNetOfTax": "None", "ebit": "255950000", "ebitda": "335650000", "netIncome": "179500000"}, {"fiscalDateEnding": "2015-03-31", "reportedCurrency": "None", "grossProfit": "507350000", "totalRevenue": "2401400000", "costOfRevenue": "1894050000", "costofGoodsAndServicesSold": "1894050000", "operatingIncome": "255950000", "sellingGeneralAndAdministrative": "196400000", "researchAndDevelopment": "17150000", "operatingExpenses": "239250000", "investmentIncomeNet": "None", "netInterestIncome": "None", "interestIncome": "None", "interestExpense": "None", "nonInterestIncome": "None", "otherNonOperatingIncome": "None", "depreciation": "None", "depreciationAndAmortization": "79700000", "incomeBeforeTax": "234450000", "incomeTaxExpense": "48150000", "interestAndDebtExpense": "None", "netIncomeFromContinuingOperations": "None", "comprehensiveIncomeNetOfTax": "None", "ebit": "255950000", "ebitda": "335650000", "netIncome": "179500000"}, {"fiscalDateEnding": "2014-12-31", "reportedCurrency": "None", "grossProfit": "458750000", "totalRevenue": "2404500000", "costOfRevenue": "1945750000", "costofGoodsAndServicesSold": "1945750000", "operatingIncome": "252150000", "sellingGeneralAndAdministrative": "168150000", "researchAndDevelopment": "16300000", "operatingExpenses": "199350000", "investmentIncomeNet": "None", "netInterestIncome": "None", "interestIncome": "None", "interestExpense": "None", "nonInterestIncome": "None", "otherNonOperatingIncome": "None", "depreciation": "None", "depreciationAndAmortization": "92600000", "incomeBeforeTax": "213500000", "incomeTaxExpense": "45850000", "interestAndDebtExpense": "None", "netIncomeFromContinuingOperations": "None", "comprehensiveIncomeNetOfTax": "None", "ebit": "252150000", "ebitda": "344750000", "netIncome": "160650000"}, {"fiscalDateEnding": "2014-09-30", "reportedCurrency": "None", "grossProfit": "458750000", "totalRevenue": "2404500000", "costOfRevenue": "1945750000", "costofGoodsAndServicesSold": "1945750000", "operatingIncome": "252150000", "sellingGeneralAndAdministrative": "168150000", "researchAndDevelopment": "16300000", "operatingExpenses": "199350000", "investmentIncomeNet": "None", "netInterestIncome": "None", "interestIncome": "None", "interestExpense": "None", "nonInterestIncome": "None", "otherNonOperatingIncome": "None", "depreciation": "None", "depreciationAndAmortization": "92600000", "incomeBeforeTax": "213500000", "incomeTaxExpense": "45850000", "interestAndDebtExpense": "None", "netIncomeFromContinuingOperations": "None", "comprehensiveIncomeNetOfTax": "None", "ebit": "252150000", "ebitda": "344750000", "netIncome": "160650000"}, {"fiscalDateEnding": "2014-06-30", "reportedCurrency": "None", "grossProfit": "502900000", "totalRevenue": "2584050000", "costOfRevenue": "2081150000", "costofGoodsAndServicesSold": "2081150000", "operatingIncome": "261600000", "sellingGeneralAndAdministrative": "177200000", "researchAndDevelopment": "18250000", "operatingExpenses": "214200000", "investmentIncomeNet": "None", "netInterestIncome": "None", "interestIncome": "None", "interestExpense": "None", "nonInterestIncome": "None", "otherNonOperatingIncome": "None", "depreciation": "None", "depreciationAndAmortization": "93850000", "incomeBeforeTax": "247350000", "incomeTaxExpense": "50900000", "interestAndDebtExpense": "None", "netIncomeFromContinuingOperations": "None", "comprehensiveIncomeNetOfTax": "None", "ebit": "261600000", "ebitda": "355450000", "netIncome": "188350000"}, {"fiscalDateEnding": "2014-03-31", "reportedCurrency": "None", "grossProfit": "502900000", "totalRevenue": "2584050000", "costOfRevenue": "2081150000", "costofGoodsAndServicesSold": "2081150000", "operatingIncome": "261600000", "sellingGeneralAndAdministrative": "177200000", "researchAndDevelopment": "18250000", "operatingExpenses": "214200000", "investmentIncomeNet": "None", "netInterestIncome": "None", "interestIncome": "None", "interestExpense": "None", "nonInterestIncome": "None", "otherNonOperatingIncome": "None", "depreciation": "None", "depreciationAndAmortization": "93850000", "incomeBeforeTax": "247350000", "incomeTaxExpense": "50900000", "interestAndDebtExpense": "None", "netIncomeFromContinuingOperations": "None", "comprehensiveIncomeNetOfTax": "None", "ebit": "261600000", "ebitda": "355450000", "netIncome": "188350000"}, {"fiscalDateEnding": "2013-12-31", "reportedCurrency": "None", "grossProfit": "438050000", "totalRevenue": "2398200000", "costOfRevenue": "1960150000", "costofGoodsAndServicesSold": "1960150000", "operatingIncome": "241650000", "sellingGeneralAndAdministrative": "144150000", "researchAndDevelopment": "17050000", "operatingExpenses": "192200000", "investmentIncomeNet": "None", "netInterestIncome": "None", "interestIncome": "None", "interestExpense": "None", "nonInterestIncome": "None", "otherNonOperatingIncome": "None", "depreciation": "None", "depreciationAndAmortization": "93250000", "incomeBeforeTax": "197100000", "incomeTaxExpense": "40200000", "interestAndDebtExpense": "None", "netIncomeFromContinuingOperations": "None", "comprehensiveIncomeNetOfTax": "None", "ebit": "241650000", "ebitda": "334900000", "netIncome": "150550000"}, {"fiscalDateEnding": "2013-09-30", "reportedCurrency": "None", "grossProfit": "438050000", "totalRevenue": "2398200000", "costOfRevenue": "1960150000", "costofGoodsAndServicesSold": "1960150000", "operatingIncome": "241650000", "sellingGeneralAndAdministrative": "144150000", "researchAndDevelopment": "17050000", "operatingExpenses": "192200000", "investmentIncomeNet": "None", "netInterestIncome": "None", "interestIncome": "None", "interestExpense": "None", "nonInterestIncome": "None", "otherNonOperatingIncome": "None", "depreciation": "None", "depreciationAndAmortization": "93250000", "incomeBeforeTax": "197100000", "incomeTaxExpense": "40200000", "interestAndDebtExpense": "None", "netIncomeFromContinuingOperations": "None", "comprehensiveIncomeNetOfTax": "None", "ebit": "241650000", "ebitda": "334900000", "netIncome": "150550000"}, {"fiscalDateEnding": "2013-06-30", "reportedCurrency": "None", "grossProfit": "426145466", "totalRevenue": "2262095482", "costOfRevenue": "1835950016", "costofGoodsAndServicesSold": "1835950016", "operatingIncome": "225156772", "sellingGeneralAndAdministrative": "157870645", "researchAndDevelopment": "15150821", "operatingExpenses": "197738819", "investmentIncomeNet": "None", "netInterestIncome": "None", "interestIncome": "None", "interestExpense": "None", "nonInterestIncome": "None", "otherNonOperatingIncome": "None", "depreciation": "None", "depreciationAndAmortization": "82528493", "incomeBeforeTax": "196823362", "incomeTaxExpense": "43072275", "interestAndDebtExpense": "None", "netIncomeFromContinuingOperations": "None", "comprehensiveIncomeNetOfTax": "None", "ebit": "None", "ebitda": "None", "netIncome": "146381654"}, {"fiscalDateEnding": "2013-03-31", "reportedCurrency": "None", "grossProfit": "484517304", "totalRevenue": "2571948998", "costOfRevenue": "2087431694", "costofGoodsAndServicesSold": "2087431694", "operatingIncome": "255997918", "sellingGeneralAndAdministrative": "179495186", "researchAndDevelopment": "17226125", "operatingExpenses": "224824355", "investmentIncomeNet": "None", "netInterestIncome": "None", "interestIncome": "None", "interestExpense": "None", "nonInterestIncome": "None", "otherNonOperatingIncome": "None", "depreciation": "None", "depreciationAndAmortization": "93832943", "incomeBeforeTax": "223783502", "incomeTaxExpense": "48972157", "interestAndDebtExpense": "None", "netIncomeFromContinuingOperations": "None", "comprehensiveIncomeNetOfTax": "None", "ebit": "255997918", "ebitda": "349830861", "netIncome": "166432474"}, {"fiscalDateEnding": "2012-12-31", "reportedCurrency": "None", "grossProfit": "424129160", "totalRevenue": "2358822613", "costOfRevenue": "1934693453", "costofGoodsAndServicesSold": "1934693453", "operatingIncome": "225042828", "sellingGeneralAndAdministrative": "145875512", "researchAndDevelopment": "17131287", "operatingExpenses": "192649120", "investmentIncomeNet": "None", "netInterestIncome": "None", "interestIncome": "None", "interestExpense": "None", "nonInterestIncome": "None", "otherNonOperatingIncome": "None", "depreciation": "None", "depreciationAndAmortization": "92664694", "incomeBeforeTax": "186886777", "incomeTaxExpense": "40959352", "interestAndDebtExpense": "None", "netIncomeFromContinuingOperations": "None", "comprehensiveIncomeNetOfTax": "None", "ebit": "225042828", "ebitda": "317707522", "netIncome": "139853605"}, {"fiscalDateEnding": "2012-09-30", "reportedCurrency": "None", "grossProfit": "423865110", "totalRevenue": "2357354085", "costOfRevenue": "1933488975", "costofGoodsAndServicesSold": "1933488975", "operatingIncome": "224902723", "sellingGeneralAndAdministrative": "145784695", "researchAndDevelopment": "17120622", "operatingExpenses": "192529182", "investmentIncomeNet": "None", "netInterestIncome": "None", "interestIncome": "None", "interestExpense": "44565499", "nonInterestIncome": "None", "otherNonOperatingIncome": "None", "depreciation": "None", "depreciationAndAmortization": "92607004", "incomeBeforeTax": "186770428", "incomeTaxExpense": "40933852", "interestAndDebtExpense": "None", "netIncomeFromContinuingOperations": "None", "comprehensiveIncomeNetOfTax": "None", "ebit": "224902723", "ebitda": "317509727", "netIncome": "139766536"}]}