{"symbol": "TFC", "annualReports": [{"fiscalDateEnding": "2024-12-31", "reportedCurrency": "USD", "grossProfit": "-10975000000", "totalRevenue": "13278000000", "costOfRevenue": "24253000000", "costofGoodsAndServicesSold": "24253000000", "operatingIncome": "-481000000", "sellingGeneralAndAdministrative": "1337000000", "researchAndDevelopment": "None", "operatingExpenses": "1605000000", "investmentIncomeNet": "None", "netInterestIncome": "14091000000", "interestIncome": "25066000000", "interestExpense": "10975000000", "nonInterestIncome": "None", "otherNonOperatingIncome": "None", "depreciation": "None", "depreciationAndAmortization": "None", "incomeBeforeTax": "-601000000", "incomeTaxExpense": "-556000000", "interestAndDebtExpense": "None", "netIncomeFromContinuingOperations": "-45000000", "comprehensiveIncomeNetOfTax": "None", "ebit": "None", "ebitda": "-481000000", "netIncome": "4818000000"}, {"fiscalDateEnding": "2023-12-31", "reportedCurrency": "USD", "grossProfit": "20022000000", "totalRevenue": "20022000000", "costOfRevenue": "-2109000000", "costofGoodsAndServicesSold": "-2109000000", "operatingIncome": "-185000000", "sellingGeneralAndAdministrative": "6516000000", "researchAndDevelopment": "None", "operatingExpenses": "12520000000", "investmentIncomeNet": "None", "netInterestIncome": "14600000000", "interestIncome": "24456000000", "interestExpense": "9856000000", "nonInterestIncome": "None", "otherNonOperatingIncome": "None", "depreciation": "None", "depreciationAndAmortization": "1215000000", "incomeBeforeTax": "-185000000", "incomeTaxExpense": "862000000", "interestAndDebtExpense": "None", "netIncomeFromContinuingOperations": "-1047000000", "comprehensiveIncomeNetOfTax": "None", "ebit": "-185000000", "ebitda": "1030000000", "netIncome": "-1091000000"}, {"fiscalDateEnding": "2022-12-31", "reportedCurrency": "USD", "grossProfit": "23035000000", "totalRevenue": "19973000000", "costOfRevenue": "-3062000000", "costofGoodsAndServicesSold": "-3062000000", "operatingIncome": "7669000000", "sellingGeneralAndAdministrative": "6558000000", "researchAndDevelopment": "None", "operatingExpenses": "12568000000", "investmentIncomeNet": "None", "netInterestIncome": "14316000000", "interestIncome": "16637000000", "interestExpense": "2321000000", "nonInterestIncome": "None", "otherNonOperatingIncome": "None", "depreciation": "None", "depreciationAndAmortization": "1366000000", "incomeBeforeTax": "7669000000", "incomeTaxExpense": "1402000000", "interestAndDebtExpense": "None", "netIncomeFromContinuingOperations": "6267000000", "comprehensiveIncomeNetOfTax": "None", "ebit": "7669000000", "ebitda": "9035000000", "netIncome": "6260000000"}, {"fiscalDateEnding": "2021-12-31", "reportedCurrency": "USD", "grossProfit": "22296000000", "totalRevenue": "22296000000", "costOfRevenue": "None", "costofGoodsAndServicesSold": "None", "operatingIncome": "7993000000", "sellingGeneralAndAdministrative": "8632000000", "researchAndDevelopment": "None", "operatingExpenses": "12780000000", "investmentIncomeNet": "None", "netInterestIncome": "13006000000", "interestIncome": "13774000000", "interestExpense": "258000000", "nonInterestIncome": "None", "otherNonOperatingIncome": "None", "depreciation": "None", "depreciationAndAmortization": "1384000000", "incomeBeforeTax": "7993000000", "incomeTaxExpense": "1556000000", "interestAndDebtExpense": "None", "netIncomeFromContinuingOperations": "6437000000", "comprehensiveIncomeNetOfTax": "None", "ebit": "7993000000", "ebitda": "9377000000", "netIncome": "6440000000"}, {"fiscalDateEnding": "2020-12-31", "reportedCurrency": "USD", "grossProfit": "22705000000", "totalRevenue": "22705000000", "costOfRevenue": "None", "costofGoodsAndServicesSold": "None", "operatingIncome": "5473000000", "sellingGeneralAndAdministrative": "8146000000", "researchAndDevelopment": "None", "operatingExpenses": "17232000000", "investmentIncomeNet": "None", "netInterestIncome": "13826000000", "interestIncome": "15548000000", "interestExpense": "1722000000", "nonInterestIncome": "None", "otherNonOperatingIncome": "None", "depreciation": "None", "depreciationAndAmortization": "1608000000", "incomeBeforeTax": "5473000000", "incomeTaxExpense": "981000000", "interestAndDebtExpense": "None", "netIncomeFromContinuingOperations": "4492000000", "comprehensiveIncomeNetOfTax": "None", "ebit": "5473000000", "ebitda": "7081000000", "netIncome": "4482000000"}, {"fiscalDateEnding": "2019-12-31", "reportedCurrency": "USD", "grossProfit": "12568000000", "totalRevenue": "12568000000", "costOfRevenue": "None", "costofGoodsAndServicesSold": "None", "operatingIncome": "4019000000", "sellingGeneralAndAdministrative": "4833000000", "researchAndDevelopment": "None", "operatingExpenses": "8549000000", "investmentIncomeNet": "None", "netInterestIncome": "7313000000", "interestIncome": "9409000000", "interestExpense": "2096000000", "nonInterestIncome": "None", "otherNonOperatingIncome": "None", "depreciation": "None", "depreciationAndAmortization": "630000000", "incomeBeforeTax": "4019000000", "incomeTaxExpense": "782000000", "interestAndDebtExpense": "None", "netIncomeFromContinuingOperations": "4801000000", "comprehensiveIncomeNetOfTax": "None", "ebit": "4019000000", "ebitda": "4649000000", "netIncome": "3224000000"}, {"fiscalDateEnding": "2018-12-31", "reportedCurrency": "USD", "grossProfit": "11558000000", "totalRevenue": "11558000000", "costOfRevenue": "None", "costofGoodsAndServicesSold": "None", "operatingIncome": "4060000000", "sellingGeneralAndAdministrative": "4313000000", "researchAndDevelopment": "None", "operatingExpenses": "7498000000", "investmentIncomeNet": "None", "netInterestIncome": "6682000000", "interestIncome": "8120000000", "interestExpense": "1438000000", "nonInterestIncome": "None", "otherNonOperatingIncome": "None", "depreciation": "None", "depreciationAndAmortization": "555000000", "incomeBeforeTax": "4060000000", "incomeTaxExpense": "803000000", "interestAndDebtExpense": "None", "netIncomeFromContinuingOperations": "3257000000", "comprehensiveIncomeNetOfTax": "None", "ebit": "4060000000", "ebitda": "4615000000", "netIncome": "3237000000"}, {"fiscalDateEnding": "2017-12-31", "reportedCurrency": "USD", "grossProfit": "11317000000", "totalRevenue": "11317000000", "costOfRevenue": "None", "costofGoodsAndServicesSold": "None", "operatingIncome": "3326000000", "sellingGeneralAndAdministrative": "4226000000", "researchAndDevelopment": "None", "operatingExpenses": "7991000000", "investmentIncomeNet": "None", "netInterestIncome": "6535000000", "interestIncome": "7374000000", "interestExpense": "839000000", "nonInterestIncome": "None", "otherNonOperatingIncome": "None", "depreciation": "None", "depreciationAndAmortization": "550000000", "incomeBeforeTax": "3326000000", "incomeTaxExpense": "911000000", "interestAndDebtExpense": "None", "netIncomeFromContinuingOperations": "2415000000", "comprehensiveIncomeNetOfTax": "None", "ebit": "3326000000", "ebitda": "3876000000", "netIncome": "2394000000"}, {"fiscalDateEnding": "2016-12-31", "reportedCurrency": "USD", "grossProfit": "10793000000", "totalRevenue": "10793000000", "costOfRevenue": "None", "costofGoodsAndServicesSold": "None", "operatingIncome": "3500000000", "sellingGeneralAndAdministrative": "4029000000", "researchAndDevelopment": "None", "operatingExpenses": "7293000000", "investmentIncomeNet": "None", "netInterestIncome": "6321000000", "interestIncome": "7066000000", "interestExpense": "745000000", "nonInterestIncome": "None", "otherNonOperatingIncome": "None", "depreciation": "None", "depreciationAndAmortization": "555000000", "incomeBeforeTax": "3500000000", "incomeTaxExpense": "1058000000", "interestAndDebtExpense": "None", "netIncomeFromContinuingOperations": "2442000000", "comprehensiveIncomeNetOfTax": "None", "ebit": "3500000000", "ebitda": "4055000000", "netIncome": "2426000000"}, {"fiscalDateEnding": "2015-12-31", "reportedCurrency": "USD", "grossProfit": "9890000000", "totalRevenue": "9890000000", "costOfRevenue": "None", "costofGoodsAndServicesSold": "None", "operatingIncome": "2917000000", "sellingGeneralAndAdministrative": "3722000000", "researchAndDevelopment": "None", "operatingExpenses": "6973000000", "investmentIncomeNet": "None", "netInterestIncome": "5592000000", "interestIncome": "None", "interestExpense": "735000000", "nonInterestIncome": "None", "otherNonOperatingIncome": "None", "depreciation": "None", "depreciationAndAmortization": "461000000", "incomeBeforeTax": "2917000000", "incomeTaxExpense": "794000000", "interestAndDebtExpense": "None", "netIncomeFromContinuingOperations": "2123000000", "comprehensiveIncomeNetOfTax": "None", "ebit": "2917000000", "ebitda": "3378000000", "netIncome": "2084000000"}, {"fiscalDateEnding": "2014-12-31", "reportedCurrency": "USD", "grossProfit": "9573000000", "totalRevenue": "9573000000", "costOfRevenue": "None", "costofGoodsAndServicesSold": "None", "operatingIncome": "3127000000", "sellingGeneralAndAdministrative": "3523000000", "researchAndDevelopment": "None", "operatingExpenses": "6446000000", "investmentIncomeNet": "None", "netInterestIncome": "None", "interestIncome": "None", "interestExpense": "768000000", "nonInterestIncome": "None", "otherNonOperatingIncome": "None", "depreciation": "None", "depreciationAndAmortization": "424000000", "incomeBeforeTax": "3127000000", "incomeTaxExpense": "921000000", "interestAndDebtExpense": "None", "netIncomeFromContinuingOperations": "2226000000", "comprehensiveIncomeNetOfTax": "None", "ebit": "3127000000", "ebitda": "3551000000", "netIncome": "2131000000"}, {"fiscalDateEnding": "2013-12-31", "reportedCurrency": "USD", "grossProfit": "9914000000", "totalRevenue": "9914000000", "costOfRevenue": "None", "costofGoodsAndServicesSold": "None", "operatingIncome": "3283000000", "sellingGeneralAndAdministrative": "3586000000", "researchAndDevelopment": "None", "operatingExpenses": "6631000000", "investmentIncomeNet": "None", "netInterestIncome": "None", "interestIncome": "None", "interestExpense": "891000000", "nonInterestIncome": "None", "otherNonOperatingIncome": "None", "depreciation": "None", "depreciationAndAmortization": "421000000", "incomeBeforeTax": "3283000000", "incomeTaxExpense": "1553000000", "interestAndDebtExpense": "None", "netIncomeFromContinuingOperations": "1729000000", "comprehensiveIncomeNetOfTax": "None", "ebit": "3283000000", "ebitda": "3704000000", "netIncome": "1680000000"}, {"fiscalDateEnding": "2012-12-31", "reportedCurrency": "USD", "grossProfit": "9995000000", "totalRevenue": "9995000000", "costOfRevenue": "None", "costofGoodsAndServicesSold": "None", "operatingIncome": "2792000000", "sellingGeneralAndAdministrative": "3443000000", "researchAndDevelopment": "None", "operatingExpenses": "7203000000", "investmentIncomeNet": "None", "netInterestIncome": "None", "interestIncome": "None", "interestExpense": "1060000000", "nonInterestIncome": "None", "otherNonOperatingIncome": "None", "depreciation": "None", "depreciationAndAmortization": "391000000", "incomeBeforeTax": "2792000000", "incomeTaxExpense": "764000000", "interestAndDebtExpense": "None", "netIncomeFromContinuingOperations": "2028000000", "comprehensiveIncomeNetOfTax": "None", "ebit": "2792000000", "ebitda": "3183000000", "netIncome": "1979000000"}, {"fiscalDateEnding": "2011-12-31", "reportedCurrency": "USD", "grossProfit": "8909000000", "totalRevenue": "8909000000", "costOfRevenue": "None", "costofGoodsAndServicesSold": "None", "operatingIncome": "1628000000", "sellingGeneralAndAdministrative": "3016000000", "researchAndDevelopment": "None", "operatingExpenses": "7281000000", "investmentIncomeNet": "None", "netInterestIncome": "None", "interestIncome": "None", "interestExpense": "1378000000", "nonInterestIncome": "None", "otherNonOperatingIncome": "None", "depreciation": "None", "depreciationAndAmortization": "363000000", "incomeBeforeTax": "1628000000", "incomeTaxExpense": "296000000", "interestAndDebtExpense": "None", "netIncomeFromContinuingOperations": "None", "comprehensiveIncomeNetOfTax": "None", "ebit": "1628000000", "ebitda": "1991000000", "netIncome": "1289000000"}, {"fiscalDateEnding": "2010-12-31", "reportedCurrency": "USD", "grossProfit": "9393000000", "totalRevenue": "9393000000", "costOfRevenue": "-116000000", "costofGoodsAndServicesSold": "-116000000", "operatingIncome": "969000000", "sellingGeneralAndAdministrative": "2732000000", "researchAndDevelopment": "None", "operatingExpenses": "8424000000", "investmentIncomeNet": "None", "netInterestIncome": "None", "interestIncome": "None", "interestExpense": "1795000000", "nonInterestIncome": "None", "otherNonOperatingIncome": "None", "depreciation": "None", "depreciationAndAmortization": "382000000", "incomeBeforeTax": "969000000", "incomeTaxExpense": "115000000", "interestAndDebtExpense": "None", "netIncomeFromContinuingOperations": "None", "comprehensiveIncomeNetOfTax": "None", "ebit": "969000000", "ebitda": "1351000000", "netIncome": "816000000"}, {"fiscalDateEnding": "2009-12-31", "reportedCurrency": "USD", "grossProfit": "8737000000", "totalRevenue": "8737000000", "costOfRevenue": "None", "costofGoodsAndServicesSold": "None", "operatingIncome": "1036000000", "sellingGeneralAndAdministrative": "2503000000", "researchAndDevelopment": "None", "operatingExpenses": "7701000000", "investmentIncomeNet": "None", "netInterestIncome": "None", "interestIncome": "None", "interestExpense": "2040000000", "nonInterestIncome": "None", "otherNonOperatingIncome": "None", "depreciation": "None", "depreciationAndAmortization": "339000000", "incomeBeforeTax": "1036000000", "incomeTaxExpense": "159000000", "interestAndDebtExpense": "None", "netIncomeFromContinuingOperations": "None", "comprehensiveIncomeNetOfTax": "None", "ebit": "1036000000", "ebitda": "1375000000", "netIncome": "853000000"}, {"fiscalDateEnding": "2008-12-31", "reportedCurrency": "USD", "grossProfit": "7355000000", "totalRevenue": "7355000000", "costOfRevenue": "None", "costofGoodsAndServicesSold": "None", "operatingIncome": "2079000000", "sellingGeneralAndAdministrative": "2201000000", "researchAndDevelopment": "None", "operatingExpenses": "5276000000", "investmentIncomeNet": "None", "netInterestIncome": "None", "interestIncome": "None", "interestExpense": "2969000000", "nonInterestIncome": "None", "otherNonOperatingIncome": "None", "depreciation": "None", "depreciationAndAmortization": "298000000", "incomeBeforeTax": "2079000000", "incomeTaxExpense": "550000000", "interestAndDebtExpense": "None", "netIncomeFromContinuingOperations": "None", "comprehensiveIncomeNetOfTax": "None", "ebit": "2079000000", "ebitda": "2377000000", "netIncome": "1519000000"}, {"fiscalDateEnding": "2007-12-31", "reportedCurrency": "USD", "grossProfit": "6635000000", "totalRevenue": "6635000000", "costOfRevenue": "None", "costofGoodsAndServicesSold": "None", "operatingIncome": "2582000000", "sellingGeneralAndAdministrative": "2094000000", "researchAndDevelopment": "None", "operatingExpenses": "4053000000", "investmentIncomeNet": "None", "netInterestIncome": "None", "interestIncome": "None", "interestExpense": "4014000000", "nonInterestIncome": "None", "otherNonOperatingIncome": "None", "depreciation": "None", "depreciationAndAmortization": "283000000", "incomeBeforeTax": "2582000000", "incomeTaxExpense": "836000000", "interestAndDebtExpense": "None", "netIncomeFromContinuingOperations": "None", "comprehensiveIncomeNetOfTax": "None", "ebit": "2582000000", "ebitda": "2865000000", "netIncome": "1734000000"}, {"fiscalDateEnding": "2006-12-31", "reportedCurrency": "USD", "grossProfit": "6198000000", "totalRevenue": "6198000000", "costOfRevenue": "None", "costofGoodsAndServicesSold": "None", "operatingIncome": "2473000000", "sellingGeneralAndAdministrative": "2077000000", "researchAndDevelopment": "None", "operatingExpenses": "3725000000", "investmentIncomeNet": "None", "netInterestIncome": "None", "interestIncome": "None", "interestExpense": "3185000000", "nonInterestIncome": "None", "otherNonOperatingIncome": "None", "depreciation": "None", "depreciationAndAmortization": "292000000", "incomeBeforeTax": "2473000000", "incomeTaxExpense": "945000000", "interestAndDebtExpense": "None", "netIncomeFromContinuingOperations": "None", "comprehensiveIncomeNetOfTax": "None", "ebit": "2473000000", "ebitda": "2765000000", "netIncome": "1528000000"}, {"fiscalDateEnding": "2005-12-31", "reportedCurrency": "USD", "grossProfit": "5846000000", "totalRevenue": "5846000000", "costOfRevenue": "None", "costofGoodsAndServicesSold": "None", "operatingIncome": "2467000000", "sellingGeneralAndAdministrative": "1785000000", "researchAndDevelopment": "None", "operatingExpenses": "3379000000", "investmentIncomeNet": "None", "netInterestIncome": "None", "interestIncome": "None", "interestExpense": "1981000000", "nonInterestIncome": "None", "otherNonOperatingIncome": "None", "depreciation": "None", "depreciationAndAmortization": "303000000", "incomeBeforeTax": "2467000000", "incomeTaxExpense": "813000000", "interestAndDebtExpense": "None", "netIncomeFromContinuingOperations": "None", "comprehensiveIncomeNetOfTax": "None", "ebit": "2467000000", "ebitda": "2770000000", "netIncome": "1654000000"}], "quarterlyReports": [{"fiscalDateEnding": "2024-12-31", "reportedCurrency": "USD", "grossProfit": "5060000000", "totalRevenue": "5060000000", "costOfRevenue": "None", "costofGoodsAndServicesSold": "None", "operatingIncome": "1565000000", "sellingGeneralAndAdministrative": "1587000000", "researchAndDevelopment": "None", "operatingExpenses": "3508000000", "investmentIncomeNet": "None", "netInterestIncome": "3590000000", "interestIncome": "6179000000", "interestExpense": "2589000000", "nonInterestIncome": "None", "otherNonOperatingIncome": "None", "depreciation": "None", "depreciationAndAmortization": "None", "incomeBeforeTax": "1554000000", "incomeTaxExpense": "265000000", "interestAndDebtExpense": "None", "netIncomeFromContinuingOperations": "1289000000", "comprehensiveIncomeNetOfTax": "None", "ebit": "None", "ebitda": "1565000000", "netIncome": "1276000000"}, {"fiscalDateEnding": "2024-09-30", "reportedCurrency": "USD", "grossProfit": "5085000000", "totalRevenue": "5085000000", "costOfRevenue": "-2750000000", "costofGoodsAndServicesSold": "-2750000000", "operatingIncome": "1710000000", "sellingGeneralAndAdministrative": "1628000000", "researchAndDevelopment": "None", "operatingExpenses": "3375000000", "investmentIncomeNet": "None", "netInterestIncome": "3602000000", "interestIncome": "6352000000", "interestExpense": "2692000000", "nonInterestIncome": "None", "otherNonOperatingIncome": "None", "depreciation": "None", "depreciationAndAmortization": "229000000", "incomeBeforeTax": "1710000000", "incomeTaxExpense": "271000000", "interestAndDebtExpense": "None", "netIncomeFromContinuingOperations": "1439000000", "comprehensiveIncomeNetOfTax": "None", "ebit": "1710000000", "ebitda": "1939000000", "netIncome": "1442000000"}, {"fiscalDateEnding": "2024-06-30", "reportedCurrency": "USD", "grossProfit": "-1685000000", "totalRevenue": "-1685000000", "costOfRevenue": "20000000", "costofGoodsAndServicesSold": "20000000", "operatingIncome": "-5230000000", "sellingGeneralAndAdministrative": "1661000000", "researchAndDevelopment": "None", "operatingExpenses": "2533000000", "investmentIncomeNet": "None", "netInterestIncome": "3527000000", "interestIncome": "6351000000", "interestExpense": "2824000000", "nonInterestIncome": "None", "otherNonOperatingIncome": "None", "depreciation": "None", "depreciationAndAmortization": "240000000", "incomeBeforeTax": "-5230000000", "incomeTaxExpense": "-1324000000", "interestAndDebtExpense": "None", "netIncomeFromContinuingOperations": "-3906000000", "comprehensiveIncomeNetOfTax": "None", "ebit": "-5230000000", "ebitda": "-4990000000", "netIncome": "903000000"}, {"fiscalDateEnding": "2024-03-31", "reportedCurrency": "USD", "grossProfit": "4818000000", "totalRevenue": "4818000000", "costOfRevenue": "3312000000", "costofGoodsAndServicesSold": "3312000000", "operatingIncome": "1365000000", "sellingGeneralAndAdministrative": "1630000000", "researchAndDevelopment": "None", "operatingExpenses": "2476000000", "investmentIncomeNet": "None", "netInterestIncome": "3372000000", "interestIncome": "6184000000", "interestExpense": "2812000000", "nonInterestIncome": "None", "otherNonOperatingIncome": "None", "depreciation": "None", "depreciationAndAmortization": "273000000", "incomeBeforeTax": "1365000000", "incomeTaxExpense": "232000000", "interestAndDebtExpense": "None", "netIncomeFromContinuingOperations": "1133000000", "comprehensiveIncomeNetOfTax": "None", "ebit": "1365000000", "ebitda": "1638000000", "netIncome": "1197000000"}, {"fiscalDateEnding": "2023-12-31", "reportedCurrency": "USD", "grossProfit": "5698000000", "totalRevenue": "5698000000", "costOfRevenue": "None", "costofGoodsAndServicesSold": "None", "operatingIncome": "-5154000000", "sellingGeneralAndAdministrative": "2017000000", "researchAndDevelopment": "None", "operatingExpenses": "10852000000", "investmentIncomeNet": "None", "netInterestIncome": "3543000000", "interestIncome": "6266000000", "interestExpense": "2723000000", "nonInterestIncome": "None", "otherNonOperatingIncome": "None", "depreciation": "None", "depreciationAndAmortization": "296000000", "incomeBeforeTax": "-5154000000", "incomeTaxExpense": "-64000000", "interestAndDebtExpense": "None", "netIncomeFromContinuingOperations": "-5090000000", "comprehensiveIncomeNetOfTax": "None", "ebit": "-5154000000", "ebitda": "-4858000000", "netIncome": "-5090000000"}, {"fiscalDateEnding": "2023-09-30", "reportedCurrency": "USD", "grossProfit": "4869000000", "totalRevenue": "4869000000", "costOfRevenue": "None", "costofGoodsAndServicesSold": "None", "operatingIncome": "1312000000", "sellingGeneralAndAdministrative": "1669000000", "researchAndDevelopment": "None", "operatingExpenses": "3557000000", "investmentIncomeNet": "None", "netInterestIncome": "3564000000", "interestIncome": "6229000000", "interestExpense": "2692000000", "nonInterestIncome": "None", "otherNonOperatingIncome": "None", "depreciation": "None", "depreciationAndAmortization": "302000000", "incomeBeforeTax": "1312000000", "incomeTaxExpense": "203000000", "interestAndDebtExpense": "None", "netIncomeFromContinuingOperations": "1183000000", "comprehensiveIncomeNetOfTax": "None", "ebit": "1312000000", "ebitda": "1614000000", "netIncome": "1177000000"}, {"fiscalDateEnding": "2023-06-30", "reportedCurrency": "USD", "grossProfit": "4983000000", "totalRevenue": "4983000000", "costOfRevenue": "None", "costofGoodsAndServicesSold": "None", "operatingIncome": "1399000000", "sellingGeneralAndAdministrative": "1705000000", "researchAndDevelopment": "None", "operatingExpenses": "3584000000", "investmentIncomeNet": "None", "netInterestIncome": "3625000000", "interestIncome": "6176000000", "interestExpense": "2572000000", "nonInterestIncome": "None", "otherNonOperatingIncome": "None", "depreciation": "None", "depreciationAndAmortization": "301000000", "incomeBeforeTax": "1399000000", "incomeTaxExpense": "230000000", "interestAndDebtExpense": "None", "netIncomeFromContinuingOperations": "1345000000", "comprehensiveIncomeNetOfTax": "None", "ebit": "1399000000", "ebitda": "1700000000", "netIncome": "1309000000"}, {"fiscalDateEnding": "2023-03-31", "reportedCurrency": "USD", "grossProfit": "5288000000", "totalRevenue": "5288000000", "costOfRevenue": "None", "costofGoodsAndServicesSold": "None", "operatingIncome": "1771000000", "sellingGeneralAndAdministrative": "1668000000", "researchAndDevelopment": "None", "operatingExpenses": "3517000000", "investmentIncomeNet": "None", "netInterestIncome": "3868000000", "interestIncome": "5785000000", "interestExpense": "1917000000", "nonInterestIncome": "None", "otherNonOperatingIncome": "None", "depreciation": "None", "depreciationAndAmortization": "316000000", "incomeBeforeTax": "1771000000", "incomeTaxExpense": "361000000", "interestAndDebtExpense": "None", "netIncomeFromContinuingOperations": "1515000000", "comprehensiveIncomeNetOfTax": "None", "ebit": "1771000000", "ebitda": "2087000000", "netIncome": "1513000000"}, {"fiscalDateEnding": "2022-12-31", "reportedCurrency": "USD", "grossProfit": "6282000000", "totalRevenue": "6282000000", "costOfRevenue": "None", "costofGoodsAndServicesSold": "None", "operatingIncome": "2019000000", "sellingGeneralAndAdministrative": "2198000000", "researchAndDevelopment": "None", "operatingExpenses": "4263000000", "investmentIncomeNet": "None", "netInterestIncome": "3981000000", "interestIncome": "5238000000", "interestExpense": "1257000000", "nonInterestIncome": "None", "otherNonOperatingIncome": "None", "depreciation": "None", "depreciationAndAmortization": "365000000", "incomeBeforeTax": "2019000000", "incomeTaxExpense": "337000000", "interestAndDebtExpense": "None", "netIncomeFromContinuingOperations": "1682000000", "comprehensiveIncomeNetOfTax": "None", "ebit": "2019000000", "ebitda": "2384000000", "netIncome": "1681000000"}, {"fiscalDateEnding": "2022-09-30", "reportedCurrency": "USD", "grossProfit": "1478000000", "totalRevenue": "5847000000", "costOfRevenue": "None", "costofGoodsAndServicesSold": "None", "operatingIncome": "2662000000", "sellingGeneralAndAdministrative": "2116000000", "researchAndDevelopment": "None", "operatingExpenses": "457000000", "investmentIncomeNet": "None", "netInterestIncome": "3745000000", "interestIncome": "4369000000", "interestExpense": "624000000", "nonInterestIncome": "None", "otherNonOperatingIncome": "None", "depreciation": "None", "depreciationAndAmortization": "185000000", "incomeBeforeTax": "2000000000", "incomeTaxExpense": "363000000", "interestAndDebtExpense": "None", "netIncomeFromContinuingOperations": "1637000000", "comprehensiveIncomeNetOfTax": "None", "ebit": "2662000000", "ebitda": "2847000000", "netIncome": "1633000000"}, {"fiscalDateEnding": "2022-06-30", "reportedCurrency": "USD", "grossProfit": "1982000000", "totalRevenue": "5655000000", "costOfRevenue": "None", "costofGoodsAndServicesSold": "None", "operatingIncome": "2247000000", "sellingGeneralAndAdministrative": "2102000000", "researchAndDevelopment": "None", "operatingExpenses": "442000000", "investmentIncomeNet": "None", "netInterestIncome": "3407000000", "interestIncome": "3673000000", "interestExpense": "266000000", "nonInterestIncome": "None", "otherNonOperatingIncome": "None", "depreciation": "None", "depreciationAndAmortization": "190000000", "incomeBeforeTax": "1904000000", "incomeTaxExpense": "372000000", "interestAndDebtExpense": "None", "netIncomeFromContinuingOperations": "1532000000", "comprehensiveIncomeNetOfTax": "None", "ebit": "2247000000", "ebitda": "2437000000", "netIncome": "1531000000"}, {"fiscalDateEnding": "2022-03-31", "reportedCurrency": "USD", "grossProfit": "5325000000", "totalRevenue": "5325000000", "costOfRevenue": "None", "costofGoodsAndServicesSold": "None", "operatingIncome": "1746000000", "sellingGeneralAndAdministrative": "2051000000", "researchAndDevelopment": "None", "operatingExpenses": "3579000000", "investmentIncomeNet": "None", "netInterestIncome": "3183000000", "interestIncome": "3357000000", "interestExpense": "174000000", "nonInterestIncome": "None", "otherNonOperatingIncome": "None", "depreciation": "None", "depreciationAndAmortization": "332000000", "incomeBeforeTax": "1746000000", "incomeTaxExpense": "330000000", "interestAndDebtExpense": "None", "netIncomeFromContinuingOperations": "1416000000", "comprehensiveIncomeNetOfTax": "None", "ebit": "1746000000", "ebitda": "2078000000", "netIncome": "1415000000"}, {"fiscalDateEnding": "2021-12-31", "reportedCurrency": "USD", "grossProfit": "5529000000", "totalRevenue": "5529000000", "costOfRevenue": "37000000", "costofGoodsAndServicesSold": "37000000", "operatingIncome": "1969000000", "sellingGeneralAndAdministrative": "2096000000", "researchAndDevelopment": "None", "operatingExpenses": "3560000000", "investmentIncomeNet": "None", "netInterestIncome": "3243000000", "interestIncome": "3411000000", "interestExpense": "168000000", "nonInterestIncome": "None", "otherNonOperatingIncome": "None", "depreciation": "None", "depreciationAndAmortization": "343000000", "incomeBeforeTax": "1969000000", "incomeTaxExpense": "367000000", "interestAndDebtExpense": "None", "netIncomeFromContinuingOperations": "1602000000", "comprehensiveIncomeNetOfTax": "None", "ebit": "1969000000", "ebitda": "2312000000", "netIncome": "1602000000"}, {"fiscalDateEnding": "2021-09-30", "reportedCurrency": "USD", "grossProfit": "5598000000", "totalRevenue": "5598000000", "costOfRevenue": "None", "costofGoodsAndServicesSold": "None", "operatingIncome": "2127000000", "sellingGeneralAndAdministrative": "2187000000", "researchAndDevelopment": "None", "operatingExpenses": "3471000000", "investmentIncomeNet": "None", "netInterestIncome": "3233000000", "interestIncome": "3426000000", "interestExpense": "193000000", "nonInterestIncome": "None", "otherNonOperatingIncome": "None", "depreciation": "None", "depreciationAndAmortization": "354000000", "incomeBeforeTax": "2127000000", "incomeTaxExpense": "423000000", "interestAndDebtExpense": "None", "netIncomeFromContinuingOperations": "1704000000", "comprehensiveIncomeNetOfTax": "None", "ebit": "2127000000", "ebitda": "2481000000", "netIncome": "1704000000"}, {"fiscalDateEnding": "2021-06-30", "reportedCurrency": "USD", "grossProfit": "5650000000", "totalRevenue": "5650000000", "costOfRevenue": "None", "costofGoodsAndServicesSold": "None", "operatingIncome": "2073000000", "sellingGeneralAndAdministrative": "2207000000", "researchAndDevelopment": "None", "operatingExpenses": "3577000000", "investmentIncomeNet": "None", "netInterestIncome": "3245000000", "interestIncome": "3443000000", "interestExpense": "198000000", "nonInterestIncome": "None", "otherNonOperatingIncome": "None", "depreciation": "None", "depreciationAndAmortization": "342000000", "incomeBeforeTax": "2073000000", "incomeTaxExpense": "415000000", "interestAndDebtExpense": "None", "netIncomeFromContinuingOperations": "1658000000", "comprehensiveIncomeNetOfTax": "None", "ebit": "2073000000", "ebitda": "2415000000", "netIncome": "1657000000"}, {"fiscalDateEnding": "2021-03-31", "reportedCurrency": "USD", "grossProfit": "5446000000", "totalRevenue": "5446000000", "costOfRevenue": "None", "costofGoodsAndServicesSold": "None", "operatingIncome": "1824000000", "sellingGeneralAndAdministrative": "2142000000", "researchAndDevelopment": "None", "operatingExpenses": "3622000000", "investmentIncomeNet": "None", "netInterestIncome": "3285000000", "interestIncome": "3494000000", "interestExpense": "209000000", "nonInterestIncome": "None", "otherNonOperatingIncome": "None", "depreciation": "None", "depreciationAndAmortization": "345000000", "incomeBeforeTax": "1824000000", "incomeTaxExpense": "351000000", "interestAndDebtExpense": "None", "netIncomeFromContinuingOperations": "1473000000", "comprehensiveIncomeNetOfTax": "None", "ebit": "1824000000", "ebitda": "2169000000", "netIncome": "1477000000"}, {"fiscalDateEnding": "2020-12-31", "reportedCurrency": "USD", "grossProfit": "5651000000", "totalRevenue": "5651000000", "costOfRevenue": "None", "costofGoodsAndServicesSold": "None", "operatingIncome": "1641000000", "sellingGeneralAndAdministrative": "2108000000", "researchAndDevelopment": "None", "operatingExpenses": "4010000000", "investmentIncomeNet": "None", "netInterestIncome": "3366000000", "interestIncome": "3611000000", "interestExpense": "245000000", "nonInterestIncome": "None", "otherNonOperatingIncome": "None", "depreciation": "None", "depreciationAndAmortization": "401000000", "incomeBeforeTax": "1641000000", "incomeTaxExpense": "311000000", "interestAndDebtExpense": "None", "netIncomeFromContinuingOperations": "1330000000", "comprehensiveIncomeNetOfTax": "None", "ebit": "1641000000", "ebitda": "2042000000", "netIncome": "1329000000"}, {"fiscalDateEnding": "2020-09-30", "reportedCurrency": "USD", "grossProfit": "5572000000", "totalRevenue": "5572000000", "costOfRevenue": "None", "costofGoodsAndServicesSold": "None", "operatingIncome": "1396000000", "sellingGeneralAndAdministrative": "2058000000", "researchAndDevelopment": "None", "operatingExpenses": "4176000000", "investmentIncomeNet": "None", "netInterestIncome": "3362000000", "interestIncome": "3623000000", "interestExpense": "261000000", "nonInterestIncome": "None", "otherNonOperatingIncome": "None", "depreciation": "None", "depreciationAndAmortization": "388000000", "incomeBeforeTax": "1396000000", "incomeTaxExpense": "255000000", "interestAndDebtExpense": "None", "netIncomeFromContinuingOperations": "1141000000", "comprehensiveIncomeNetOfTax": "None", "ebit": "1396000000", "ebitda": "1784000000", "netIncome": "1138000000"}, {"fiscalDateEnding": "2020-06-30", "reportedCurrency": "USD", "grossProfit": "5871000000", "totalRevenue": "5871000000", "costOfRevenue": "None", "costofGoodsAndServicesSold": "None", "operatingIncome": "1149000000", "sellingGeneralAndAdministrative": "2008000000", "researchAndDevelopment": "None", "operatingExpenses": "4722000000", "investmentIncomeNet": "None", "netInterestIncome": "3448000000", "interestIncome": "3888000000", "interestExpense": "440000000", "nonInterestIncome": "None", "otherNonOperatingIncome": "None", "depreciation": "None", "depreciationAndAmortization": "420000000", "incomeBeforeTax": "1149000000", "incomeTaxExpense": "191000000", "interestAndDebtExpense": "None", "netIncomeFromContinuingOperations": "958000000", "comprehensiveIncomeNetOfTax": "None", "ebit": "1149000000", "ebitda": "1569000000", "netIncome": "955000000"}, {"fiscalDateEnding": "2020-03-31", "reportedCurrency": "USD", "grossProfit": "5611000000", "totalRevenue": "5611000000", "costOfRevenue": "71000000", "costofGoodsAndServicesSold": "71000000", "operatingIncome": "1287000000", "sellingGeneralAndAdministrative": "1972000000", "researchAndDevelopment": "None", "operatingExpenses": "4324000000", "investmentIncomeNet": "None", "netInterestIncome": "3650000000", "interestIncome": "4426000000", "interestExpense": "776000000", "nonInterestIncome": "None", "otherNonOperatingIncome": "None", "depreciation": "None", "depreciationAndAmortization": "399000000", "incomeBeforeTax": "1287000000", "incomeTaxExpense": "224000000", "interestAndDebtExpense": "None", "netIncomeFromContinuingOperations": "1063000000", "comprehensiveIncomeNetOfTax": "None", "ebit": "1287000000", "ebitda": "1686000000", "netIncome": "1060000000"}, {"fiscalDateEnding": "2019-12-31", "reportedCurrency": "USD", "grossProfit": "3625000000", "totalRevenue": "3625000000", "costOfRevenue": "None", "costofGoodsAndServicesSold": "None", "operatingIncome": "879000000", "sellingGeneralAndAdministrative": "1465000000", "researchAndDevelopment": "None", "operatingExpenses": "2746000000", "investmentIncomeNet": "None", "netInterestIncome": "2227000000", "interestIncome": "2812000000", "interestExpense": "585000000", "nonInterestIncome": "None", "otherNonOperatingIncome": "None", "depreciation": "None", "depreciationAndAmortization": "213000000", "incomeBeforeTax": "879000000", "incomeTaxExpense": "153000000", "interestAndDebtExpense": "None", "netIncomeFromContinuingOperations": "2290000000", "comprehensiveIncomeNetOfTax": "None", "ebit": "879000000", "ebitda": "1092000000", "netIncome": "721000000"}, {"fiscalDateEnding": "2019-09-30", "reportedCurrency": "USD", "grossProfit": "3003000000", "totalRevenue": "3003000000", "costOfRevenue": "None", "costofGoodsAndServicesSold": "None", "operatingIncome": "1046000000", "sellingGeneralAndAdministrative": "1161000000", "researchAndDevelopment": "None", "operatingExpenses": "1957000000", "investmentIncomeNet": "None", "netInterestIncome": "1700000000", "interestIncome": "2218000000", "interestExpense": "518000000", "nonInterestIncome": "None", "otherNonOperatingIncome": "None", "depreciation": "None", "depreciationAndAmortization": "141000000", "incomeBeforeTax": "1046000000", "incomeTaxExpense": "218000000", "interestAndDebtExpense": "None", "netIncomeFromContinuingOperations": "828000000", "comprehensiveIncomeNetOfTax": "None", "ebit": "1046000000", "ebitda": "1187000000", "netIncome": "825000000"}, {"fiscalDateEnding": "2019-06-30", "reportedCurrency": "USD", "grossProfit": "3042000000", "totalRevenue": "3042000000", "costOfRevenue": "None", "costofGoodsAndServicesSold": "None", "operatingIncome": "1119000000", "sellingGeneralAndAdministrative": "1120000000", "researchAndDevelopment": "None", "operatingExpenses": "1923000000", "investmentIncomeNet": "None", "netInterestIncome": "1690000000", "interestIncome": "2206000000", "interestExpense": "516000000", "nonInterestIncome": "None", "otherNonOperatingIncome": "None", "depreciation": "None", "depreciationAndAmortization": "139000000", "incomeBeforeTax": "1119000000", "incomeTaxExpense": "234000000", "interestAndDebtExpense": "None", "netIncomeFromContinuingOperations": "885000000", "comprehensiveIncomeNetOfTax": "None", "ebit": "1119000000", "ebitda": "1258000000", "netIncome": "886000000"}, {"fiscalDateEnding": "2019-03-31", "reportedCurrency": "USD", "grossProfit": "2898000000", "totalRevenue": "2898000000", "costOfRevenue": "None", "costofGoodsAndServicesSold": "None", "operatingIncome": "975000000", "sellingGeneralAndAdministrative": "1087000000", "researchAndDevelopment": "None", "operatingExpenses": "1923000000", "investmentIncomeNet": "None", "netInterestIncome": "1696000000", "interestIncome": "2173000000", "interestExpense": "477000000", "nonInterestIncome": "None", "otherNonOperatingIncome": "None", "depreciation": "None", "depreciationAndAmortization": "137000000", "incomeBeforeTax": "975000000", "incomeTaxExpense": "177000000", "interestAndDebtExpense": "None", "netIncomeFromContinuingOperations": "798000000", "comprehensiveIncomeNetOfTax": "None", "ebit": "975000000", "ebitda": "1112000000", "netIncome": "792000000"}, {"fiscalDateEnding": "2018-12-31", "reportedCurrency": "USD", "grossProfit": "2940000000", "totalRevenue": "2940000000", "costOfRevenue": "None", "costofGoodsAndServicesSold": "None", "operatingIncome": "1010000000", "sellingGeneralAndAdministrative": "1096000000", "researchAndDevelopment": "None", "operatingExpenses": "1930000000", "investmentIncomeNet": "None", "netInterestIncome": "None", "interestIncome": "None", "interestExpense": "431000000", "nonInterestIncome": "None", "otherNonOperatingIncome": "None", "depreciation": "None", "depreciationAndAmortization": "142000000", "incomeBeforeTax": "1010000000", "incomeTaxExpense": "205000000", "interestAndDebtExpense": "None", "netIncomeFromContinuingOperations": "805000000", "comprehensiveIncomeNetOfTax": "None", "ebit": "1010000000", "ebitda": "1152000000", "netIncome": "798000000"}, {"fiscalDateEnding": "2018-09-30", "reportedCurrency": "USD", "grossProfit": "2926000000", "totalRevenue": "2926000000", "costOfRevenue": "None", "costofGoodsAndServicesSold": "None", "operatingIncome": "1049000000", "sellingGeneralAndAdministrative": "1104000000", "researchAndDevelopment": "None", "operatingExpenses": "1877000000", "investmentIncomeNet": "None", "netInterestIncome": "None", "interestIncome": "None", "interestExpense": "382000000", "nonInterestIncome": "None", "otherNonOperatingIncome": "None", "depreciation": "None", "depreciationAndAmortization": "139000000", "incomeBeforeTax": "1049000000", "incomeTaxExpense": "210000000", "interestAndDebtExpense": "None", "netIncomeFromContinuingOperations": "839000000", "comprehensiveIncomeNetOfTax": "None", "ebit": "1049000000", "ebitda": "1188000000", "netIncome": "832000000"}, {"fiscalDateEnding": "2018-06-30", "reportedCurrency": "USD", "grossProfit": "2879000000", "totalRevenue": "2879000000", "costOfRevenue": "None", "costofGoodsAndServicesSold": "None", "operatingIncome": "1024000000", "sellingGeneralAndAdministrative": "1074000000", "researchAndDevelopment": "None", "operatingExpenses": "1855000000", "investmentIncomeNet": "None", "netInterestIncome": "None", "interestIncome": "None", "interestExpense": "337000000", "nonInterestIncome": "None", "otherNonOperatingIncome": "None", "depreciation": "None", "depreciationAndAmortization": "136000000", "incomeBeforeTax": "1024000000", "incomeTaxExpense": "202000000", "interestAndDebtExpense": "None", "netIncomeFromContinuingOperations": "822000000", "comprehensiveIncomeNetOfTax": "None", "ebit": "1024000000", "ebitda": "1160000000", "netIncome": "819000000"}, {"fiscalDateEnding": "2018-03-31", "reportedCurrency": "USD", "grossProfit": "2813000000", "totalRevenue": "2813000000", "costOfRevenue": "None", "costofGoodsAndServicesSold": "None", "operatingIncome": "977000000", "sellingGeneralAndAdministrative": "1039000000", "researchAndDevelopment": "None", "operatingExpenses": "1836000000", "investmentIncomeNet": "None", "netInterestIncome": "None", "interestIncome": "None", "interestExpense": "288000000", "nonInterestIncome": "None", "otherNonOperatingIncome": "None", "depreciation": "None", "depreciationAndAmortization": "138000000", "incomeBeforeTax": "977000000", "incomeTaxExpense": "186000000", "interestAndDebtExpense": "None", "netIncomeFromContinuingOperations": "791000000", "comprehensiveIncomeNetOfTax": "None", "ebit": "977000000", "ebitda": "1115000000", "netIncome": "788000000"}, {"fiscalDateEnding": "2017-12-31", "reportedCurrency": "USD", "grossProfit": "2869000000", "totalRevenue": "2869000000", "costOfRevenue": "None", "costofGoodsAndServicesSold": "None", "operatingIncome": "876000000", "sellingGeneralAndAdministrative": "1044000000", "researchAndDevelopment": "None", "operatingExpenses": "1993000000", "investmentIncomeNet": "None", "netInterestIncome": "None", "interestIncome": "None", "interestExpense": "254000000", "nonInterestIncome": "None", "otherNonOperatingIncome": "None", "depreciation": "None", "depreciationAndAmortization": "137000000", "incomeBeforeTax": "876000000", "incomeTaxExpense": "209000000", "interestAndDebtExpense": "None", "netIncomeFromContinuingOperations": "None", "comprehensiveIncomeNetOfTax": "None", "ebit": "876000000", "ebitda": "1013000000", "netIncome": "658000000"}, {"fiscalDateEnding": "2017-09-30", "reportedCurrency": "USD", "grossProfit": "2813000000", "totalRevenue": "2813000000", "costOfRevenue": "None", "costofGoodsAndServicesSold": "None", "operatingIncome": "942000000", "sellingGeneralAndAdministrative": "1051000000", "researchAndDevelopment": "None", "operatingExpenses": "1871000000", "investmentIncomeNet": "None", "netInterestIncome": "None", "interestIncome": "None", "interestExpense": "230000000", "nonInterestIncome": "None", "otherNonOperatingIncome": "None", "depreciation": "None", "depreciationAndAmortization": "139000000", "incomeBeforeTax": "942000000", "incomeTaxExpense": "294000000", "interestAndDebtExpense": "None", "netIncomeFromContinuingOperations": "648000000", "comprehensiveIncomeNetOfTax": "None", "ebit": "942000000", "ebitda": "1081000000", "netIncome": "640000000"}, {"fiscalDateEnding": "2017-06-30", "reportedCurrency": "USD", "grossProfit": "2855000000", "totalRevenue": "2855000000", "costOfRevenue": "None", "costofGoodsAndServicesSold": "None", "operatingIncome": "978000000", "sellingGeneralAndAdministrative": "1068000000", "researchAndDevelopment": "None", "operatingExpenses": "1877000000", "investmentIncomeNet": "None", "netInterestIncome": "None", "interestIncome": "None", "interestExpense": "189000000", "nonInterestIncome": "None", "otherNonOperatingIncome": "None", "depreciation": "None", "depreciationAndAmortization": "137000000", "incomeBeforeTax": "978000000", "incomeTaxExpense": "304000000", "interestAndDebtExpense": "None", "netIncomeFromContinuingOperations": "674000000", "comprehensiveIncomeNetOfTax": "None", "ebit": "978000000", "ebitda": "1115000000", "netIncome": "675000000"}, {"fiscalDateEnding": "2017-03-31", "reportedCurrency": "USD", "grossProfit": "2780000000", "totalRevenue": "2780000000", "costOfRevenue": "None", "costofGoodsAndServicesSold": "None", "operatingIncome": "530000000", "sellingGeneralAndAdministrative": "1035000000", "researchAndDevelopment": "None", "operatingExpenses": "2250000000", "investmentIncomeNet": "None", "netInterestIncome": "None", "interestIncome": "None", "interestExpense": "166000000", "nonInterestIncome": "None", "otherNonOperatingIncome": "None", "depreciation": "None", "depreciationAndAmortization": "137000000", "incomeBeforeTax": "530000000", "incomeTaxExpense": "104000000", "interestAndDebtExpense": "None", "netIncomeFromContinuingOperations": "426000000", "comprehensiveIncomeNetOfTax": "None", "ebit": "530000000", "ebitda": "667000000", "netIncome": "421000000"}, {"fiscalDateEnding": "2016-12-31", "reportedCurrency": "USD", "grossProfit": "2727000000", "totalRevenue": "2727000000", "costOfRevenue": "None", "costofGoodsAndServicesSold": "None", "operatingIncome": "930000000", "sellingGeneralAndAdministrative": "1004000000", "researchAndDevelopment": "None", "operatingExpenses": "1797000000", "investmentIncomeNet": "None", "netInterestIncome": "None", "interestIncome": "None", "interestExpense": "180000000", "nonInterestIncome": "None", "otherNonOperatingIncome": "None", "depreciation": "None", "depreciationAndAmortization": "145000000", "incomeBeforeTax": "930000000", "incomeTaxExpense": "287000000", "interestAndDebtExpense": "None", "netIncomeFromContinuingOperations": "None", "comprehensiveIncomeNetOfTax": "None", "ebit": "930000000", "ebitda": "1075000000", "netIncome": "636000000"}, {"fiscalDateEnding": "2016-09-30", "reportedCurrency": "USD", "grossProfit": "2792000000", "totalRevenue": "2792000000", "costOfRevenue": "None", "costofGoodsAndServicesSold": "None", "operatingIncome": "915000000", "sellingGeneralAndAdministrative": "1024000000", "researchAndDevelopment": "None", "operatingExpenses": "1877000000", "investmentIncomeNet": "None", "netInterestIncome": "None", "interestIncome": "None", "interestExpense": "185000000", "nonInterestIncome": "None", "otherNonOperatingIncome": "None", "depreciation": "None", "depreciationAndAmortization": "141000000", "incomeBeforeTax": "915000000", "incomeTaxExpense": "273000000", "interestAndDebtExpense": "None", "netIncomeFromContinuingOperations": "642000000", "comprehensiveIncomeNetOfTax": "None", "ebit": "915000000", "ebitda": "1056000000", "netIncome": "642000000"}, {"fiscalDateEnding": "2016-06-30", "reportedCurrency": "USD", "grossProfit": "2811000000", "totalRevenue": "2811000000", "costOfRevenue": "None", "costofGoodsAndServicesSold": "None", "operatingIncome": "839000000", "sellingGeneralAndAdministrative": "1103000000", "researchAndDevelopment": "None", "operatingExpenses": "1972000000", "investmentIncomeNet": "None", "netInterestIncome": "None", "interestIncome": "None", "interestExpense": "188000000", "nonInterestIncome": "None", "otherNonOperatingIncome": "None", "depreciation": "None", "depreciationAndAmortization": "142000000", "incomeBeforeTax": "839000000", "incomeTaxExpense": "252000000", "interestAndDebtExpense": "None", "netIncomeFromContinuingOperations": "587000000", "comprehensiveIncomeNetOfTax": "None", "ebit": "839000000", "ebitda": "981000000", "netIncome": "584000000"}, {"fiscalDateEnding": "2016-03-31", "reportedCurrency": "USD", "grossProfit": "2605000000", "totalRevenue": "2605000000", "costOfRevenue": "None", "costofGoodsAndServicesSold": "None", "operatingIncome": "816000000", "sellingGeneralAndAdministrative": "975000000", "researchAndDevelopment": "None", "operatingExpenses": "1789000000", "investmentIncomeNet": "None", "netInterestIncome": "None", "interestIncome": "None", "interestExpense": "192000000", "nonInterestIncome": "None", "otherNonOperatingIncome": "None", "depreciation": "None", "depreciationAndAmortization": "127000000", "incomeBeforeTax": "816000000", "incomeTaxExpense": "246000000", "interestAndDebtExpense": "None", "netIncomeFromContinuingOperations": "570000000", "comprehensiveIncomeNetOfTax": "None", "ebit": "816000000", "ebitda": "943000000", "netIncome": "564000000"}, {"fiscalDateEnding": "2015-12-31", "reportedCurrency": "USD", "grossProfit": "2571000000", "totalRevenue": "2571000000", "costOfRevenue": "None", "costofGoodsAndServicesSold": "None", "operatingIncome": "793000000", "sellingGeneralAndAdministrative": "945000000", "researchAndDevelopment": "None", "operatingExpenses": "1778000000", "investmentIncomeNet": "None", "netInterestIncome": "None", "interestIncome": "None", "interestExpense": "191000000", "nonInterestIncome": "None", "otherNonOperatingIncome": "None", "depreciation": "None", "depreciationAndAmortization": "123000000", "incomeBeforeTax": "793000000", "incomeTaxExpense": "251000000", "interestAndDebtExpense": "None", "netIncomeFromContinuingOperations": "None", "comprehensiveIncomeNetOfTax": "None", "ebit": "793000000", "ebitda": "916000000", "netIncome": "539000000"}, {"fiscalDateEnding": "2015-09-30", "reportedCurrency": "USD", "grossProfit": "2510000000", "totalRevenue": "2510000000", "costOfRevenue": "None", "costofGoodsAndServicesSold": "None", "operatingIncome": "755000000", "sellingGeneralAndAdministrative": "940000000", "researchAndDevelopment": "None", "operatingExpenses": "1755000000", "investmentIncomeNet": "None", "netInterestIncome": "None", "interestIncome": "None", "interestExpense": "186000000", "nonInterestIncome": "None", "otherNonOperatingIncome": "None", "depreciation": "None", "depreciationAndAmortization": "121000000", "incomeBeforeTax": "755000000", "incomeTaxExpense": "222000000", "interestAndDebtExpense": "None", "netIncomeFromContinuingOperations": "533000000", "comprehensiveIncomeNetOfTax": "None", "ebit": "755000000", "ebitda": "876000000", "netIncome": "529000000"}, {"fiscalDateEnding": "2015-06-30", "reportedCurrency": "USD", "grossProfit": "2421000000", "totalRevenue": "2421000000", "costOfRevenue": "None", "costofGoodsAndServicesSold": "None", "operatingIncome": "581000000", "sellingGeneralAndAdministrative": "928000000", "researchAndDevelopment": "None", "operatingExpenses": "1840000000", "investmentIncomeNet": "None", "netInterestIncome": "None", "interestIncome": "None", "interestExpense": "177000000", "nonInterestIncome": "None", "otherNonOperatingIncome": "None", "depreciation": "None", "depreciationAndAmortization": "110000000", "incomeBeforeTax": "581000000", "incomeTaxExpense": "80000000", "interestAndDebtExpense": "None", "netIncomeFromContinuingOperations": "501000000", "comprehensiveIncomeNetOfTax": "None", "ebit": "581000000", "ebitda": "691000000", "netIncome": "491000000"}, {"fiscalDateEnding": "2015-03-31", "reportedCurrency": "USD", "grossProfit": "2388000000", "totalRevenue": "2388000000", "costOfRevenue": "None", "costofGoodsAndServicesSold": "None", "operatingIncome": "788000000", "sellingGeneralAndAdministrative": "909000000", "researchAndDevelopment": "None", "operatingExpenses": "1600000000", "investmentIncomeNet": "None", "netInterestIncome": "None", "interestIncome": "None", "interestExpense": "181000000", "nonInterestIncome": "None", "otherNonOperatingIncome": "None", "depreciation": "None", "depreciationAndAmortization": "107000000", "incomeBeforeTax": "788000000", "incomeTaxExpense": "241000000", "interestAndDebtExpense": "None", "netIncomeFromContinuingOperations": "547000000", "comprehensiveIncomeNetOfTax": "None", "ebit": "788000000", "ebitda": "895000000", "netIncome": "525000000"}, {"fiscalDateEnding": "2014-12-31", "reportedCurrency": "USD", "grossProfit": "2423000000", "totalRevenue": "2423000000", "costOfRevenue": "None", "costofGoodsAndServicesSold": "None", "operatingIncome": "845000000", "sellingGeneralAndAdministrative": "878000000", "researchAndDevelopment": "None", "operatingExpenses": "1578000000", "investmentIncomeNet": "None", "netInterestIncome": "None", "interestIncome": "None", "interestExpense": "183000000", "nonInterestIncome": "None", "otherNonOperatingIncome": "None", "depreciation": "None", "depreciationAndAmortization": "108000000", "incomeBeforeTax": "845000000", "incomeTaxExpense": "236000000", "interestAndDebtExpense": "None", "netIncomeFromContinuingOperations": "None", "comprehensiveIncomeNetOfTax": "None", "ebit": "845000000", "ebitda": "953000000", "netIncome": "594000000"}, {"fiscalDateEnding": "2014-09-30", "reportedCurrency": "USD", "grossProfit": "2385000000", "totalRevenue": "2385000000", "costOfRevenue": "None", "costofGoodsAndServicesSold": "None", "operatingIncome": "725000000", "sellingGeneralAndAdministrative": "882000000", "researchAndDevelopment": "None", "operatingExpenses": "1660000000", "investmentIncomeNet": "None", "netInterestIncome": "None", "interestIncome": "None", "interestExpense": "192000000", "nonInterestIncome": "None", "otherNonOperatingIncome": "None", "depreciation": "None", "depreciationAndAmortization": "109000000", "incomeBeforeTax": "725000000", "incomeTaxExpense": "172000000", "interestAndDebtExpense": "None", "netIncomeFromContinuingOperations": "561000000", "comprehensiveIncomeNetOfTax": "None", "ebit": "725000000", "ebitda": "834000000", "netIncome": "549000000"}, {"fiscalDateEnding": "2014-06-30", "reportedCurrency": "USD", "grossProfit": "2389000000", "totalRevenue": "2389000000", "costOfRevenue": "None", "costofGoodsAndServicesSold": "None", "operatingIncome": "693000000", "sellingGeneralAndAdministrative": "897000000", "researchAndDevelopment": "None", "operatingExpenses": "1696000000", "investmentIncomeNet": "None", "netInterestIncome": "None", "interestIncome": "None", "interestExpense": "194000000", "nonInterestIncome": "None", "otherNonOperatingIncome": "None", "depreciation": "None", "depreciationAndAmortization": "103000000", "incomeBeforeTax": "693000000", "incomeTaxExpense": "216000000", "interestAndDebtExpense": "None", "netIncomeFromContinuingOperations": "478000000", "comprehensiveIncomeNetOfTax": "None", "ebit": "693000000", "ebitda": "796000000", "netIncome": "461000000"}, {"fiscalDateEnding": "2014-03-31", "reportedCurrency": "USD", "grossProfit": "2358000000", "totalRevenue": "2358000000", "costOfRevenue": "None", "costofGoodsAndServicesSold": "None", "operatingIncome": "829000000", "sellingGeneralAndAdministrative": "866000000", "researchAndDevelopment": "None", "operatingExpenses": "1529000000", "investmentIncomeNet": "None", "netInterestIncome": "None", "interestIncome": "None", "interestExpense": "199000000", "nonInterestIncome": "None", "otherNonOperatingIncome": "None", "depreciation": "None", "depreciationAndAmortization": "104000000", "incomeBeforeTax": "829000000", "incomeTaxExpense": "256000000", "interestAndDebtExpense": "None", "netIncomeFromContinuingOperations": "578000000", "comprehensiveIncomeNetOfTax": "None", "ebit": "829000000", "ebitda": "933000000", "netIncome": "533000000"}, {"fiscalDateEnding": "2013-12-31", "reportedCurrency": "USD", "grossProfit": "2391000000", "totalRevenue": "2391000000", "costOfRevenue": "None", "costofGoodsAndServicesSold": "None", "operatingIncome": "831000000", "sellingGeneralAndAdministrative": "902000000", "researchAndDevelopment": "None", "operatingExpenses": "1560000000", "investmentIncomeNet": "None", "netInterestIncome": "None", "interestIncome": "None", "interestExpense": "204000000", "nonInterestIncome": "None", "otherNonOperatingIncome": "None", "depreciation": "None", "depreciationAndAmortization": "108000000", "incomeBeforeTax": "831000000", "incomeTaxExpense": "243000000", "interestAndDebtExpense": "None", "netIncomeFromContinuingOperations": "None", "comprehensiveIncomeNetOfTax": "None", "ebit": "831000000", "ebitda": "939000000", "netIncome": "574000000"}, {"fiscalDateEnding": "2013-09-30", "reportedCurrency": "USD", "grossProfit": "2396000000", "totalRevenue": "2396000000", "costOfRevenue": "None", "costofGoodsAndServicesSold": "None", "operatingIncome": "759000000", "sellingGeneralAndAdministrative": "879000000", "researchAndDevelopment": "None", "operatingExpenses": "1637000000", "investmentIncomeNet": "None", "netInterestIncome": "None", "interestIncome": "None", "interestExpense": "222000000", "nonInterestIncome": "None", "otherNonOperatingIncome": "None", "depreciation": "None", "depreciationAndAmortization": "106000000", "incomeBeforeTax": "759000000", "incomeTaxExpense": "450000000", "interestAndDebtExpense": "None", "netIncomeFromContinuingOperations": "309000000", "comprehensiveIncomeNetOfTax": "None", "ebit": "759000000", "ebitda": "865000000", "netIncome": "305000000"}, {"fiscalDateEnding": "2013-06-30", "reportedCurrency": "USD", "grossProfit": "2546000000", "totalRevenue": "2546000000", "costOfRevenue": "None", "costofGoodsAndServicesSold": "None", "operatingIncome": "797000000", "sellingGeneralAndAdministrative": "929000000", "researchAndDevelopment": "None", "operatingExpenses": "1749000000", "investmentIncomeNet": "None", "netInterestIncome": "None", "interestIncome": "None", "interestExpense": "228000000", "nonInterestIncome": "None", "otherNonOperatingIncome": "None", "depreciation": "None", "depreciationAndAmortization": "106000000", "incomeBeforeTax": "797000000", "incomeTaxExpense": "221000000", "interestAndDebtExpense": "None", "netIncomeFromContinuingOperations": "576000000", "comprehensiveIncomeNetOfTax": "None", "ebit": "797000000", "ebitda": "903000000", "netIncome": "560000000"}, {"fiscalDateEnding": "2013-03-31", "reportedCurrency": "USD", "grossProfit": "2482000000", "totalRevenue": "2482000000", "costOfRevenue": "None", "costofGoodsAndServicesSold": "None", "operatingIncome": "737000000", "sellingGeneralAndAdministrative": "876000000", "researchAndDevelopment": "None", "operatingExpenses": "1745000000", "investmentIncomeNet": "None", "netInterestIncome": "None", "interestIncome": "None", "interestExpense": "237000000", "nonInterestIncome": "None", "otherNonOperatingIncome": "None", "depreciation": "None", "depreciationAndAmortization": "101000000", "incomeBeforeTax": "737000000", "incomeTaxExpense": "481000000", "interestAndDebtExpense": "None", "netIncomeFromContinuingOperations": "256000000", "comprehensiveIncomeNetOfTax": "None", "ebit": "737000000", "ebitda": "838000000", "netIncome": "240000000"}, {"fiscalDateEnding": "2012-12-31", "reportedCurrency": "USD", "grossProfit": "2814000000", "totalRevenue": "2814000000", "costOfRevenue": "-221000000", "costofGoodsAndServicesSold": "-221000000", "operatingIncome": "756000000", "sellingGeneralAndAdministrative": "917000000", "researchAndDevelopment": "None", "operatingExpenses": "2058000000", "investmentIncomeNet": "None", "netInterestIncome": "None", "interestIncome": "None", "interestExpense": "250000000", "nonInterestIncome": "None", "otherNonOperatingIncome": "None", "depreciation": "None", "depreciationAndAmortization": "102000000", "incomeBeforeTax": "756000000", "incomeTaxExpense": "207000000", "interestAndDebtExpense": "None", "netIncomeFromContinuingOperations": "None", "comprehensiveIncomeNetOfTax": "None", "ebit": "756000000", "ebitda": "858000000", "netIncome": "536000000"}, {"fiscalDateEnding": "2012-09-30", "reportedCurrency": "USD", "grossProfit": "2536000000", "totalRevenue": "2536000000", "costOfRevenue": "None", "costofGoodsAndServicesSold": "None", "operatingIncome": "673000000", "sellingGeneralAndAdministrative": "887000000", "researchAndDevelopment": "None", "operatingExpenses": "1863000000", "investmentIncomeNet": "None", "netInterestIncome": "None", "interestIncome": "None", "interestExpense": "237000000", "nonInterestIncome": "None", "otherNonOperatingIncome": "None", "depreciation": "None", "depreciationAndAmortization": "107000000", "incomeBeforeTax": "673000000", "incomeTaxExpense": "177000000", "interestAndDebtExpense": "None", "netIncomeFromContinuingOperations": "None", "comprehensiveIncomeNetOfTax": "None", "ebit": "673000000", "ebitda": "780000000", "netIncome": "494000000"}, {"fiscalDateEnding": "2012-06-30", "reportedCurrency": "USD", "grossProfit": "2502000000", "totalRevenue": "2502000000", "costOfRevenue": "-2000000", "costofGoodsAndServicesSold": "-2000000", "operatingIncome": "729000000", "sellingGeneralAndAdministrative": "849000000", "researchAndDevelopment": "None", "operatingExpenses": "1773000000", "investmentIncomeNet": "None", "netInterestIncome": "None", "interestIncome": "None", "interestExpense": "266000000", "nonInterestIncome": "None", "otherNonOperatingIncome": "None", "depreciation": "None", "depreciationAndAmortization": "96000000", "incomeBeforeTax": "729000000", "incomeTaxExpense": "191000000", "interestAndDebtExpense": "None", "netIncomeFromContinuingOperations": "None", "comprehensiveIncomeNetOfTax": "None", "ebit": "729000000", "ebitda": "825000000", "netIncome": "518000000"}, {"fiscalDateEnding": "2012-03-31", "reportedCurrency": "USD", "grossProfit": "2364000000", "totalRevenue": "2364000000", "costOfRevenue": "-3000000", "costofGoodsAndServicesSold": "-3000000", "operatingIncome": "634000000", "sellingGeneralAndAdministrative": "787000000", "researchAndDevelopment": "None", "operatingExpenses": "1730000000", "investmentIncomeNet": "None", "netInterestIncome": "None", "interestIncome": "None", "interestExpense": "307000000", "nonInterestIncome": "None", "otherNonOperatingIncome": "None", "depreciation": "None", "depreciationAndAmortization": "86000000", "incomeBeforeTax": "634000000", "incomeTaxExpense": "189000000", "interestAndDebtExpense": "None", "netIncomeFromContinuingOperations": "None", "comprehensiveIncomeNetOfTax": "None", "ebit": "634000000", "ebitda": "720000000", "netIncome": "431000000"}, {"fiscalDateEnding": "2011-12-31", "reportedCurrency": "USD", "grossProfit": "2663000000", "totalRevenue": "2663000000", "costOfRevenue": "-243000000", "costofGoodsAndServicesSold": "-243000000", "operatingIncome": "484000000", "sellingGeneralAndAdministrative": "567000000", "researchAndDevelopment": "None", "operatingExpenses": "2179000000", "investmentIncomeNet": "None", "netInterestIncome": "None", "interestIncome": "None", "interestExpense": "317000000", "nonInterestIncome": "None", "otherNonOperatingIncome": "None", "depreciation": "None", "depreciationAndAmortization": "92000000", "incomeBeforeTax": "484000000", "incomeTaxExpense": "84000000", "interestAndDebtExpense": "None", "netIncomeFromContinuingOperations": "None", "comprehensiveIncomeNetOfTax": "None", "ebit": "484000000", "ebitda": "576000000", "netIncome": "391000000"}, {"fiscalDateEnding": "2011-09-30", "reportedCurrency": "USD", "grossProfit": "2106000000", "totalRevenue": "2106000000", "costOfRevenue": "None", "costofGoodsAndServicesSold": "None", "operatingIncome": "439000000", "sellingGeneralAndAdministrative": "747000000", "researchAndDevelopment": "None", "operatingExpenses": "1667000000", "investmentIncomeNet": "None", "netInterestIncome": "None", "interestIncome": "None", "interestExpense": "334000000", "nonInterestIncome": "None", "otherNonOperatingIncome": "None", "depreciation": "None", "depreciationAndAmortization": "91000000", "incomeBeforeTax": "439000000", "incomeTaxExpense": "68000000", "interestAndDebtExpense": "None", "netIncomeFromContinuingOperations": "None", "comprehensiveIncomeNetOfTax": "None", "ebit": "439000000", "ebitda": "530000000", "netIncome": "366000000"}, {"fiscalDateEnding": "2011-06-30", "reportedCurrency": "USD", "grossProfit": "2151000000", "totalRevenue": "2151000000", "costOfRevenue": "None", "costofGoodsAndServicesSold": "None", "operatingIncome": "418000000", "sellingGeneralAndAdministrative": "828000000", "researchAndDevelopment": "None", "operatingExpenses": "1733000000", "investmentIncomeNet": "None", "netInterestIncome": "None", "interestIncome": "None", "interestExpense": "336000000", "nonInterestIncome": "None", "otherNonOperatingIncome": "None", "depreciation": "None", "depreciationAndAmortization": "89000000", "incomeBeforeTax": "418000000", "incomeTaxExpense": "91000000", "interestAndDebtExpense": "None", "netIncomeFromContinuingOperations": "None", "comprehensiveIncomeNetOfTax": "None", "ebit": "418000000", "ebitda": "507000000", "netIncome": "307000000"}, {"fiscalDateEnding": "2011-03-31", "reportedCurrency": "USD", "grossProfit": "2000000000", "totalRevenue": "2000000000", "costOfRevenue": "None", "costofGoodsAndServicesSold": "None", "operatingIncome": "287000000", "sellingGeneralAndAdministrative": "837000000", "researchAndDevelopment": "None", "operatingExpenses": "1713000000", "investmentIncomeNet": "None", "netInterestIncome": "None", "interestIncome": "None", "interestExpense": "391000000", "nonInterestIncome": "None", "otherNonOperatingIncome": "None", "depreciation": "None", "depreciationAndAmortization": "91000000", "incomeBeforeTax": "287000000", "incomeTaxExpense": "53000000", "interestAndDebtExpense": "None", "netIncomeFromContinuingOperations": "None", "comprehensiveIncomeNetOfTax": "None", "ebit": "287000000", "ebitda": "378000000", "netIncome": "225000000"}, {"fiscalDateEnding": "2010-12-31", "reportedCurrency": "USD", "grossProfit": "2412000000", "totalRevenue": "2412000000", "costOfRevenue": "None", "costofGoodsAndServicesSold": "None", "operatingIncome": "232000000", "sellingGeneralAndAdministrative": "508000000", "researchAndDevelopment": "None", "operatingExpenses": "2180000000", "investmentIncomeNet": "None", "netInterestIncome": "None", "interestIncome": "None", "interestExpense": "423000000", "nonInterestIncome": "None", "otherNonOperatingIncome": "None", "depreciation": "None", "depreciationAndAmortization": "94000000", "incomeBeforeTax": "232000000", "incomeTaxExpense": "15000000", "interestAndDebtExpense": "None", "netIncomeFromContinuingOperations": "None", "comprehensiveIncomeNetOfTax": "None", "ebit": "232000000", "ebitda": "326000000", "netIncome": "208000000"}, {"fiscalDateEnding": "2010-09-30", "reportedCurrency": "USD", "grossProfit": "2424000000", "totalRevenue": "2424000000", "costOfRevenue": "None", "costofGoodsAndServicesSold": "None", "operatingIncome": "246000000", "sellingGeneralAndAdministrative": "784000000", "researchAndDevelopment": "None", "operatingExpenses": "2178000000", "investmentIncomeNet": "None", "netInterestIncome": "None", "interestIncome": "None", "interestExpense": "448000000", "nonInterestIncome": "None", "otherNonOperatingIncome": "None", "depreciation": "None", "depreciationAndAmortization": "94000000", "incomeBeforeTax": "246000000", "incomeTaxExpense": "27000000", "interestAndDebtExpense": "None", "netIncomeFromContinuingOperations": "None", "comprehensiveIncomeNetOfTax": "None", "ebit": "246000000", "ebitda": "340000000", "netIncome": "210000000"}, {"fiscalDateEnding": "2010-06-30", "reportedCurrency": "USD", "grossProfit": "2399000000", "totalRevenue": "2399000000", "costOfRevenue": "None", "costofGoodsAndServicesSold": "None", "operatingIncome": "249000000", "sellingGeneralAndAdministrative": "772000000", "researchAndDevelopment": "None", "operatingExpenses": "2150000000", "investmentIncomeNet": "None", "netInterestIncome": "None", "interestIncome": "None", "interestExpense": "459000000", "nonInterestIncome": "None", "otherNonOperatingIncome": "None", "depreciation": "None", "depreciationAndAmortization": "97000000", "incomeBeforeTax": "249000000", "incomeTaxExpense": "25000000", "interestAndDebtExpense": "None", "netIncomeFromContinuingOperations": "None", "comprehensiveIncomeNetOfTax": "None", "ebit": "249000000", "ebitda": "346000000", "netIncome": "210000000"}, {"fiscalDateEnding": "2010-03-31", "reportedCurrency": "USD", "grossProfit": "2158000000", "totalRevenue": "2158000000", "costOfRevenue": "None", "costofGoodsAndServicesSold": "None", "operatingIncome": "242000000", "sellingGeneralAndAdministrative": "755000000", "researchAndDevelopment": "None", "operatingExpenses": "1916000000", "investmentIncomeNet": "None", "netInterestIncome": "None", "interestIncome": "None", "interestExpense": "465000000", "nonInterestIncome": "None", "otherNonOperatingIncome": "None", "depreciation": "None", "depreciationAndAmortization": "97000000", "incomeBeforeTax": "242000000", "incomeTaxExpense": "48000000", "interestAndDebtExpense": "None", "netIncomeFromContinuingOperations": "None", "comprehensiveIncomeNetOfTax": "None", "ebit": "242000000", "ebitda": "339000000", "netIncome": "188000000"}, {"fiscalDateEnding": "2009-12-31", "reportedCurrency": "USD", "grossProfit": "2266000000", "totalRevenue": "2266000000", "costOfRevenue": "None", "costofGoodsAndServicesSold": "None", "operatingIncome": "207000000", "sellingGeneralAndAdministrative": "366000000", "researchAndDevelopment": "None", "operatingExpenses": "2059000000", "investmentIncomeNet": "None", "netInterestIncome": "None", "interestIncome": "None", "interestExpense": "497000000", "nonInterestIncome": "None", "otherNonOperatingIncome": "None", "depreciation": "None", "depreciationAndAmortization": "95000000", "incomeBeforeTax": "207000000", "incomeTaxExpense": "13000000", "interestAndDebtExpense": "None", "netIncomeFromContinuingOperations": "None", "comprehensiveIncomeNetOfTax": "None", "ebit": "207000000", "ebitda": "302000000", "netIncome": "185000000"}, {"fiscalDateEnding": "2009-09-30", "reportedCurrency": "USD", "grossProfit": "2177000000", "totalRevenue": "2177000000", "costOfRevenue": "None", "costofGoodsAndServicesSold": "None", "operatingIncome": "148000000", "sellingGeneralAndAdministrative": "726000000", "researchAndDevelopment": "None", "operatingExpenses": "2029000000", "investmentIncomeNet": "None", "netInterestIncome": "None", "interestIncome": "None", "interestExpense": "508000000", "nonInterestIncome": "None", "otherNonOperatingIncome": "None", "depreciation": "None", "depreciationAndAmortization": "86000000", "incomeBeforeTax": "148000000", "incomeTaxExpense": "-9000000", "interestAndDebtExpense": "None", "netIncomeFromContinuingOperations": "None", "comprehensiveIncomeNetOfTax": "None", "ebit": "148000000", "ebitda": "234000000", "netIncome": "152000000"}, {"fiscalDateEnding": "2009-06-30", "reportedCurrency": "USD", "grossProfit": "2131000000", "totalRevenue": "2131000000", "costOfRevenue": "-78000000", "costofGoodsAndServicesSold": "-78000000", "operatingIncome": "249000000", "sellingGeneralAndAdministrative": "763000000", "researchAndDevelopment": "None", "operatingExpenses": "1882000000", "investmentIncomeNet": "None", "netInterestIncome": "None", "interestIncome": "None", "interestExpense": "502000000", "nonInterestIncome": "None", "otherNonOperatingIncome": "None", "depreciation": "None", "depreciationAndAmortization": "79000000", "incomeBeforeTax": "249000000", "incomeTaxExpense": "41000000", "interestAndDebtExpense": "None", "netIncomeFromContinuingOperations": "None", "comprehensiveIncomeNetOfTax": "None", "ebit": "249000000", "ebitda": "328000000", "netIncome": "204000000"}, {"fiscalDateEnding": "2009-03-31", "reportedCurrency": "USD", "grossProfit": "2177000000", "totalRevenue": "2177000000", "costOfRevenue": "None", "costofGoodsAndServicesSold": "None", "operatingIncome": "432000000", "sellingGeneralAndAdministrative": "662000000", "researchAndDevelopment": "None", "operatingExpenses": "1745000000", "investmentIncomeNet": "None", "netInterestIncome": "None", "interestIncome": "None", "interestExpense": "533000000", "nonInterestIncome": "None", "otherNonOperatingIncome": "None", "depreciation": "None", "depreciationAndAmortization": "79000000", "incomeBeforeTax": "432000000", "incomeTaxExpense": "114000000", "interestAndDebtExpense": "None", "netIncomeFromContinuingOperations": "None", "comprehensiveIncomeNetOfTax": "None", "ebit": "432000000", "ebitda": "511000000", "netIncome": "312000000"}, {"fiscalDateEnding": "2008-12-31", "reportedCurrency": "USD", "grossProfit": "1792000000", "totalRevenue": "1792000000", "costOfRevenue": "None", "costofGoodsAndServicesSold": "None", "operatingIncome": "330000000", "sellingGeneralAndAdministrative": "537000000", "researchAndDevelopment": "None", "operatingExpenses": "1462000000", "investmentIncomeNet": "None", "netInterestIncome": "None", "interestIncome": "None", "interestExpense": "664000000", "nonInterestIncome": "None", "otherNonOperatingIncome": "None", "depreciation": "None", "depreciationAndAmortization": "75000000", "incomeBeforeTax": "330000000", "incomeTaxExpense": "25000000", "interestAndDebtExpense": "None", "netIncomeFromContinuingOperations": "None", "comprehensiveIncomeNetOfTax": "None", "ebit": "330000000", "ebitda": "405000000", "netIncome": "305000000"}, {"fiscalDateEnding": "2008-09-30", "reportedCurrency": "USD", "grossProfit": "1880000000", "totalRevenue": "1880000000", "costOfRevenue": "None", "costofGoodsAndServicesSold": "None", "operatingIncome": "507000000", "sellingGeneralAndAdministrative": "552000000", "researchAndDevelopment": "None", "operatingExpenses": "1373000000", "investmentIncomeNet": "None", "netInterestIncome": "None", "interestIncome": "None", "interestExpense": "705000000", "nonInterestIncome": "None", "otherNonOperatingIncome": "None", "depreciation": "None", "depreciationAndAmortization": "78000000", "incomeBeforeTax": "507000000", "incomeTaxExpense": "149000000", "interestAndDebtExpense": "None", "netIncomeFromContinuingOperations": "None", "comprehensiveIncomeNetOfTax": "None", "ebit": "507000000", "ebitda": "585000000", "netIncome": "358000000"}, {"fiscalDateEnding": "2008-06-30", "reportedCurrency": "USD", "grossProfit": "1895000000", "totalRevenue": "1895000000", "costOfRevenue": "None", "costofGoodsAndServicesSold": "None", "operatingIncome": "606000000", "sellingGeneralAndAdministrative": "602000000", "researchAndDevelopment": "None", "operatingExpenses": "1289000000", "investmentIncomeNet": "None", "netInterestIncome": "None", "interestIncome": "None", "interestExpense": "722000000", "nonInterestIncome": "None", "otherNonOperatingIncome": "None", "depreciation": "None", "depreciationAndAmortization": "72000000", "incomeBeforeTax": "606000000", "incomeTaxExpense": "175000000", "interestAndDebtExpense": "None", "netIncomeFromContinuingOperations": "None", "comprehensiveIncomeNetOfTax": "None", "ebit": "606000000", "ebitda": "678000000", "netIncome": "428000000"}, {"fiscalDateEnding": "2008-03-31", "reportedCurrency": "USD", "grossProfit": "1788000000", "totalRevenue": "1788000000", "costOfRevenue": "None", "costofGoodsAndServicesSold": "None", "operatingIncome": "630000000", "sellingGeneralAndAdministrative": "583000000", "researchAndDevelopment": "None", "operatingExpenses": "1158000000", "investmentIncomeNet": "None", "netInterestIncome": "None", "interestIncome": "None", "interestExpense": "878000000", "nonInterestIncome": "None", "otherNonOperatingIncome": "None", "depreciation": "None", "depreciationAndAmortization": "73000000", "incomeBeforeTax": "630000000", "incomeTaxExpense": "201000000", "interestAndDebtExpense": "None", "netIncomeFromContinuingOperations": "None", "comprehensiveIncomeNetOfTax": "None", "ebit": "630000000", "ebitda": "703000000", "netIncome": "428000000"}, {"fiscalDateEnding": "2007-12-31", "reportedCurrency": "USD", "grossProfit": "1688000000", "totalRevenue": "1688000000", "costOfRevenue": "None", "costofGoodsAndServicesSold": "None", "operatingIncome": "583000000", "sellingGeneralAndAdministrative": "516000000", "researchAndDevelopment": "None", "operatingExpenses": "1105000000", "investmentIncomeNet": "None", "netInterestIncome": "None", "interestIncome": "None", "interestExpense": "1021000000", "nonInterestIncome": "None", "otherNonOperatingIncome": "None", "depreciation": "None", "depreciationAndAmortization": "73000000", "incomeBeforeTax": "583000000", "incomeTaxExpense": "172000000", "interestAndDebtExpense": "None", "netIncomeFromContinuingOperations": "None", "comprehensiveIncomeNetOfTax": "None", "ebit": "583000000", "ebitda": "656000000", "netIncome": "411000000"}, {"fiscalDateEnding": "2007-09-30", "reportedCurrency": "USD", "grossProfit": "1653000000", "totalRevenue": "1653000000", "costOfRevenue": "None", "costofGoodsAndServicesSold": "None", "operatingIncome": "660000000", "sellingGeneralAndAdministrative": "514000000", "researchAndDevelopment": "None", "operatingExpenses": "993000000", "investmentIncomeNet": "None", "netInterestIncome": "None", "interestIncome": "None", "interestExpense": "1052000000", "nonInterestIncome": "None", "otherNonOperatingIncome": "None", "depreciation": "None", "depreciationAndAmortization": "71000000", "incomeBeforeTax": "660000000", "incomeTaxExpense": "216000000", "interestAndDebtExpense": "None", "netIncomeFromContinuingOperations": "None", "comprehensiveIncomeNetOfTax": "None", "ebit": "660000000", "ebitda": "731000000", "netIncome": "444000000"}, {"fiscalDateEnding": "2007-06-30", "reportedCurrency": "USD", "grossProfit": "1695000000", "totalRevenue": "1695000000", "costOfRevenue": "None", "costofGoodsAndServicesSold": "None", "operatingIncome": "684000000", "sellingGeneralAndAdministrative": "540000000", "researchAndDevelopment": "None", "operatingExpenses": "1011000000", "investmentIncomeNet": "None", "netInterestIncome": "None", "interestIncome": "None", "interestExpense": "995000000", "nonInterestIncome": "None", "otherNonOperatingIncome": "None", "depreciation": "None", "depreciationAndAmortization": "70000000", "incomeBeforeTax": "684000000", "incomeTaxExpense": "226000000", "interestAndDebtExpense": "None", "netIncomeFromContinuingOperations": "None", "comprehensiveIncomeNetOfTax": "None", "ebit": "684000000", "ebitda": "754000000", "netIncome": "458000000"}, {"fiscalDateEnding": "2007-03-31", "reportedCurrency": "USD", "grossProfit": "1597000000", "totalRevenue": "1597000000", "costOfRevenue": "None", "costofGoodsAndServicesSold": "None", "operatingIncome": "643000000", "sellingGeneralAndAdministrative": "524000000", "researchAndDevelopment": "None", "operatingExpenses": "954000000", "investmentIncomeNet": "None", "netInterestIncome": "None", "interestIncome": "None", "interestExpense": "946000000", "nonInterestIncome": "None", "otherNonOperatingIncome": "None", "depreciation": "None", "depreciationAndAmortization": "69000000", "incomeBeforeTax": "643000000", "incomeTaxExpense": "222000000", "interestAndDebtExpense": "None", "netIncomeFromContinuingOperations": "None", "comprehensiveIncomeNetOfTax": "None", "ebit": "643000000", "ebitda": "712000000", "netIncome": "421000000"}, {"fiscalDateEnding": "2006-12-31", "reportedCurrency": "USD", "grossProfit": "1526337000", "totalRevenue": "1526337000", "costOfRevenue": "None", "costofGoodsAndServicesSold": "None", "operatingIncome": "563244000", "sellingGeneralAndAdministrative": "533303000", "researchAndDevelopment": "None", "operatingExpenses": "963093000", "investmentIncomeNet": "None", "netInterestIncome": "None", "interestIncome": "None", "interestExpense": "909933000", "nonInterestIncome": "None", "otherNonOperatingIncome": "None", "depreciation": "None", "depreciationAndAmortization": "66911000", "incomeBeforeTax": "563244000", "incomeTaxExpense": "312885000", "interestAndDebtExpense": "None", "netIncomeFromContinuingOperations": "None", "comprehensiveIncomeNetOfTax": "None", "ebit": "563244000", "ebitda": "630155000", "netIncome": "250359000"}, {"fiscalDateEnding": "2006-09-30", "reportedCurrency": "USD", "grossProfit": "1598000000", "totalRevenue": "1598000000", "costOfRevenue": "None", "costofGoodsAndServicesSold": "None", "operatingIncome": "620000000", "sellingGeneralAndAdministrative": "524000000", "researchAndDevelopment": "None", "operatingExpenses": "978000000", "investmentIncomeNet": "None", "netInterestIncome": "None", "interestIncome": "None", "interestExpense": "865000000", "nonInterestIncome": "None", "otherNonOperatingIncome": "None", "depreciation": "None", "depreciationAndAmortization": "77000000", "incomeBeforeTax": "620000000", "incomeTaxExpense": "203000000", "interestAndDebtExpense": "None", "netIncomeFromContinuingOperations": "None", "comprehensiveIncomeNetOfTax": "None", "ebit": "620000000", "ebitda": "697000000", "netIncome": "417000000"}, {"fiscalDateEnding": "2006-06-30", "reportedCurrency": "USD", "grossProfit": "1568000000", "totalRevenue": "1568000000", "costOfRevenue": "None", "costofGoodsAndServicesSold": "None", "operatingIncome": "650000000", "sellingGeneralAndAdministrative": "506000000", "researchAndDevelopment": "None", "operatingExpenses": "918000000", "investmentIncomeNet": "None", "netInterestIncome": "None", "interestIncome": "None", "interestExpense": "752000000", "nonInterestIncome": "None", "otherNonOperatingIncome": "None", "depreciation": "None", "depreciationAndAmortization": "30000000", "incomeBeforeTax": "650000000", "incomeTaxExpense": "221000000", "interestAndDebtExpense": "None", "netIncomeFromContinuingOperations": "None", "comprehensiveIncomeNetOfTax": "None", "ebit": "650000000", "ebitda": "680000000", "netIncome": "429000000"}, {"fiscalDateEnding": "2006-03-31", "reportedCurrency": "USD", "grossProfit": "1506000000", "totalRevenue": "1506000000", "costOfRevenue": "None", "costofGoodsAndServicesSold": "None", "operatingIncome": "639000000", "sellingGeneralAndAdministrative": "514000000", "researchAndDevelopment": "None", "operatingExpenses": "867000000", "investmentIncomeNet": "None", "netInterestIncome": "None", "interestIncome": "None", "interestExpense": "659000000", "nonInterestIncome": "None", "otherNonOperatingIncome": "None", "depreciation": "None", "depreciationAndAmortization": "107000000", "incomeBeforeTax": "639000000", "incomeTaxExpense": "208000000", "interestAndDebtExpense": "None", "netIncomeFromContinuingOperations": "None", "comprehensiveIncomeNetOfTax": "None", "ebit": "639000000", "ebitda": "746000000", "netIncome": "431000000"}, {"fiscalDateEnding": "2005-12-31", "reportedCurrency": "USD", "grossProfit": "1518695000", "totalRevenue": "1518695000", "costOfRevenue": "None", "costofGoodsAndServicesSold": "None", "operatingIncome": "631335000", "sellingGeneralAndAdministrative": "468098000", "researchAndDevelopment": "None", "operatingExpenses": "887360000", "investmentIncomeNet": "None", "netInterestIncome": "None", "interestIncome": "None", "interestExpense": "599484000", "nonInterestIncome": "None", "otherNonOperatingIncome": "None", "depreciation": "None", "depreciationAndAmortization": "80616000", "incomeBeforeTax": "631335000", "incomeTaxExpense": "201761000", "interestAndDebtExpense": "None", "netIncomeFromContinuingOperations": "None", "comprehensiveIncomeNetOfTax": "None", "ebit": "631335000", "ebitda": "711951000", "netIncome": "429574000"}, {"fiscalDateEnding": "2005-09-30", "reportedCurrency": "USD", "grossProfit": "1504112000", "totalRevenue": "1504112000", "costOfRevenue": "None", "costofGoodsAndServicesSold": "None", "operatingIncome": "660171000", "sellingGeneralAndAdministrative": "451260000", "researchAndDevelopment": "None", "operatingExpenses": "843941000", "investmentIncomeNet": "None", "netInterestIncome": "None", "interestIncome": "None", "interestExpense": "531457000", "nonInterestIncome": "None", "otherNonOperatingIncome": "None", "depreciation": "None", "depreciationAndAmortization": "76507000", "incomeBeforeTax": "660171000", "incomeTaxExpense": "218165000", "interestAndDebtExpense": "None", "netIncomeFromContinuingOperations": "None", "comprehensiveIncomeNetOfTax": "None", "ebit": "660171000", "ebitda": "736678000", "netIncome": "442006000"}, {"fiscalDateEnding": "2005-06-30", "reportedCurrency": "USD", "grossProfit": "1461884000", "totalRevenue": "1461884000", "costOfRevenue": "None", "costofGoodsAndServicesSold": "None", "operatingIncome": "581172000", "sellingGeneralAndAdministrative": "450730000", "researchAndDevelopment": "None", "operatingExpenses": "880712000", "investmentIncomeNet": "None", "netInterestIncome": "None", "interestIncome": "None", "interestExpense": "455719000", "nonInterestIncome": "None", "otherNonOperatingIncome": "None", "depreciation": "None", "depreciationAndAmortization": "100832000", "incomeBeforeTax": "581172000", "incomeTaxExpense": "194367000", "interestAndDebtExpense": "None", "netIncomeFromContinuingOperations": "None", "comprehensiveIncomeNetOfTax": "None", "ebit": "581172000", "ebitda": "682004000", "netIncome": "386805000"}, {"fiscalDateEnding": "2005-03-31", "reportedCurrency": "USD", "grossProfit": "1365804000", "totalRevenue": "1365804000", "costOfRevenue": "None", "costofGoodsAndServicesSold": "None", "operatingIncome": "594053000", "sellingGeneralAndAdministrative": "415116000", "researchAndDevelopment": "None", "operatingExpenses": "771751000", "investmentIncomeNet": "None", "netInterestIncome": "None", "interestIncome": "None", "interestExpense": "394309000", "nonInterestIncome": "None", "otherNonOperatingIncome": "None", "depreciation": "None", "depreciationAndAmortization": "75035000", "incomeBeforeTax": "594053000", "incomeTaxExpense": "198669000", "interestAndDebtExpense": "None", "netIncomeFromContinuingOperations": "None", "comprehensiveIncomeNetOfTax": "None", "ebit": "594053000", "ebitda": "669088000", "netIncome": "395384000"}, {"fiscalDateEnding": "2004-12-31", "reportedCurrency": "USD", "grossProfit": "1374616000", "totalRevenue": "1374616000", "costOfRevenue": "None", "costofGoodsAndServicesSold": "None", "operatingIncome": "618228000", "sellingGeneralAndAdministrative": "363892000", "researchAndDevelopment": "None", "operatingExpenses": "756388000", "investmentIncomeNet": "None", "netInterestIncome": "None", "interestIncome": "None", "interestExpense": "341813000", "nonInterestIncome": "None", "otherNonOperatingIncome": "None", "depreciation": "None", "depreciationAndAmortization": "203867000", "incomeBeforeTax": "618228000", "incomeTaxExpense": "201344000", "interestAndDebtExpense": "None", "netIncomeFromContinuingOperations": "None", "comprehensiveIncomeNetOfTax": "None", "ebit": "618228000", "ebitda": "822095000", "netIncome": "416884000"}]}