{"symbol": "CZR", "annualReports": [{"fiscalDateEnding": "2024-12-31", "reportedCurrency": "USD", "grossProfit": "11245000000", "totalRevenue": "11245000000", "costOfRevenue": "5419000000", "costofGoodsAndServicesSold": "5419000000", "operatingIncome": "2304000000", "sellingGeneralAndAdministrative": "1920000000", "researchAndDevelopment": "None", "operatingExpenses": "8941000000", "investmentIncomeNet": "None", "netInterestIncome": "-2366000000", "interestIncome": "11000000", "interestExpense": "2377000000", "nonInterestIncome": "None", "otherNonOperatingIncome": "None", "depreciation": "None", "depreciationAndAmortization": "1324000000", "incomeBeforeTax": "-124000000", "incomeTaxExpense": "87000000", "interestAndDebtExpense": "None", "netIncomeFromContinuingOperations": "-211000000", "comprehensiveIncomeNetOfTax": "None", "ebit": "2253000000", "ebitda": "3577000000", "netIncome": "-278000000"}, {"fiscalDateEnding": "2023-12-31", "reportedCurrency": "USD", "grossProfit": "6133000000", "totalRevenue": "11528000000", "costOfRevenue": "5395000000", "costofGoodsAndServicesSold": "5395000000", "operatingIncome": "2472000000", "sellingGeneralAndAdministrative": "2012000000", "researchAndDevelopment": "None", "operatingExpenses": "3661000000", "investmentIncomeNet": "None", "netInterestIncome": "-2342000000", "interestIncome": "12000000", "interestExpense": "2354000000", "nonInterestIncome": "None", "otherNonOperatingIncome": "None", "depreciation": "None", "depreciationAndAmortization": "1261000000", "incomeBeforeTax": "-60000000", "incomeTaxExpense": "-888000000", "interestAndDebtExpense": "None", "netIncomeFromContinuingOperations": "828000000", "comprehensiveIncomeNetOfTax": "None", "ebit": "2294000000", "ebitda": "3555000000", "netIncome": "786000000"}, {"fiscalDateEnding": "2022-12-31", "reportedCurrency": "USD", "grossProfit": "5420000000", "totalRevenue": "10821000000", "costOfRevenue": "5401000000", "costofGoodsAndServicesSold": "5401000000", "operatingIncome": "1739000000", "sellingGeneralAndAdministrative": "2354000000", "researchAndDevelopment": "None", "operatingExpenses": "3559000000", "investmentIncomeNet": "None", "netInterestIncome": "-2265000000", "interestIncome": "12000000", "interestExpense": "2265000000", "nonInterestIncome": "None", "otherNonOperatingIncome": "None", "depreciation": "None", "depreciationAndAmortization": "1259000000", "incomeBeforeTax": "-565000000", "incomeTaxExpense": "-41000000", "interestAndDebtExpense": "None", "netIncomeFromContinuingOperations": "-524000000", "comprehensiveIncomeNetOfTax": "None", "ebit": "1807000000", "ebitda": "3066000000", "netIncome": "-524000000"}, {"fiscalDateEnding": "2021-12-31", "reportedCurrency": "USD", "grossProfit": "4923000000", "totalRevenue": "9570000000", "costOfRevenue": "4647000000", "costofGoodsAndServicesSold": "4647000000", "operatingIncome": "1460000000", "sellingGeneralAndAdministrative": "2091000000", "researchAndDevelopment": "None", "operatingExpenses": "3217000000", "investmentIncomeNet": "None", "netInterestIncome": "-2295000000", "interestIncome": "16000000", "interestExpense": "2295000000", "nonInterestIncome": "None", "otherNonOperatingIncome": "None", "depreciation": "None", "depreciationAndAmortization": "1165000000", "incomeBeforeTax": "-1269000000", "incomeTaxExpense": "-283000000", "interestAndDebtExpense": "None", "netIncomeFromContinuingOperations": "-986000000", "comprehensiveIncomeNetOfTax": "None", "ebit": "1667000000", "ebitda": "2832000000", "netIncome": "-986000000"}, {"fiscalDateEnding": "2020-12-31", "reportedCurrency": "USD", "grossProfit": "1706000000", "totalRevenue": "3474000000", "costOfRevenue": "1768000000", "costofGoodsAndServicesSold": "1768000000", "operatingIncome": "222000000", "sellingGeneralAndAdministrative": "1077000000", "researchAndDevelopment": "None", "operatingExpenses": "1660000000", "investmentIncomeNet": "None", "netInterestIncome": "-1174000000", "interestIncome": "None", "interestExpense": "1174000000", "nonInterestIncome": "None", "otherNonOperatingIncome": "None", "depreciation": "None", "depreciationAndAmortization": "597000000", "incomeBeforeTax": "-1632000000", "incomeTaxExpense": "126000000", "interestAndDebtExpense": "None", "netIncomeFromContinuingOperations": "-1758000000", "comprehensiveIncomeNetOfTax": "None", "ebit": "-404000000", "ebitda": "193000000", "netIncome": "-1758000000"}, {"fiscalDateEnding": "2019-12-31", "reportedCurrency": "USD", "grossProfit": "1342100000", "totalRevenue": "2528249000", "costOfRevenue": "1186149000", "costofGoodsAndServicesSold": "1186149000", "operatingIncome": "409973000", "sellingGeneralAndAdministrative": "542747000", "researchAndDevelopment": "None", "operatingExpenses": "893645000", "investmentIncomeNet": "None", "netInterestIncome": "-1370000000", "interestIncome": "277483000", "interestExpense": "286248000", "nonInterestIncome": "None", "otherNonOperatingIncome": "None", "depreciation": "None", "depreciationAndAmortization": "224621000", "incomeBeforeTax": "124978000", "incomeTaxExpense": "43977000", "interestAndDebtExpense": "None", "netIncomeFromContinuingOperations": "-1198000000", "comprehensiveIncomeNetOfTax": "None", "ebit": "411226000", "ebitda": "635847000", "netIncome": "81001000"}, {"fiscalDateEnding": "2018-12-31", "reportedCurrency": "USD", "grossProfit": "1000415000", "totalRevenue": "2056007000", "costOfRevenue": "1055592000", "costofGoodsAndServicesSold": "1055592000", "operatingIncome": "310103000", "sellingGeneralAndAdministrative": "396230000", "researchAndDevelopment": "None", "operatingExpenses": "659820000", "investmentIncomeNet": "None", "netInterestIncome": "-1346000000", "interestIncome": "174319000", "interestExpense": "171732000", "nonInterestIncome": "None", "otherNonOperatingIncome": "790000000", "depreciation": "None", "depreciationAndAmortization": "157429000", "incomeBeforeTax": "135622000", "incomeTaxExpense": "40387000", "interestAndDebtExpense": "None", "netIncomeFromContinuingOperations": "304000000", "comprehensiveIncomeNetOfTax": "None", "ebit": "307354000", "ebitda": "464783000", "netIncome": "95235000"}, {"fiscalDateEnding": "2017-12-31", "reportedCurrency": "USD", "grossProfit": "666598000", "totalRevenue": "1473504000", "costOfRevenue": "806906000", "costofGoodsAndServicesSold": "806906000", "operatingIncome": "94869000", "sellingGeneralAndAdministrative": "271834000", "researchAndDevelopment": "0", "operatingExpenses": "460250000", "investmentIncomeNet": "None", "netInterestIncome": "-774000000", "interestIncome": "99769000", "interestExpense": "99769000", "nonInterestIncome": "None", "otherNonOperatingIncome": "-107000000", "depreciation": "None", "depreciationAndAmortization": "105891000", "incomeBeforeTax": "-43330000", "incomeTaxExpense": "-117270000", "interestAndDebtExpense": "None", "netIncomeFromContinuingOperations": "-382000000", "comprehensiveIncomeNetOfTax": "None", "ebit": "206289000", "ebitda": "312180000", "netIncome": "73940000"}, {"fiscalDateEnding": "2016-12-31", "reportedCurrency": "USD", "grossProfit": "353239000", "totalRevenue": "892896000", "costOfRevenue": "539657000", "costofGoodsAndServicesSold": "539657000", "operatingIncome": "89118000", "sellingGeneralAndAdministrative": "150052000", "researchAndDevelopment": "0", "operatingExpenses": "254101000", "investmentIncomeNet": "None", "netInterestIncome": "-599000000", "interestIncome": "50917000", "interestExpense": "50917000", "nonInterestIncome": "None", "otherNonOperatingIncome": "-5758000000", "depreciation": "None", "depreciationAndAmortization": "63449000", "incomeBeforeTax": "38046000", "incomeTaxExpense": "13244000", "interestAndDebtExpense": "None", "netIncomeFromContinuingOperations": "-6127000000", "comprehensiveIncomeNetOfTax": "None", "ebit": "99138000", "ebitda": "162587000", "netIncome": "24802000"}, {"fiscalDateEnding": "2015-12-31", "reportedCurrency": "USD", "grossProfit": "273001000", "totalRevenue": "719784000", "costOfRevenue": "446783000", "costofGoodsAndServicesSold": "446783000", "operatingIncome": "72516000", "sellingGeneralAndAdministrative": "113339000", "researchAndDevelopment": "0", "operatingExpenses": "201487000", "investmentIncomeNet": "None", "netInterestIncome": "None", "interestIncome": "61558000", "interestExpense": "61558000", "nonInterestIncome": "None", "otherNonOperatingIncome": "6115000000", "depreciation": "None", "depreciationAndAmortization": "56921000", "incomeBeforeTax": "44603000", "incomeTaxExpense": "-69580000", "interestAndDebtExpense": "None", "netIncomeFromContinuingOperations": "6059000000", "comprehensiveIncomeNetOfTax": "None", "ebit": "71552000", "ebitda": "128473000", "netIncome": "114183000"}, {"fiscalDateEnding": "2014-12-31", "reportedCurrency": "USD", "grossProfit": "136325000", "totalRevenue": "361823000", "costOfRevenue": "225498000", "costofGoodsAndServicesSold": "225498000", "operatingIncome": "17555000", "sellingGeneralAndAdministrative": "63355000", "researchAndDevelopment": "0", "operatingExpenses": "113980000", "investmentIncomeNet": "None", "netInterestIncome": "None", "interestIncome": "None", "interestExpense": "30752000", "nonInterestIncome": "None", "otherNonOperatingIncome": "-95000000", "depreciation": "None", "depreciationAndAmortization": "28643000", "incomeBeforeTax": "-12554000", "incomeTaxExpense": "1768000", "interestAndDebtExpense": "None", "netIncomeFromContinuingOperations": "-2674000000", "comprehensiveIncomeNetOfTax": "None", "ebit": "22323000", "ebitda": "50966000", "netIncome": "-14425000"}, {"fiscalDateEnding": "2013-12-31", "reportedCurrency": "USD", "grossProfit": "101110000", "totalRevenue": "247186000", "costOfRevenue": "146076000", "costofGoodsAndServicesSold": "146076000", "operatingIncome": "22582000", "sellingGeneralAndAdministrative": "43713000", "researchAndDevelopment": "0", "operatingExpenses": "78484000", "investmentIncomeNet": "None", "netInterestIncome": "None", "interestIncome": "None", "interestExpense": "15681000", "nonInterestIncome": "None", "otherNonOperatingIncome": "28100000", "depreciation": "None", "depreciationAndAmortization": "17031000", "incomeBeforeTax": "18897000", "incomeTaxExpense": "19036000", "interestAndDebtExpense": "None", "netIncomeFromContinuingOperations": "-2909800000", "comprehensiveIncomeNetOfTax": "None", "ebit": "22626000", "ebitda": "39657000", "netIncome": "18897000"}, {"fiscalDateEnding": "2012-12-31", "reportedCurrency": "USD", "grossProfit": "106302000", "totalRevenue": "254740000", "costOfRevenue": "148438000", "costofGoodsAndServicesSold": "148438000", "operatingIncome": "15841000", "sellingGeneralAndAdministrative": "44936000", "researchAndDevelopment": "0", "operatingExpenses": "81311000", "investmentIncomeNet": "None", "netInterestIncome": "None", "interestIncome": "None", "interestExpense": "16069000", "nonInterestIncome": "None", "otherNonOperatingIncome": "161500000", "depreciation": "None", "depreciationAndAmortization": "17651000", "incomeBeforeTax": "-991000", "incomeTaxExpense": "7117000", "interestAndDebtExpense": "None", "netIncomeFromContinuingOperations": "-1382700000", "comprehensiveIncomeNetOfTax": "None", "ebit": "15078000", "ebitda": "32729000", "netIncome": "-991000"}, {"fiscalDateEnding": "2011-12-31", "reportedCurrency": "USD", "grossProfit": "4009000000", "totalRevenue": "8567000000", "costOfRevenue": "4558000000", "costofGoodsAndServicesSold": "4558000000", "operatingIncome": "856000000", "sellingGeneralAndAdministrative": "2273000000", "researchAndDevelopment": "0", "operatingExpenses": "3153000000", "investmentIncomeNet": "None", "netInterestIncome": "None", "interestIncome": "None", "interestExpense": "2122300000", "nonInterestIncome": "None", "otherNonOperatingIncome": "73200000", "depreciation": "None", "depreciationAndAmortization": "845900000", "incomeBeforeTax": "-1266000000", "incomeTaxExpense": "-506900000", "interestAndDebtExpense": "None", "netIncomeFromContinuingOperations": "-666700000", "comprehensiveIncomeNetOfTax": "None", "ebit": "890400000", "ebitda": "1736300000", "netIncome": "-725000000"}, {"fiscalDateEnding": "2010-12-31", "reportedCurrency": "USD", "grossProfit": "3862000000", "totalRevenue": "8553000000", "costOfRevenue": "4691000000", "costofGoodsAndServicesSold": "4691000000", "operatingIncome": "640000000", "sellingGeneralAndAdministrative": "2171000000", "researchAndDevelopment": "None", "operatingExpenses": "3223000000", "investmentIncomeNet": "None", "netInterestIncome": "None", "interestIncome": "None", "interestExpense": "1981000000", "nonInterestIncome": "None", "otherNonOperatingIncome": "None", "depreciation": "None", "depreciationAndAmortization": "871700000", "incomeBeforeTax": "-1342000000", "incomeTaxExpense": "468000000", "interestAndDebtExpense": "None", "netIncomeFromContinuingOperations": "None", "comprehensiveIncomeNetOfTax": "None", "ebit": "1618000000", "ebitda": "2489700000", "netIncome": "-831000000"}, {"fiscalDateEnding": "2009-12-31", "reportedCurrency": "USD", "grossProfit": "4172000000", "totalRevenue": "8907000000", "costOfRevenue": "4735000000", "costofGoodsAndServicesSold": "4735000000", "operatingIncome": "4358000000", "sellingGeneralAndAdministrative": "2173000000", "researchAndDevelopment": "None", "operatingExpenses": "-185000000", "investmentIncomeNet": "None", "netInterestIncome": "None", "interestIncome": "None", "interestExpense": "1892000000", "nonInterestIncome": "None", "otherNonOperatingIncome": "None", "depreciation": "None", "depreciationAndAmortization": "872000000", "incomeBeforeTax": "2498000000", "incomeTaxExpense": "-1651000000", "interestAndDebtExpense": "None", "netIncomeFromContinuingOperations": "None", "comprehensiveIncomeNetOfTax": "None", "ebit": "1069000000", "ebitda": "1941000000", "netIncome": "828000000"}, {"fiscalDateEnding": "2008-12-31", "reportedCurrency": "USD", "grossProfit": "4737000000", "totalRevenue": "10127000000", "costOfRevenue": "5390000000", "costofGoodsAndServicesSold": "5390000000", "operatingIncome": "-3532000000", "sellingGeneralAndAdministrative": "2491000000", "researchAndDevelopment": "None", "operatingExpenses": "8269000000", "investmentIncomeNet": "None", "netInterestIncome": "None", "interestIncome": "None", "interestExpense": "2074000000", "nonInterestIncome": "None", "otherNonOperatingIncome": "None", "depreciation": "None", "depreciationAndAmortization": "1132200000", "incomeBeforeTax": "-5661000000", "incomeTaxExpense": "360000000", "interestAndDebtExpense": "None", "netIncomeFromContinuingOperations": "None", "comprehensiveIncomeNetOfTax": "None", "ebit": "-1080072000", "ebitda": "52128000", "netIncome": "-5197000000"}, {"fiscalDateEnding": "2007-12-31", "reportedCurrency": "USD", "grossProfit": "5247000000", "totalRevenue": "10825000000", "costOfRevenue": "5578000000", "costofGoodsAndServicesSold": "5578000000", "operatingIncome": "1650000000", "sellingGeneralAndAdministrative": "2585000000", "researchAndDevelopment": "None", "operatingExpenses": "3597000000", "investmentIncomeNet": "None", "netInterestIncome": "None", "interestIncome": "None", "interestExpense": "800000000", "nonInterestIncome": "None", "otherNonOperatingIncome": "None", "depreciation": "None", "depreciationAndAmortization": "905800000", "incomeBeforeTax": "893000000", "incomeTaxExpense": "-350000000", "interestAndDebtExpense": "None", "netIncomeFromContinuingOperations": "None", "comprehensiveIncomeNetOfTax": "None", "ebit": "1069000000", "ebitda": "1974800000", "netIncome": "619000000"}, {"fiscalDateEnding": "2006-12-31", "reportedCurrency": "USD", "grossProfit": "4817000000", "totalRevenue": "9674000000", "costOfRevenue": "4857000000", "costofGoodsAndServicesSold": "4857000000", "operatingIncome": "1495000000", "sellingGeneralAndAdministrative": "2405000000", "researchAndDevelopment": "None", "operatingExpenses": "3322000000", "investmentIncomeNet": "None", "netInterestIncome": "None", "interestIncome": "None", "interestExpense": "670000000", "nonInterestIncome": "None", "otherNonOperatingIncome": "None", "depreciation": "None", "depreciationAndAmortization": "711400000", "incomeBeforeTax": "835000000", "incomeTaxExpense": "-295000000", "interestAndDebtExpense": "None", "netIncomeFromContinuingOperations": "None", "comprehensiveIncomeNetOfTax": "None", "ebit": "911000000", "ebitda": "1622400000", "netIncome": "536000000"}, {"fiscalDateEnding": "2005-12-31", "reportedCurrency": "USD", "grossProfit": "3392000000", "totalRevenue": "7010000000", "costOfRevenue": "3618000000", "costofGoodsAndServicesSold": "3618000000", "operatingIncome": "1026000000", "sellingGeneralAndAdministrative": "1579000000", "researchAndDevelopment": "None", "operatingExpenses": "2366000000", "investmentIncomeNet": "None", "netInterestIncome": "None", "interestIncome": "None", "interestExpense": "481000000", "nonInterestIncome": "None", "otherNonOperatingIncome": "None", "depreciation": "None", "depreciationAndAmortization": "523000000", "incomeBeforeTax": "554000000", "incomeTaxExpense": "-227000000", "interestAndDebtExpense": "None", "netIncomeFromContinuingOperations": "None", "comprehensiveIncomeNetOfTax": "None", "ebit": "490000000", "ebitda": "1013000000", "netIncome": "236000000"}], "quarterlyReports": [{"fiscalDateEnding": "2024-12-31", "reportedCurrency": "USD", "grossProfit": "1403000000", "totalRevenue": "2799000000", "costOfRevenue": "1396000000", "costofGoodsAndServicesSold": "1396000000", "operatingIncome": "669000000", "sellingGeneralAndAdministrative": "477000000", "researchAndDevelopment": "None", "operatingExpenses": "734000000", "investmentIncomeNet": "None", "netInterestIncome": "-586000000", "interestIncome": "5000000", "interestExpense": "591000000", "nonInterestIncome": "None", "otherNonOperatingIncome": "None", "depreciation": "None", "depreciationAndAmortization": "345000000", "incomeBeforeTax": "43000000", "incomeTaxExpense": "19000000", "interestAndDebtExpense": "None", "netIncomeFromContinuingOperations": "24000000", "comprehensiveIncomeNetOfTax": "None", "ebit": "634000000", "ebitda": "979000000", "netIncome": "11000000"}, {"fiscalDateEnding": "2024-09-30", "reportedCurrency": "USD", "grossProfit": "1519000000", "totalRevenue": "2874000000", "costOfRevenue": "1355000000", "costofGoodsAndServicesSold": "1355000000", "operatingIncome": "644000000", "sellingGeneralAndAdministrative": "478000000", "researchAndDevelopment": "None", "operatingExpenses": "875000000", "investmentIncomeNet": "None", "netInterestIncome": "-596000000", "interestIncome": "2000000", "interestExpense": "598000000", "nonInterestIncome": "None", "otherNonOperatingIncome": "None", "depreciation": "None", "depreciationAndAmortization": "326000000", "incomeBeforeTax": "52000000", "incomeTaxExpense": "43000000", "interestAndDebtExpense": "None", "netIncomeFromContinuingOperations": "9000000", "comprehensiveIncomeNetOfTax": "None", "ebit": "648000000", "ebitda": "974000000", "netIncome": "-9000000"}, {"fiscalDateEnding": "2024-06-30", "reportedCurrency": "USD", "grossProfit": "1182000000", "totalRevenue": "2830000000", "costOfRevenue": "1648000000", "costofGoodsAndServicesSold": "1648000000", "operatingIncome": "637000000", "sellingGeneralAndAdministrative": "465000000", "researchAndDevelopment": "None", "operatingExpenses": "545000000", "investmentIncomeNet": "None", "netInterestIncome": "-594000000", "interestIncome": "2000000", "interestExpense": "596000000", "nonInterestIncome": "None", "otherNonOperatingIncome": "None", "depreciation": "None", "depreciationAndAmortization": "326000000", "incomeBeforeTax": "-92000000", "incomeTaxExpense": "10000000", "interestAndDebtExpense": "None", "netIncomeFromContinuingOperations": "-102000000", "comprehensiveIncomeNetOfTax": "None", "ebit": "637000000", "ebitda": "963000000", "netIncome": "-122000000"}, {"fiscalDateEnding": "2024-03-31", "reportedCurrency": "USD", "grossProfit": "1069000000", "totalRevenue": "2742000000", "costOfRevenue": "1673000000", "costofGoodsAndServicesSold": "1673000000", "operatingIncome": "491000000", "sellingGeneralAndAdministrative": "500000000", "researchAndDevelopment": "None", "operatingExpenses": "578000000", "investmentIncomeNet": "None", "netInterestIncome": "-590000000", "interestIncome": "2000000", "interestExpense": "592000000", "nonInterestIncome": "None", "otherNonOperatingIncome": "None", "depreciation": "None", "depreciationAndAmortization": "327000000", "incomeBeforeTax": "-127000000", "incomeTaxExpense": "15000000", "interestAndDebtExpense": "None", "netIncomeFromContinuingOperations": "-142000000", "comprehensiveIncomeNetOfTax": "None", "ebit": "491000000", "ebitda": "818000000", "netIncome": "-158000000"}, {"fiscalDateEnding": "2023-12-31", "reportedCurrency": "USD", "grossProfit": "1443000000", "totalRevenue": "2825000000", "costOfRevenue": "1382000000", "costofGoodsAndServicesSold": "1382000000", "operatingIncome": "536000000", "sellingGeneralAndAdministrative": "476000000", "researchAndDevelopment": "None", "operatingExpenses": "861000000", "investmentIncomeNet": "None", "netInterestIncome": "-581000000", "interestIncome": "2000000", "interestExpense": "583000000", "nonInterestIncome": "None", "otherNonOperatingIncome": "None", "depreciation": "None", "depreciationAndAmortization": "318000000", "incomeBeforeTax": "-40000000", "incomeTaxExpense": "16000000", "interestAndDebtExpense": "None", "netIncomeFromContinuingOperations": "-56000000", "comprehensiveIncomeNetOfTax": "None", "ebit": "582000000", "ebitda": "900000000", "netIncome": "-72000000"}, {"fiscalDateEnding": "2023-09-30", "reportedCurrency": "USD", "grossProfit": "1633000000", "totalRevenue": "2994000000", "costOfRevenue": "1361000000", "costofGoodsAndServicesSold": "1361000000", "operatingIncome": "724000000", "sellingGeneralAndAdministrative": "528000000", "researchAndDevelopment": "None", "operatingExpenses": "922000000", "investmentIncomeNet": "None", "netInterestIncome": "-581000000", "interestIncome": "3000000", "interestExpense": "581000000", "nonInterestIncome": "None", "otherNonOperatingIncome": "None", "depreciation": "None", "depreciationAndAmortization": "320000000", "incomeBeforeTax": "139000000", "incomeTaxExpense": "47000000", "interestAndDebtExpense": "None", "netIncomeFromContinuingOperations": "92000000", "comprehensiveIncomeNetOfTax": "None", "ebit": "711000000", "ebitda": "1031000000", "netIncome": "74000000"}, {"fiscalDateEnding": "2023-06-30", "reportedCurrency": "USD", "grossProfit": "1550000000", "totalRevenue": "2879000000", "costOfRevenue": "1329000000", "costofGoodsAndServicesSold": "1329000000", "operatingIncome": "609000000", "sellingGeneralAndAdministrative": "585000000", "researchAndDevelopment": "None", "operatingExpenses": "908000000", "investmentIncomeNet": "None", "netInterestIncome": "-586000000", "interestIncome": "3000000", "interestExpense": "586000000", "nonInterestIncome": "None", "otherNonOperatingIncome": "None", "depreciation": "None", "depreciationAndAmortization": "323000000", "incomeBeforeTax": "26000000", "incomeTaxExpense": "-902000000", "interestAndDebtExpense": "None", "netIncomeFromContinuingOperations": "928000000", "comprehensiveIncomeNetOfTax": "None", "ebit": "642000000", "ebitda": "965000000", "netIncome": "920000000"}, {"fiscalDateEnding": "2023-03-31", "reportedCurrency": "USD", "grossProfit": "1507000000", "totalRevenue": "2830000000", "costOfRevenue": "1323000000", "costofGoodsAndServicesSold": "1323000000", "operatingIncome": "603000000", "sellingGeneralAndAdministrative": "588000000", "researchAndDevelopment": "None", "operatingExpenses": "888000000", "investmentIncomeNet": "None", "netInterestIncome": "-594000000", "interestIncome": "4000000", "interestExpense": "594000000", "nonInterestIncome": "None", "otherNonOperatingIncome": "None", "depreciation": "None", "depreciationAndAmortization": "300000000", "incomeBeforeTax": "-185000000", "incomeTaxExpense": "-49000000", "interestAndDebtExpense": "None", "netIncomeFromContinuingOperations": "-136000000", "comprehensiveIncomeNetOfTax": "None", "ebit": "619000000", "ebitda": "919000000", "netIncome": "-136000000"}, {"fiscalDateEnding": "2022-12-31", "reportedCurrency": "USD", "grossProfit": "1520000000", "totalRevenue": "2821000000", "costOfRevenue": "1301000000", "costofGoodsAndServicesSold": "1301000000", "operatingIncome": "488000000", "sellingGeneralAndAdministrative": "601000000", "researchAndDevelopment": "None", "operatingExpenses": "896000000", "investmentIncomeNet": "None", "netInterestIncome": "-585000000", "interestIncome": "None", "interestExpense": "585000000", "nonInterestIncome": "None", "otherNonOperatingIncome": "None", "depreciation": "None", "depreciationAndAmortization": "295000000", "incomeBeforeTax": "-156000000", "incomeTaxExpense": "6000000", "interestAndDebtExpense": "None", "netIncomeFromContinuingOperations": "-162000000", "comprehensiveIncomeNetOfTax": "None", "ebit": "624000000", "ebitda": "919000000", "netIncome": "-162000000"}, {"fiscalDateEnding": "2022-09-30", "reportedCurrency": "USD", "grossProfit": "1562000000", "totalRevenue": "2887000000", "costOfRevenue": "1325000000", "costofGoodsAndServicesSold": "1325000000", "operatingIncome": "659000000", "sellingGeneralAndAdministrative": "592000000", "researchAndDevelopment": "None", "operatingExpenses": "896000000", "investmentIncomeNet": "None", "netInterestIncome": "-569000000", "interestIncome": "None", "interestExpense": "569000000", "nonInterestIncome": "None", "otherNonOperatingIncome": "None", "depreciation": "None", "depreciationAndAmortization": "304000000", "incomeBeforeTax": "61000000", "incomeTaxExpense": "8000000", "interestAndDebtExpense": "None", "netIncomeFromContinuingOperations": "53000000", "comprehensiveIncomeNetOfTax": "None", "ebit": "666000000", "ebitda": "970000000", "netIncome": "52000000"}, {"fiscalDateEnding": "2022-06-30", "reportedCurrency": "USD", "grossProfit": "1515000000", "totalRevenue": "2821000000", "costOfRevenue": "1306000000", "costofGoodsAndServicesSold": "1306000000", "operatingIncome": "602000000", "sellingGeneralAndAdministrative": "517000000", "researchAndDevelopment": "None", "operatingExpenses": "899000000", "investmentIncomeNet": "None", "netInterestIncome": "-559000000", "interestIncome": "None", "interestExpense": "562000000", "nonInterestIncome": "None", "otherNonOperatingIncome": "None", "depreciation": "None", "depreciationAndAmortization": "306000000", "incomeBeforeTax": "88000000", "incomeTaxExpense": "52000000", "interestAndDebtExpense": "None", "netIncomeFromContinuingOperations": "36000000", "comprehensiveIncomeNetOfTax": "None", "ebit": "616000000", "ebitda": "922000000", "netIncome": "-123000000"}, {"fiscalDateEnding": "2022-03-31", "reportedCurrency": "USD", "grossProfit": "823000000", "totalRevenue": "2292000000", "costOfRevenue": "1469000000", "costofGoodsAndServicesSold": "1469000000", "operatingIncome": "-41000000", "sellingGeneralAndAdministrative": "568000000", "researchAndDevelopment": "None", "operatingExpenses": "868000000", "investmentIncomeNet": "None", "netInterestIncome": "-552000000", "interestIncome": "None", "interestExpense": "552000000", "nonInterestIncome": "None", "otherNonOperatingIncome": "None", "depreciation": "None", "depreciationAndAmortization": "300000000", "incomeBeforeTax": "-558000000", "incomeTaxExpense": "-107000000", "interestAndDebtExpense": "None", "netIncomeFromContinuingOperations": "-451000000", "comprehensiveIncomeNetOfTax": "None", "ebit": "-6000000", "ebitda": "294000000", "netIncome": "-451000000"}, {"fiscalDateEnding": "2021-12-31", "reportedCurrency": "USD", "grossProfit": "1118000000", "totalRevenue": "2591000000", "costOfRevenue": "1473000000", "costofGoodsAndServicesSold": "1473000000", "operatingIncome": "122000000", "sellingGeneralAndAdministrative": "579000000", "researchAndDevelopment": "None", "operatingExpenses": "863000000", "investmentIncomeNet": "None", "netInterestIncome": "-561000000", "interestIncome": "None", "interestExpense": "561000000", "nonInterestIncome": "None", "otherNonOperatingIncome": "None", "depreciation": "None", "depreciationAndAmortization": "284000000", "incomeBeforeTax": "-557000000", "incomeTaxExpense": "-116000000", "interestAndDebtExpense": "None", "netIncomeFromContinuingOperations": "-441000000", "comprehensiveIncomeNetOfTax": "None", "ebit": "255000000", "ebitda": "539000000", "netIncome": "-434000000"}, {"fiscalDateEnding": "2021-09-30", "reportedCurrency": "USD", "grossProfit": "1401000000", "totalRevenue": "2685000000", "costOfRevenue": "1284000000", "costofGoodsAndServicesSold": "1284000000", "operatingIncome": "532000000", "sellingGeneralAndAdministrative": "572000000", "researchAndDevelopment": "None", "operatingExpenses": "848000000", "investmentIncomeNet": "None", "netInterestIncome": "-579000000", "interestIncome": "None", "interestExpense": "579000000", "nonInterestIncome": "None", "otherNonOperatingIncome": "None", "depreciation": "None", "depreciationAndAmortization": "276000000", "incomeBeforeTax": "-317000000", "incomeTaxExpense": "-90000000", "interestAndDebtExpense": "None", "netIncomeFromContinuingOperations": "-227000000", "comprehensiveIncomeNetOfTax": "None", "ebit": "553000000", "ebitda": "829000000", "netIncome": "-233000000"}, {"fiscalDateEnding": "2021-06-30", "reportedCurrency": "USD", "grossProfit": "1457000000", "totalRevenue": "2502000000", "costOfRevenue": "1045000000", "costofGoodsAndServicesSold": "1045000000", "operatingIncome": "590000000", "sellingGeneralAndAdministrative": "494000000", "researchAndDevelopment": "None", "operatingExpenses": "795000000", "investmentIncomeNet": "None", "netInterestIncome": "-576000000", "interestIncome": "None", "interestExpense": "576000000", "nonInterestIncome": "None", "otherNonOperatingIncome": "None", "depreciation": "None", "depreciationAndAmortization": "301000000", "incomeBeforeTax": "101000000", "incomeTaxExpense": "-1000000", "interestAndDebtExpense": "None", "netIncomeFromContinuingOperations": "102000000", "comprehensiveIncomeNetOfTax": "None", "ebit": "662000000", "ebitda": "963000000", "netIncome": "71000000"}, {"fiscalDateEnding": "2021-03-31", "reportedCurrency": "USD", "grossProfit": "903000000", "totalRevenue": "1699000000", "costOfRevenue": "796000000", "costofGoodsAndServicesSold": "796000000", "operatingIncome": "186000000", "sellingGeneralAndAdministrative": "432000000", "researchAndDevelopment": "None", "operatingExpenses": "697000000", "investmentIncomeNet": "None", "netInterestIncome": "-563000000", "interestIncome": "None", "interestExpense": "563000000", "nonInterestIncome": "None", "otherNonOperatingIncome": "None", "depreciation": "None", "depreciationAndAmortization": "265000000", "incomeBeforeTax": "-510000000", "incomeTaxExpense": "-79000000", "interestAndDebtExpense": "None", "netIncomeFromContinuingOperations": "-431000000", "comprehensiveIncomeNetOfTax": "None", "ebit": "236000000", "ebitda": "501000000", "netIncome": "-423000000"}, {"fiscalDateEnding": "2020-12-31", "reportedCurrency": "USD", "grossProfit": "720000000", "totalRevenue": "1497000000", "costOfRevenue": "777000000", "costofGoodsAndServicesSold": "777000000", "operatingIncome": "-83000000", "sellingGeneralAndAdministrative": "462000000", "researchAndDevelopment": "None", "operatingExpenses": "723000000", "investmentIncomeNet": "None", "netInterestIncome": "-566000000", "interestIncome": "None", "interestExpense": "566000000", "nonInterestIncome": "None", "otherNonOperatingIncome": "None", "depreciation": "None", "depreciationAndAmortization": "261000000", "incomeBeforeTax": "-496000000", "incomeTaxExpense": "62000000", "interestAndDebtExpense": "None", "netIncomeFromContinuingOperations": "-558000000", "comprehensiveIncomeNetOfTax": "None", "ebit": "84000000", "ebitda": "345000000", "netIncome": "-555000000"}, {"fiscalDateEnding": "2020-09-30", "reportedCurrency": "USD", "grossProfit": "710000000", "totalRevenue": "1377000000", "costOfRevenue": "667000000", "costofGoodsAndServicesSold": "667000000", "operatingIncome": "-152000000", "sellingGeneralAndAdministrative": "420000000", "researchAndDevelopment": "None", "operatingExpenses": "643000000", "investmentIncomeNet": "None", "netInterestIncome": "-473000000", "interestIncome": "None", "interestExpense": "473000000", "nonInterestIncome": "None", "otherNonOperatingIncome": "None", "depreciation": "None", "depreciationAndAmortization": "225000000", "incomeBeforeTax": "-789000000", "incomeTaxExpense": "135000000", "interestAndDebtExpense": "None", "netIncomeFromContinuingOperations": "-924000000", "comprehensiveIncomeNetOfTax": "None", "ebit": "-318000000", "ebitda": "-93000000", "netIncome": "-926000000"}, {"fiscalDateEnding": "2020-06-30", "reportedCurrency": "USD", "grossProfit": "67841000", "totalRevenue": "126470000", "costOfRevenue": "58629000", "costofGoodsAndServicesSold": "58629000", "operatingIncome": "-78327000", "sellingGeneralAndAdministrative": "77912000", "researchAndDevelopment": "None", "operatingExpenses": "131956000", "investmentIncomeNet": "None", "netInterestIncome": "-68136000", "interestIncome": "None", "interestExpense": "68136000", "nonInterestIncome": "None", "otherNonOperatingIncome": "None", "depreciation": "None", "depreciationAndAmortization": "49000000", "incomeBeforeTax": "-133657000", "incomeTaxExpense": "-33661000", "interestAndDebtExpense": "None", "netIncomeFromContinuingOperations": "-99996000", "comprehensiveIncomeNetOfTax": "None", "ebit": "-64738000", "ebitda": "-15738000", "netIncome": "-99996000"}, {"fiscalDateEnding": "2020-03-31", "reportedCurrency": "USD", "grossProfit": "229209000", "totalRevenue": "473069000", "costOfRevenue": "243860000", "costofGoodsAndServicesSold": "243860000", "operatingIncome": "-123180000", "sellingGeneralAndAdministrative": "108157000", "researchAndDevelopment": "None", "operatingExpenses": "183543000", "investmentIncomeNet": "None", "netInterestIncome": "-333000000", "interestIncome": "89472000", "interestExpense": "66464000", "nonInterestIncome": "None", "otherNonOperatingIncome": "641000000", "depreciation": "None", "depreciationAndAmortization": "50000000", "incomeBeforeTax": "-212810000", "incomeTaxExpense": "-37172000", "interestAndDebtExpense": "None", "netIncomeFromContinuingOperations": "248000000", "comprehensiveIncomeNetOfTax": "None", "ebit": "-145058000", "ebitda": "-95058000", "netIncome": "-175638000"}, {"fiscalDateEnding": "2019-12-31", "reportedCurrency": "USD", "grossProfit": "312528000", "totalRevenue": "592124000", "costOfRevenue": "279596000", "costofGoodsAndServicesSold": "279596000", "operatingIncome": "58912000", "sellingGeneralAndAdministrative": "131841000", "researchAndDevelopment": "None", "operatingExpenses": "218184000", "investmentIncomeNet": "None", "netInterestIncome": "-337000000", "interestIncome": "60738000", "interestExpense": "69043000", "nonInterestIncome": "None", "otherNonOperatingIncome": "None", "depreciation": "None", "depreciationAndAmortization": "54643000", "incomeBeforeTax": "-8134000", "incomeTaxExpense": "5085000", "interestAndDebtExpense": "None", "netIncomeFromContinuingOperations": "-305000000", "comprehensiveIncomeNetOfTax": "None", "ebit": "60909000", "ebitda": "115552000", "netIncome": "-13219000"}, {"fiscalDateEnding": "2019-09-30", "reportedCurrency": "USD", "grossProfit": "360813000", "totalRevenue": "663181000", "costOfRevenue": "302368000", "costofGoodsAndServicesSold": "302368000", "operatingIncome": "124907000", "sellingGeneralAndAdministrative": "135781000", "researchAndDevelopment": "None", "operatingExpenses": "221665000", "investmentIncomeNet": "None", "netInterestIncome": "-341000000", "interestIncome": "68579000", "interestExpense": "71897000", "nonInterestIncome": "None", "otherNonOperatingIncome": "27000000", "depreciation": "None", "depreciationAndAmortization": "53000000", "incomeBeforeTax": "55124000", "incomeTaxExpense": "18069000", "interestAndDebtExpense": "None", "netIncomeFromContinuingOperations": "-377000000", "comprehensiveIncomeNetOfTax": "None", "ebit": "137225000", "ebitda": "190225000", "netIncome": "37000000"}, {"fiscalDateEnding": "2019-06-30", "reportedCurrency": "USD", "grossProfit": "338525000", "totalRevenue": "637121000", "costOfRevenue": "298596000", "costofGoodsAndServicesSold": "298596000", "operatingIncome": "102550000", "sellingGeneralAndAdministrative": "138482000", "researchAndDevelopment": "None", "operatingExpenses": "227095000", "investmentIncomeNet": "None", "netInterestIncome": "-343000000", "interestIncome": "73196000", "interestExpense": "71798000", "nonInterestIncome": "None", "otherNonOperatingIncome": "-301000000", "depreciation": "None", "depreciationAndAmortization": "56533000", "incomeBeforeTax": "29354000", "incomeTaxExpense": "10418000", "interestAndDebtExpense": "None", "netIncomeFromContinuingOperations": "-315000000", "comprehensiveIncomeNetOfTax": "None", "ebit": "111430000", "ebitda": "167963000", "netIncome": "18936000"}, {"fiscalDateEnding": "2019-03-31", "reportedCurrency": "USD", "grossProfit": "330233000", "totalRevenue": "635823000", "costOfRevenue": "305590000", "costofGoodsAndServicesSold": "305590000", "operatingIncome": "123604000", "sellingGeneralAndAdministrative": "136642000", "researchAndDevelopment": "None", "operatingExpenses": "226700000", "investmentIncomeNet": "None", "netInterestIncome": "-349000000", "interestIncome": "74970000", "interestExpense": "73510000", "nonInterestIncome": "None", "otherNonOperatingIncome": "-138000000", "depreciation": "None", "depreciationAndAmortization": "57757000", "incomeBeforeTax": "48634000", "incomeTaxExpense": "10405000", "interestAndDebtExpense": "None", "netIncomeFromContinuingOperations": "-218000000", "comprehensiveIncomeNetOfTax": "None", "ebit": "103533000", "ebitda": "161290000", "netIncome": "38229000"}, {"fiscalDateEnding": "2018-12-31", "reportedCurrency": "USD", "grossProfit": "335862000", "totalRevenue": "671760000", "costOfRevenue": "335898000", "costofGoodsAndServicesSold": "335898000", "operatingIncome": "86726000", "sellingGeneralAndAdministrative": "139668000", "researchAndDevelopment": "0", "operatingExpenses": "237798000", "investmentIncomeNet": "None", "netInterestIncome": "None", "interestIncome": "None", "interestExpense": "75154000", "nonInterestIncome": "None", "otherNonOperatingIncome": "790000000", "depreciation": "None", "depreciationAndAmortization": "58224000", "incomeBeforeTax": "8985000", "incomeTaxExpense": "9105000", "interestAndDebtExpense": "None", "netIncomeFromContinuingOperations": "307000000", "comprehensiveIncomeNetOfTax": "None", "ebit": "98065000", "ebitda": "156289000", "netIncome": "-120000"}, {"fiscalDateEnding": "2018-09-30", "reportedCurrency": "USD", "grossProfit": "238518000", "totalRevenue": "487253000", "costOfRevenue": "248735000", "costofGoodsAndServicesSold": "248735000", "operatingIncome": "91769000", "sellingGeneralAndAdministrative": "84816000", "researchAndDevelopment": "0", "operatingExpenses": "143698000", "investmentIncomeNet": "None", "netInterestIncome": "None", "interestIncome": "None", "interestExpense": "34085000", "nonInterestIncome": "None", "otherNonOperatingIncome": "None", "depreciation": "None", "depreciationAndAmortization": "35760000", "incomeBeforeTax": "57684000", "incomeTaxExpense": "19980000", "interestAndDebtExpense": "None", "netIncomeFromContinuingOperations": "2000000", "comprehensiveIncomeNetOfTax": "None", "ebit": "91769000", "ebitda": "127529000", "netIncome": "37704000"}, {"fiscalDateEnding": "2018-06-30", "reportedCurrency": "USD", "grossProfit": "220082000", "totalRevenue": "456802000", "costOfRevenue": "236720000", "costofGoodsAndServicesSold": "236720000", "operatingIncome": "77414000", "sellingGeneralAndAdministrative": "85977000", "researchAndDevelopment": "0", "operatingExpenses": "139719000", "investmentIncomeNet": "None", "netInterestIncome": "None", "interestIncome": "None", "interestExpense": "31405000", "nonInterestIncome": "None", "otherNonOperatingIncome": "None", "depreciation": "None", "depreciationAndAmortization": "31910000", "incomeBeforeTax": "46009000", "incomeTaxExpense": "9213000", "interestAndDebtExpense": "None", "netIncomeFromContinuingOperations": "29000000", "comprehensiveIncomeNetOfTax": "None", "ebit": "77414000", "ebitda": "109324000", "netIncome": "36796000"}, {"fiscalDateEnding": "2018-03-31", "reportedCurrency": "USD", "grossProfit": "205954000", "totalRevenue": "440192000", "costOfRevenue": "234238000", "costofGoodsAndServicesSold": "234238000", "operatingIncome": "54194000", "sellingGeneralAndAdministrative": "85771000", "researchAndDevelopment": "0", "operatingExpenses": "138606000", "investmentIncomeNet": "None", "netInterestIncome": "None", "interestIncome": "None", "interestExpense": "31251000", "nonInterestIncome": "None", "otherNonOperatingIncome": "None", "depreciation": "None", "depreciationAndAmortization": "31534000", "incomeBeforeTax": "22943000", "incomeTaxExpense": "2088000", "interestAndDebtExpense": "None", "netIncomeFromContinuingOperations": "-34000000", "comprehensiveIncomeNetOfTax": "None", "ebit": "54194000", "ebitda": "85728000", "netIncome": "20855000"}, {"fiscalDateEnding": "2017-12-31", "reportedCurrency": "USD", "grossProfit": "194892000", "totalRevenue": "428220000", "costOfRevenue": "233328000", "costofGoodsAndServicesSold": "233328000", "operatingIncome": "29987000", "sellingGeneralAndAdministrative": "81719000", "researchAndDevelopment": "0", "operatingExpenses": "142954000", "investmentIncomeNet": "None", "netInterestIncome": "None", "interestIncome": "None", "interestExpense": "30390000", "nonInterestIncome": "None", "otherNonOperatingIncome": "2212000000", "depreciation": "None", "depreciationAndAmortization": "36255000", "incomeBeforeTax": "-1486000", "incomeTaxExpense": "-91179000", "interestAndDebtExpense": "None", "netIncomeFromContinuingOperations": "2028000000", "comprehensiveIncomeNetOfTax": "None", "ebit": "51709000", "ebitda": "87964000", "netIncome": "89694000"}, {"fiscalDateEnding": "2017-09-30", "reportedCurrency": "USD", "grossProfit": "211096000", "totalRevenue": "444874000", "costOfRevenue": "233778000", "costofGoodsAndServicesSold": "233778000", "operatingIncome": "78924000", "sellingGeneralAndAdministrative": "76303000", "researchAndDevelopment": "0", "operatingExpenses": "130059000", "investmentIncomeNet": "None", "netInterestIncome": "None", "interestIncome": "None", "interestExpense": "29183000", "nonInterestIncome": "None", "otherNonOperatingIncome": "-446000000", "depreciation": "None", "depreciationAndAmortization": "29122000", "incomeBeforeTax": "39711000", "incomeTaxExpense": "11595000", "interestAndDebtExpense": "None", "netIncomeFromContinuingOperations": "-460000000", "comprehensiveIncomeNetOfTax": "None", "ebit": "83605000", "ebitda": "112727000", "netIncome": "29687000"}, {"fiscalDateEnding": "2017-06-30", "reportedCurrency": "USD", "grossProfit": "161385000", "totalRevenue": "355180000", "costOfRevenue": "193795000", "costofGoodsAndServicesSold": "193795000", "operatingIncome": "-32116000", "sellingGeneralAndAdministrative": "62821000", "researchAndDevelopment": "0", "operatingExpenses": "107888000", "investmentIncomeNet": "None", "netInterestIncome": "None", "interestIncome": "None", "interestExpense": "27527000", "nonInterestIncome": "None", "otherNonOperatingIncome": "-1410000000", "depreciation": "None", "depreciationAndAmortization": "24909000", "incomeBeforeTax": "-86960000", "incomeTaxExpense": "-39677000", "interestAndDebtExpense": "None", "netIncomeFromContinuingOperations": "-1426000000", "comprehensiveIncomeNetOfTax": "None", "ebit": "-59452000", "ebitda": "-34543000", "netIncome": "-46328000"}, {"fiscalDateEnding": "2017-03-31", "reportedCurrency": "USD", "grossProfit": "79962000", "totalRevenue": "200925000", "costOfRevenue": "120963000", "costofGoodsAndServicesSold": "120963000", "operatingIncome": "14149000", "sellingGeneralAndAdministrative": "38349000", "researchAndDevelopment": "0", "operatingExpenses": "64009000", "investmentIncomeNet": "None", "netInterestIncome": "None", "interestIncome": "None", "interestExpense": "12670000", "nonInterestIncome": "None", "otherNonOperatingIncome": "-463000000", "depreciation": "None", "depreciationAndAmortization": "15604000", "incomeBeforeTax": "1479000", "incomeTaxExpense": "458000", "interestAndDebtExpense": "None", "netIncomeFromContinuingOperations": "-524000000", "comprehensiveIncomeNetOfTax": "None", "ebit": "14028000", "ebitda": "29632000", "netIncome": "945000"}, {"fiscalDateEnding": "2016-12-31", "reportedCurrency": "USD", "grossProfit": "79073000", "totalRevenue": "206450000", "costOfRevenue": "127377000", "costofGoodsAndServicesSold": "127377000", "operatingIncome": "13091000", "sellingGeneralAndAdministrative": "36239000", "researchAndDevelopment": "0", "operatingExpenses": "62028000", "investmentIncomeNet": "None", "netInterestIncome": "None", "interestIncome": "None", "interestExpense": "12542000", "nonInterestIncome": "None", "otherNonOperatingIncome": "-425000000", "depreciation": "None", "depreciationAndAmortization": "15852000", "incomeBeforeTax": "549000", "incomeTaxExpense": "-410000", "interestAndDebtExpense": "None", "netIncomeFromContinuingOperations": "-522000000", "comprehensiveIncomeNetOfTax": "None", "ebit": "17045000", "ebitda": "32897000", "netIncome": "960000"}, {"fiscalDateEnding": "2016-09-30", "reportedCurrency": "USD", "grossProfit": "98487000", "totalRevenue": "241565000", "costOfRevenue": "143078000", "costofGoodsAndServicesSold": "143078000", "operatingIncome": "28109000", "sellingGeneralAndAdministrative": "38520000", "researchAndDevelopment": "0", "operatingExpenses": "65653000", "investmentIncomeNet": "None", "netInterestIncome": "None", "interestIncome": "None", "interestExpense": "12589000", "nonInterestIncome": "None", "otherNonOperatingIncome": "-3070000000", "depreciation": "None", "depreciationAndAmortization": "15810000", "incomeBeforeTax": "15520000", "incomeTaxExpense": "5838000", "interestAndDebtExpense": "None", "netIncomeFromContinuingOperations": "-3288000000", "comprehensiveIncomeNetOfTax": "None", "ebit": "32834000", "ebitda": "48644000", "netIncome": "9682000"}, {"fiscalDateEnding": "2016-06-30", "reportedCurrency": "USD", "grossProfit": "92630000", "totalRevenue": "231315000", "costOfRevenue": "138685000", "costofGoodsAndServicesSold": "138685000", "operatingIncome": "29655000", "sellingGeneralAndAdministrative": "36734000", "researchAndDevelopment": "0", "operatingExpenses": "62083000", "investmentIncomeNet": "None", "netInterestIncome": "None", "interestIncome": "None", "interestExpense": "12795000", "nonInterestIncome": "None", "otherNonOperatingIncome": "-2026000000", "depreciation": "None", "depreciationAndAmortization": "15583000", "incomeBeforeTax": "16771000", "incomeTaxExpense": "5980000", "interestAndDebtExpense": "None", "netIncomeFromContinuingOperations": "-2043000000", "comprehensiveIncomeNetOfTax": "None", "ebit": "30547000", "ebitda": "46130000", "netIncome": "10791000"}, {"fiscalDateEnding": "2016-03-31", "reportedCurrency": "USD", "grossProfit": "83049000", "totalRevenue": "213566000", "costOfRevenue": "130517000", "costofGoodsAndServicesSold": "130517000", "operatingIncome": "18263000", "sellingGeneralAndAdministrative": "38559000", "researchAndDevelopment": "0", "operatingExpenses": "64337000", "investmentIncomeNet": "None", "netInterestIncome": "None", "interestIncome": "None", "interestExpense": "12991000", "nonInterestIncome": "None", "otherNonOperatingIncome": "-237000000", "depreciation": "None", "depreciationAndAmortization": "16204000", "incomeBeforeTax": "5206000", "incomeTaxExpense": "1836000", "interestAndDebtExpense": "None", "netIncomeFromContinuingOperations": "-274000000", "comprehensiveIncomeNetOfTax": "None", "ebit": "20657000", "ebitda": "36861000", "netIncome": "3370000"}, {"fiscalDateEnding": "2015-12-31", "reportedCurrency": "USD", "grossProfit": "69813000", "totalRevenue": "186160000", "costOfRevenue": "116347000", "costofGoodsAndServicesSold": "116347000", "operatingIncome": "13281000", "sellingGeneralAndAdministrative": "31744000", "researchAndDevelopment": "0", "operatingExpenses": "55117000", "investmentIncomeNet": "None", "netInterestIncome": "None", "interestIncome": "None", "interestExpense": "12612000", "nonInterestIncome": "None", "otherNonOperatingIncome": "-47000000", "depreciation": "None", "depreciationAndAmortization": "14467000", "incomeBeforeTax": "36104000", "incomeTaxExpense": "-74049000", "interestAndDebtExpense": "None", "netIncomeFromContinuingOperations": "-39000000", "comprehensiveIncomeNetOfTax": "None", "ebit": "15259000", "ebitda": "29726000", "netIncome": "110153000"}, {"fiscalDateEnding": "2015-09-30", "reportedCurrency": "USD", "grossProfit": "70637000", "totalRevenue": "183540000", "costOfRevenue": "112903000", "costofGoodsAndServicesSold": "112903000", "operatingIncome": "24092000", "sellingGeneralAndAdministrative": "26937000", "researchAndDevelopment": "0", "operatingExpenses": "48707000", "investmentIncomeNet": "None", "netInterestIncome": "None", "interestIncome": "None", "interestExpense": "14490000", "nonInterestIncome": "None", "otherNonOperatingIncome": "-935000000", "depreciation": "None", "depreciationAndAmortization": "13954000", "incomeBeforeTax": "6080000", "incomeTaxExpense": "2746000", "interestAndDebtExpense": "None", "netIncomeFromContinuingOperations": "-756000000", "comprehensiveIncomeNetOfTax": "None", "ebit": "21995000", "ebitda": "35949000", "netIncome": "3334000"}, {"fiscalDateEnding": "2015-06-30", "reportedCurrency": "USD", "grossProfit": "70592000", "totalRevenue": "182633000", "costOfRevenue": "112041000", "costofGoodsAndServicesSold": "112041000", "operatingIncome": "23059000", "sellingGeneralAndAdministrative": "26954000", "researchAndDevelopment": "0", "operatingExpenses": "48389000", "investmentIncomeNet": "None", "netInterestIncome": "None", "interestIncome": "None", "interestExpense": "17238000", "nonInterestIncome": "None", "otherNonOperatingIncome": "7000000", "depreciation": "None", "depreciationAndAmortization": "14031000", "incomeBeforeTax": "5827000", "incomeTaxExpense": "1032000", "interestAndDebtExpense": "None", "netIncomeFromContinuingOperations": "50000000", "comprehensiveIncomeNetOfTax": "None", "ebit": "23059000", "ebitda": "37090000", "netIncome": "4795000"}, {"fiscalDateEnding": "2015-03-31", "reportedCurrency": "USD", "grossProfit": "61959000", "totalRevenue": "167451000", "costOfRevenue": "105492000", "costofGoodsAndServicesSold": "105492000", "operatingIncome": "12084000", "sellingGeneralAndAdministrative": "27704000", "researchAndDevelopment": "0", "operatingExpenses": "49274000", "investmentIncomeNet": "None", "netInterestIncome": "None", "interestIncome": "None", "interestExpense": "17237000", "nonInterestIncome": "None", "otherNonOperatingIncome": "7090000000", "depreciation": "None", "depreciationAndAmortization": "14469000", "incomeBeforeTax": "-5148000", "incomeTaxExpense": "1016000", "interestAndDebtExpense": "None", "netIncomeFromContinuingOperations": "6804000000", "comprehensiveIncomeNetOfTax": "None", "ebit": "12084000", "ebitda": "26553000", "netIncome": "-6164000"}, {"fiscalDateEnding": "2014-12-31", "reportedCurrency": "USD", "grossProfit": "57599000", "totalRevenue": "164095000", "costOfRevenue": "106496000", "costofGoodsAndServicesSold": "106496000", "operatingIncome": "6450000", "sellingGeneralAndAdministrative": "27339000", "researchAndDevelopment": "0", "operatingExpenses": "50259000", "investmentIncomeNet": "None", "netInterestIncome": "None", "interestIncome": "None", "interestExpense": "17341000", "nonInterestIncome": "None", "otherNonOperatingIncome": "-1800000", "depreciation": "None", "depreciationAndAmortization": "14857000", "incomeBeforeTax": "-10261000", "incomeTaxExpense": "573000", "interestAndDebtExpense": "None", "netIncomeFromContinuingOperations": "-968900000", "comprehensiveIncomeNetOfTax": "None", "ebit": "6977000", "ebitda": "21834000", "netIncome": "-10937000"}, {"fiscalDateEnding": "2014-09-30", "reportedCurrency": "USD", "grossProfit": "30938000", "totalRevenue": "78949000", "costOfRevenue": "48011000", "costofGoodsAndServicesSold": "48011000", "operatingIncome": "2778000", "sellingGeneralAndAdministrative": "14387000", "researchAndDevelopment": "0", "operatingExpenses": "24932000", "investmentIncomeNet": "None", "netInterestIncome": "None", "interestIncome": "None", "interestExpense": "5652000", "nonInterestIncome": "None", "otherNonOperatingIncome": "-65500000", "depreciation": "None", "depreciationAndAmortization": "5283000", "incomeBeforeTax": "-2869000", "incomeTaxExpense": "1195000", "interestAndDebtExpense": "None", "netIncomeFromContinuingOperations": "-931700000", "comprehensiveIncomeNetOfTax": "None", "ebit": "3007000", "ebitda": "8290000", "netIncome": "-4064000"}, {"fiscalDateEnding": "2014-06-30", "reportedCurrency": "USD", "grossProfit": "21445000", "totalRevenue": "61749000", "costOfRevenue": "40304000", "costofGoodsAndServicesSold": "40304000", "operatingIncome": "6775000", "sellingGeneralAndAdministrative": "11664000", "researchAndDevelopment": "0", "operatingExpenses": "15750000", "investmentIncomeNet": "None", "netInterestIncome": "None", "interestIncome": "None", "interestExpense": "3870000", "nonInterestIncome": "None", "otherNonOperatingIncome": "-27300000", "depreciation": "None", "depreciationAndAmortization": "4086000", "incomeBeforeTax": "2909000", "incomeTaxExpense": "-144300000", "interestAndDebtExpense": "None", "netIncomeFromContinuingOperations": "-406500000", "comprehensiveIncomeNetOfTax": "None", "ebit": "5695000", "ebitda": "9781000", "netIncome": "2909000"}, {"fiscalDateEnding": "2014-03-31", "reportedCurrency": "USD", "grossProfit": "22441000", "totalRevenue": "57030000", "costOfRevenue": "34589000", "costofGoodsAndServicesSold": "34589000", "operatingIncome": "1552000", "sellingGeneralAndAdministrative": "10812000", "researchAndDevelopment": "0", "operatingExpenses": "19137000", "investmentIncomeNet": "None", "netInterestIncome": "None", "interestIncome": "None", "interestExpense": "3889000", "nonInterestIncome": "None", "otherNonOperatingIncome": "-400000", "depreciation": "None", "depreciationAndAmortization": "4188000", "incomeBeforeTax": "-2333000", "incomeTaxExpense": "3509000", "interestAndDebtExpense": "None", "netIncomeFromContinuingOperations": "-366900000", "comprehensiveIncomeNetOfTax": "None", "ebit": "3304000", "ebitda": "7492000", "netIncome": "-2333000"}, {"fiscalDateEnding": "2013-12-31", "reportedCurrency": "USD", "grossProfit": "20557000", "totalRevenue": "55548000", "costOfRevenue": "34991000", "costofGoodsAndServicesSold": "34991000", "operatingIncome": "-1035000", "sellingGeneralAndAdministrative": "10839000", "researchAndDevelopment": "0", "operatingExpenses": "19537000", "investmentIncomeNet": "None", "netInterestIncome": "None", "interestIncome": "None", "interestExpense": "3871000", "nonInterestIncome": "None", "otherNonOperatingIncome": "-42600000", "depreciation": "None", "depreciationAndAmortization": "4031000", "incomeBeforeTax": "7078000", "incomeTaxExpense": "3801000", "interestAndDebtExpense": "None", "netIncomeFromContinuingOperations": "-1751600000", "comprehensiveIncomeNetOfTax": "None", "ebit": "1020000", "ebitda": "5051000", "netIncome": "7078000"}, {"fiscalDateEnding": "2013-09-30", "reportedCurrency": "USD", "grossProfit": "26355000", "totalRevenue": "63631000", "costOfRevenue": "37276000", "costofGoodsAndServicesSold": "37276000", "operatingIncome": "7092000", "sellingGeneralAndAdministrative": "11060000", "researchAndDevelopment": "0", "operatingExpenses": "20007000", "investmentIncomeNet": "None", "netInterestIncome": "None", "interestIncome": "None", "interestExpense": "3912000", "nonInterestIncome": "None", "otherNonOperatingIncome": "13500000", "depreciation": "None", "depreciationAndAmortization": "4297000", "incomeBeforeTax": "3184000", "incomeTaxExpense": "6072000", "interestAndDebtExpense": "None", "netIncomeFromContinuingOperations": "-773600000", "comprehensiveIncomeNetOfTax": "None", "ebit": "6348000", "ebitda": "10645000", "netIncome": "3184000"}, {"fiscalDateEnding": "2013-06-30", "reportedCurrency": "USD", "grossProfit": "24687000", "totalRevenue": "65828000", "costOfRevenue": "41141000", "costofGoodsAndServicesSold": "41141000", "operatingIncome": "8527000", "sellingGeneralAndAdministrative": "570200000", "researchAndDevelopment": "0", "operatingExpenses": "14187000", "investmentIncomeNet": "None", "netInterestIncome": "None", "interestIncome": "None", "interestExpense": "540100000", "nonInterestIncome": "None", "otherNonOperatingIncome": "90200000", "depreciation": "None", "depreciationAndAmortization": "4363000", "incomeBeforeTax": "6548000", "incomeTaxExpense": "-113500000", "interestAndDebtExpense": "None", "netIncomeFromContinuingOperations": "-208900000", "comprehensiveIncomeNetOfTax": "None", "ebit": "8527000", "ebitda": "12890000", "netIncome": "6548000"}, {"fiscalDateEnding": "2013-03-31", "reportedCurrency": "USD", "grossProfit": "22653000", "totalRevenue": "62179000", "costOfRevenue": "39526000", "costofGoodsAndServicesSold": "39526000", "operatingIncome": "6731000", "sellingGeneralAndAdministrative": "616300000", "researchAndDevelopment": "0", "operatingExpenses": "16628000", "investmentIncomeNet": "None", "netInterestIncome": "None", "interestIncome": "None", "interestExpense": "574700000", "nonInterestIncome": "None", "otherNonOperatingIncome": "-33000000", "depreciation": "None", "depreciationAndAmortization": "4340000", "incomeBeforeTax": "2087000", "incomeTaxExpense": "-290200000", "interestAndDebtExpense": "None", "netIncomeFromContinuingOperations": "-175700000", "comprehensiveIncomeNetOfTax": "None", "ebit": "6731000", "ebitda": "11071000", "netIncome": "2087000"}, {"fiscalDateEnding": "2012-12-31", "reportedCurrency": "USD", "grossProfit": "19846000", "totalRevenue": "59969000", "costOfRevenue": "40123000", "costofGoodsAndServicesSold": "40123000", "operatingIncome": "4734000", "sellingGeneralAndAdministrative": "600000", "researchAndDevelopment": "0", "operatingExpenses": "24634000", "investmentIncomeNet": "None", "netInterestIncome": "None", "interestIncome": "None", "interestExpense": "527000000", "nonInterestIncome": "None", "otherNonOperatingIncome": "62700000", "depreciation": "None", "depreciationAndAmortization": "3372000", "incomeBeforeTax": "-8813000", "incomeTaxExpense": "-381000000", "interestAndDebtExpense": "None", "netIncomeFromContinuingOperations": "-339500000", "comprehensiveIncomeNetOfTax": "None", "ebit": "4734000", "ebitda": "8106000", "netIncome": "-8813000"}, {"fiscalDateEnding": "2012-09-30", "reportedCurrency": "USD", "grossProfit": "23766000", "totalRevenue": "65907000", "costOfRevenue": "42141000", "costofGoodsAndServicesSold": "42141000", "operatingIncome": "6663000", "sellingGeneralAndAdministrative": "593000000", "researchAndDevelopment": "0", "operatingExpenses": "17726999", "investmentIncomeNet": "None", "netInterestIncome": "None", "interestIncome": "None", "interestExpense": "515800000", "nonInterestIncome": "None", "otherNonOperatingIncome": "4600000", "depreciation": "None", "depreciationAndAmortization": "4606000", "incomeBeforeTax": "1973000", "incomeTaxExpense": "-225300000", "interestAndDebtExpense": "None", "netIncomeFromContinuingOperations": "-506200000", "comprehensiveIncomeNetOfTax": "None", "ebit": "6663000", "ebitda": "11269000", "netIncome": "1973000"}, {"fiscalDateEnding": "2012-06-30", "reportedCurrency": "USD", "grossProfit": "1015200000", "totalRevenue": "2163700000", "costOfRevenue": "1148500000", "costofGoodsAndServicesSold": "1148500000", "operatingIncome": "229300000", "sellingGeneralAndAdministrative": "562200000", "researchAndDevelopment": "0", "operatingExpenses": "785900000", "investmentIncomeNet": "None", "netInterestIncome": "None", "interestIncome": "None", "interestExpense": "496500000", "nonInterestIncome": "None", "otherNonOperatingIncome": "40200000", "depreciation": "None", "depreciationAndAmortization": "221899999", "incomeBeforeTax": "-267200000", "incomeTaxExpense": "-105900000", "interestAndDebtExpense": "None", "netIncomeFromContinuingOperations": "-255900000", "comprehensiveIncomeNetOfTax": "None", "ebit": "148900001", "ebitda": "370800000", "netIncome": "-241700000"}, {"fiscalDateEnding": "2012-03-31", "reportedCurrency": "USD", "grossProfit": "1044400000", "totalRevenue": "2206100000", "costOfRevenue": "1161700000", "costofGoodsAndServicesSold": "1161700000", "operatingIncome": "115300000", "sellingGeneralAndAdministrative": "563000000", "researchAndDevelopment": "0", "operatingExpenses": "929100000", "investmentIncomeNet": "None", "netInterestIncome": "None", "interestIncome": "None", "interestExpense": "562000000", "nonInterestIncome": "None", "otherNonOperatingIncome": "54000000", "depreciation": "None", "depreciationAndAmortization": "225800000", "incomeBeforeTax": "-446700000", "incomeTaxExpense": "-158300000", "interestAndDebtExpense": "None", "netIncomeFromContinuingOperations": "-281100000", "comprehensiveIncomeNetOfTax": "None", "ebit": "123100000", "ebitda": "348900000", "netIncome": "-280600000"}, {"fiscalDateEnding": "2011-12-31", "reportedCurrency": "USD", "grossProfit": "957100000", "totalRevenue": "2072200000", "costOfRevenue": "1115100000", "costofGoodsAndServicesSold": "1115100000", "operatingIncome": "185100000", "sellingGeneralAndAdministrative": "559300000", "researchAndDevelopment": "0", "operatingExpenses": "772000000", "investmentIncomeNet": "None", "netInterestIncome": "None", "interestIncome": "None", "interestExpense": "674000000", "nonInterestIncome": "None", "otherNonOperatingIncome": "None", "depreciation": "None", "depreciationAndAmortization": "200399999", "incomeBeforeTax": "-488300000", "incomeTaxExpense": "-263400000", "interestAndDebtExpense": "None", "netIncomeFromContinuingOperations": "0", "comprehensiveIncomeNetOfTax": "None", "ebit": "177800001", "ebitda": "378200000", "netIncome": "-232800000"}, {"fiscalDateEnding": "2011-09-30", "reportedCurrency": "USD", "grossProfit": "1018600000", "totalRevenue": "2189700000", "costOfRevenue": "1171100000", "costofGoodsAndServicesSold": "1171100000", "operatingIncome": "179800000", "sellingGeneralAndAdministrative": "580800000", "researchAndDevelopment": "0", "operatingExpenses": "838800000", "investmentIncomeNet": "None", "netInterestIncome": "None", "interestIncome": "None", "interestExpense": "450300000", "nonInterestIncome": "None", "otherNonOperatingIncome": "8200000", "depreciation": "None", "depreciationAndAmortization": "219100000", "incomeBeforeTax": "-262300000", "incomeTaxExpense": "-77700000", "interestAndDebtExpense": "None", "netIncomeFromContinuingOperations": "-173400000", "comprehensiveIncomeNetOfTax": "None", "ebit": "208600000", "ebitda": "427700000", "netIncome": "-164000000"}, {"fiscalDateEnding": "2011-06-30", "reportedCurrency": "USD", "grossProfit": "1023100000", "totalRevenue": "2161700000", "costOfRevenue": "1138600000", "costofGoodsAndServicesSold": "1138600000", "operatingIncome": "246300000", "sellingGeneralAndAdministrative": "550500000", "researchAndDevelopment": "0", "operatingExpenses": "776800000", "investmentIncomeNet": "None", "netInterestIncome": "None", "interestIncome": "None", "interestExpense": "987717000", "nonInterestIncome": "None", "otherNonOperatingIncome": "19700000", "depreciation": "None", "depreciationAndAmortization": "207200000", "incomeBeforeTax": "-273300000", "incomeTaxExpense": "-107700000", "interestAndDebtExpense": "None", "netIncomeFromContinuingOperations": "-153100000", "comprehensiveIncomeNetOfTax": "None", "ebit": "724517000", "ebitda": "931717000", "netIncome": "-155500000"}, {"fiscalDateEnding": "2011-03-31", "reportedCurrency": "USD", "grossProfit": "982500000", "totalRevenue": "2116100000", "costOfRevenue": "1133600000", "costofGoodsAndServicesSold": "1133600000", "operatingIncome": "227800000", "sellingGeneralAndAdministrative": "555600000", "researchAndDevelopment": "0", "operatingExpenses": "754700000", "investmentIncomeNet": "None", "netInterestIncome": "None", "interestIncome": "None", "interestExpense": "473400000", "nonInterestIncome": "None", "otherNonOperatingIncome": "None", "depreciation": "None", "depreciationAndAmortization": "219200000", "incomeBeforeTax": "-242100000", "incomeTaxExpense": "-85800000", "interestAndDebtExpense": "None", "netIncomeFromContinuingOperations": "0", "comprehensiveIncomeNetOfTax": "None", "ebit": "-706600000", "ebitda": "-487400000", "netIncome": "-147400000"}, {"fiscalDateEnding": "2010-12-31", "reportedCurrency": "USD", "grossProfit": "939500000", "totalRevenue": "2121000000", "costOfRevenue": "1181500000", "costofGoodsAndServicesSold": "1181500000", "operatingIncome": "198000000", "sellingGeneralAndAdministrative": "516900000", "researchAndDevelopment": "0", "operatingExpenses": "741500000", "investmentIncomeNet": "None", "netInterestIncome": "None", "interestIncome": "None", "interestExpense": "510000000", "nonInterestIncome": "None", "otherNonOperatingIncome": "None", "depreciation": "None", "depreciationAndAmortization": "-18200000", "incomeBeforeTax": "-298200000", "incomeTaxExpense": "-104200000", "interestAndDebtExpense": "None", "netIncomeFromContinuingOperations": "0", "comprehensiveIncomeNetOfTax": "None", "ebit": "209100000", "ebitda": "190900000", "netIncome": "-196700000"}, {"fiscalDateEnding": "2010-09-30", "reportedCurrency": "USD", "grossProfit": "1046400000", "totalRevenue": "2288500000", "costOfRevenue": "1242100000", "costofGoodsAndServicesSold": "1242100000", "operatingIncome": "253100000", "sellingGeneralAndAdministrative": "574900000", "researchAndDevelopment": "0", "operatingExpenses": "793300000", "investmentIncomeNet": "None", "netInterestIncome": "None", "interestIncome": "None", "interestExpense": "1471000000", "nonInterestIncome": "None", "otherNonOperatingIncome": "None", "depreciation": "None", "depreciationAndAmortization": "302900000", "incomeBeforeTax": "-260700000", "incomeTaxExpense": "-97500000", "interestAndDebtExpense": "None", "netIncomeFromContinuingOperations": "0", "comprehensiveIncomeNetOfTax": "None", "ebit": "1208700000", "ebitda": "1511600000", "netIncome": "-164800000"}, {"fiscalDateEnding": "2010-06-30", "reportedCurrency": "USD", "grossProfit": "1005200000", "totalRevenue": "2220700000", "costOfRevenue": "1215500000", "costofGoodsAndServicesSold": "1215500000", "operatingIncome": "18400000", "sellingGeneralAndAdministrative": "573500000", "researchAndDevelopment": "0", "operatingExpenses": "986800000", "investmentIncomeNet": "None", "netInterestIncome": "None", "interestIncome": "None", "interestExpense": "456800000", "nonInterestIncome": "None", "otherNonOperatingIncome": "None", "depreciation": "None", "depreciationAndAmortization": "311600000", "incomeBeforeTax": "-434600000", "incomeTaxExpense": "-162100000", "interestAndDebtExpense": "None", "netIncomeFromContinuingOperations": "0", "comprehensiveIncomeNetOfTax": "None", "ebit": "-892900000", "ebitda": "-581300000", "netIncome": "-274000000"}, {"fiscalDateEnding": "2010-03-31", "reportedCurrency": "USD", "grossProfit": "997000000", "totalRevenue": "2188400000", "costOfRevenue": "1191400000", "costofGoodsAndServicesSold": "1191400000", "operatingIncome": "178400000", "sellingGeneralAndAdministrative": "538500000", "researchAndDevelopment": "0", "operatingExpenses": "818599999", "investmentIncomeNet": "None", "netInterestIncome": "None", "interestIncome": "None", "interestExpense": "491000000", "nonInterestIncome": "None", "otherNonOperatingIncome": "None", "depreciation": "None", "depreciationAndAmortization": "275400000", "incomeBeforeTax": "-298500000", "incomeTaxExpense": "-104900000", "interestAndDebtExpense": "None", "netIncomeFromContinuingOperations": "0", "comprehensiveIncomeNetOfTax": "None", "ebit": "190500000", "ebitda": "465900000", "netIncome": "-195600000"}, {"fiscalDateEnding": "2009-12-31", "reportedCurrency": "USD", "grossProfit": "943600000", "totalRevenue": "2099100000", "costOfRevenue": "1155500000", "costofGoodsAndServicesSold": "1155500000", "operatingIncome": "837000000", "sellingGeneralAndAdministrative": "540200000", "researchAndDevelopment": "0", "operatingExpenses": "106599999", "investmentIncomeNet": "None", "netInterestIncome": "None", "interestIncome": "None", "interestExpense": "488000000", "nonInterestIncome": "None", "otherNonOperatingIncome": "None", "depreciation": "None", "depreciationAndAmortization": "-1400000", "incomeBeforeTax": "359000000", "incomeTaxExpense": "61000000", "interestAndDebtExpense": "None", "netIncomeFromContinuingOperations": "0", "comprehensiveIncomeNetOfTax": "None", "ebit": "844600000", "ebitda": "843200000", "netIncome": "295600000"}, {"fiscalDateEnding": "2009-09-30", "reportedCurrency": "USD", "grossProfit": "1077400000", "totalRevenue": "2282200000", "costOfRevenue": "1204800000", "costofGoodsAndServicesSold": "1204800000", "operatingIncome": "-1051700000", "sellingGeneralAndAdministrative": "553700000", "researchAndDevelopment": "0", "operatingExpenses": "2129100000", "investmentIncomeNet": "None", "netInterestIncome": "None", "interestIncome": "None", "interestExpense": "444000000", "nonInterestIncome": "None", "otherNonOperatingIncome": "None", "depreciation": "None", "depreciationAndAmortization": "302400000", "incomeBeforeTax": "-1492100000", "incomeTaxExpense": "128900000", "interestAndDebtExpense": "None", "netIncomeFromContinuingOperations": "0", "comprehensiveIncomeNetOfTax": "None", "ebit": "-1051400000", "ebitda": "-749000000", "netIncome": "-1624300000"}, {"fiscalDateEnding": "2009-06-30", "reportedCurrency": "USD", "grossProfit": "1085800000", "totalRevenue": "2271400000", "costOfRevenue": "1185600000", "costofGoodsAndServicesSold": "1185600000", "operatingIncome": "4285800000", "sellingGeneralAndAdministrative": "542600000", "researchAndDevelopment": "0", "operatingExpenses": "-3200000000", "investmentIncomeNet": "None", "netInterestIncome": "None", "interestIncome": "None", "interestExpense": "960000000", "nonInterestIncome": "None", "otherNonOperatingIncome": "None", "depreciation": "None", "depreciationAndAmortization": "294200000", "incomeBeforeTax": "3833000000", "incomeTaxExpense": "1536200000", "interestAndDebtExpense": "None", "netIncomeFromContinuingOperations": "0", "comprehensiveIncomeNetOfTax": "None", "ebit": "4785200000", "ebitda": "5079400000", "netIncome": "2289000000"}, {"fiscalDateEnding": "2009-03-31", "reportedCurrency": "USD", "grossProfit": "1065600000", "totalRevenue": "2254700000", "costOfRevenue": "1189100000", "costofGoodsAndServicesSold": "1189100000", "operatingIncome": "286600000", "sellingGeneralAndAdministrative": "536600000", "researchAndDevelopment": "0", "operatingExpenses": "779000000", "investmentIncomeNet": "None", "netInterestIncome": "None", "interestIncome": "None", "interestExpense": "496800000", "nonInterestIncome": "None", "otherNonOperatingIncome": "None", "depreciation": "None", "depreciationAndAmortization": "276800000", "incomeBeforeTax": "-201700000", "incomeTaxExpense": "-74300000", "interestAndDebtExpense": "None", "netIncomeFromContinuingOperations": "0", "comprehensiveIncomeNetOfTax": "None", "ebit": "-703800000", "ebitda": "-427000000", "netIncome": "-132700000"}, {"fiscalDateEnding": "2008-12-31", "reportedCurrency": "USD", "grossProfit": "1001900000", "totalRevenue": "2278400000", "costOfRevenue": "1276500000", "costofGoodsAndServicesSold": "1276500000", "operatingIncome": "-4402000000", "sellingGeneralAndAdministrative": "562400000", "researchAndDevelopment": "0", "operatingExpenses": "5403900000", "investmentIncomeNet": "None", "netInterestIncome": "None", "interestIncome": "None", "interestExpense": "1541000000", "nonInterestIncome": "None", "otherNonOperatingIncome": "None", "depreciation": "None", "depreciationAndAmortization": "282900000", "incomeBeforeTax": "-4991100000", "incomeTaxExpense": "-212800000", "interestAndDebtExpense": "None", "netIncomeFromContinuingOperations": "0", "comprehensiveIncomeNetOfTax": "None", "ebit": "-3453900000", "ebitda": "-3171000000", "netIncome": "-4782100000"}, {"fiscalDateEnding": "2008-09-30", "reportedCurrency": "USD", "grossProfit": "1273500000", "totalRevenue": "2645900000", "costOfRevenue": "1372400000", "costofGoodsAndServicesSold": "1372400000", "operatingIncome": "357000000", "sellingGeneralAndAdministrative": "682800000", "researchAndDevelopment": "0", "operatingExpenses": "916500000", "investmentIncomeNet": "None", "netInterestIncome": "None", "interestIncome": "None", "interestExpense": "533000000", "nonInterestIncome": "None", "otherNonOperatingIncome": "None", "depreciation": "None", "depreciationAndAmortization": "255099999", "incomeBeforeTax": "-169200000", "incomeTaxExpense": "-46000000", "interestAndDebtExpense": "None", "netIncomeFromContinuingOperations": "0", "comprehensiveIncomeNetOfTax": "None", "ebit": "357300000", "ebitda": "612399999", "netIncome": "-129700000"}, {"fiscalDateEnding": "2008-06-30", "reportedCurrency": "USD", "grossProfit": "1223300000", "totalRevenue": "2602100000", "costOfRevenue": "1378800000", "costofGoodsAndServicesSold": "1378800000", "operatingIncome": "323100000", "sellingGeneralAndAdministrative": "621100000", "researchAndDevelopment": "0", "operatingExpenses": "900200000", "investmentIncomeNet": "None", "netInterestIncome": "None", "interestIncome": "None", "interestExpense": "468000000", "nonInterestIncome": "None", "otherNonOperatingIncome": "None", "depreciation": "None", "depreciationAndAmortization": "289200000", "incomeBeforeTax": "-141100000", "incomeTaxExpense": "-43500000", "interestAndDebtExpense": "None", "netIncomeFromContinuingOperations": "0", "comprehensiveIncomeNetOfTax": "None", "ebit": "326900000", "ebitda": "616100000", "netIncome": "-97600000"}, {"fiscalDateEnding": "2008-03-31", "reportedCurrency": "USD", "grossProfit": "1238600000", "totalRevenue": "2600600000", "costOfRevenue": "1362000000", "costofGoodsAndServicesSold": "1362000000", "operatingIncome": "189700000", "sellingGeneralAndAdministrative": "624800000", "researchAndDevelopment": "0", "operatingExpenses": "1048900000", "investmentIncomeNet": "None", "netInterestIncome": "None", "interestIncome": "None", "interestExpense": "557600000", "nonInterestIncome": "None", "otherNonOperatingIncome": "None", "depreciation": "None", "depreciationAndAmortization": "305000000", "incomeBeforeTax": "-359100000", "incomeTaxExpense": "-84100000", "interestAndDebtExpense": "None", "netIncomeFromContinuingOperations": "0", "comprehensiveIncomeNetOfTax": "None", "ebit": "-829500000", "ebitda": "-524500000", "netIncome": "-187800000"}, {"fiscalDateEnding": "2007-12-31", "reportedCurrency": "USD", "grossProfit": "1249100000", "totalRevenue": "2627500000", "costOfRevenue": "1378400000", "costofGoodsAndServicesSold": "1378400000", "operatingIncome": "145700000", "sellingGeneralAndAdministrative": "670300000", "researchAndDevelopment": "0", "operatingExpenses": "1103400000", "investmentIncomeNet": "None", "netInterestIncome": "None", "interestIncome": "None", "interestExpense": "222000000", "nonInterestIncome": "None", "otherNonOperatingIncome": "None", "depreciation": "None", "depreciationAndAmortization": "241000000", "incomeBeforeTax": "-62000000", "incomeTaxExpense": "-3900000", "interestAndDebtExpense": "None", "netIncomeFromContinuingOperations": "0", "comprehensiveIncomeNetOfTax": "None", "ebit": "170300000", "ebitda": "411300000", "netIncome": "-47800000"}, {"fiscalDateEnding": "2007-09-30", "reportedCurrency": "USD", "grossProfit": "1383100000", "totalRevenue": "2840300000", "costOfRevenue": "1457200000", "costofGoodsAndServicesSold": "1457200000", "operatingIncome": "575200000", "sellingGeneralAndAdministrative": "635100000", "researchAndDevelopment": "0", "operatingExpenses": "807899999", "investmentIncomeNet": "None", "netInterestIncome": "None", "interestIncome": "None", "interestExpense": "216000000", "nonInterestIncome": "None", "otherNonOperatingIncome": "None", "depreciation": "None", "depreciationAndAmortization": "229299999", "incomeBeforeTax": "364000000", "incomeTaxExpense": "137400000", "interestAndDebtExpense": "None", "netIncomeFromContinuingOperations": "0", "comprehensiveIncomeNetOfTax": "None", "ebit": "597800001", "ebitda": "827100000", "netIncome": "244400000"}, {"fiscalDateEnding": "2007-06-30", "reportedCurrency": "USD", "grossProfit": "1282200000", "totalRevenue": "2701800000", "costOfRevenue": "1419600000", "costofGoodsAndServicesSold": "1419600000", "operatingIncome": "477900000", "sellingGeneralAndAdministrative": "603400000", "researchAndDevelopment": "0", "operatingExpenses": "804300000", "investmentIncomeNet": "None", "netInterestIncome": "None", "interestIncome": "None", "interestExpense": "177000000", "nonInterestIncome": "None", "otherNonOperatingIncome": "None", "depreciation": "None", "depreciationAndAmortization": "225700000", "incomeBeforeTax": "317000000", "incomeTaxExpense": "116400000", "interestAndDebtExpense": "None", "netIncomeFromContinuingOperations": "0", "comprehensiveIncomeNetOfTax": "None", "ebit": "530900000", "ebitda": "756600000", "netIncome": "237500000"}, {"fiscalDateEnding": "2007-03-31", "reportedCurrency": "USD", "grossProfit": "1332800000", "totalRevenue": "2655600000", "costOfRevenue": "1322800000", "costofGoodsAndServicesSold": "1322800000", "operatingIncome": "451200000", "sellingGeneralAndAdministrative": "676700000", "researchAndDevelopment": "0", "operatingExpenses": "881600000", "investmentIncomeNet": "None", "netInterestIncome": "None", "interestIncome": "None", "interestExpense": "185000000", "nonInterestIncome": "None", "otherNonOperatingIncome": "None", "depreciation": "None", "depreciationAndAmortization": "209800000", "incomeBeforeTax": "273600000", "incomeTaxExpense": "100300000", "interestAndDebtExpense": "None", "netIncomeFromContinuingOperations": "0", "comprehensiveIncomeNetOfTax": "None", "ebit": "470600000", "ebitda": "680400000", "netIncome": "185300000"}, {"fiscalDateEnding": "2006-12-31", "reportedCurrency": "USD", "grossProfit": "1164200000", "totalRevenue": "2430600000", "costOfRevenue": "1266400000", "costofGoodsAndServicesSold": "1266400000", "operatingIncome": "229900000", "sellingGeneralAndAdministrative": "649000000", "researchAndDevelopment": "0", "operatingExpenses": "934299999", "investmentIncomeNet": "None", "netInterestIncome": "None", "interestIncome": "None", "interestExpense": "178000000", "nonInterestIncome": "None", "otherNonOperatingIncome": "None", "depreciation": "None", "depreciationAndAmortization": "196000000", "incomeBeforeTax": "57500000", "incomeTaxExpense": "16000000", "interestAndDebtExpense": "None", "netIncomeFromContinuingOperations": "0", "comprehensiveIncomeNetOfTax": "None", "ebit": "241600000", "ebitda": "437600000", "netIncome": "47600000"}, {"fiscalDateEnding": "2006-09-30", "reportedCurrency": "USD", "grossProfit": "1268700000", "totalRevenue": "2512500000", "costOfRevenue": "1243800000", "costofGoodsAndServicesSold": "1243800000", "operatingIncome": "441000000", "sellingGeneralAndAdministrative": "637700000", "researchAndDevelopment": "0", "operatingExpenses": "827700000", "investmentIncomeNet": "None", "netInterestIncome": "None", "interestIncome": "None", "interestExpense": "166000000", "nonInterestIncome": "None", "otherNonOperatingIncome": "None", "depreciation": "None", "depreciationAndAmortization": "181299999", "incomeBeforeTax": "278300000", "incomeTaxExpense": "96300000", "interestAndDebtExpense": "None", "netIncomeFromContinuingOperations": "0", "comprehensiveIncomeNetOfTax": "None", "ebit": "439500001", "ebitda": "620800000", "netIncome": "177200000"}, {"fiscalDateEnding": "2006-06-30", "reportedCurrency": "USD", "grossProfit": "1195100000", "totalRevenue": "2373900000", "costOfRevenue": "1178800000", "costofGoodsAndServicesSold": "1178800000", "operatingIncome": "370600000", "sellingGeneralAndAdministrative": "572800000", "researchAndDevelopment": "0", "operatingExpenses": "824500000", "investmentIncomeNet": "None", "netInterestIncome": "None", "interestIncome": "None", "interestExpense": "162000000", "nonInterestIncome": "None", "otherNonOperatingIncome": "None", "depreciation": "None", "depreciationAndAmortization": "168500000", "incomeBeforeTax": "210000000", "incomeTaxExpense": "77700000", "interestAndDebtExpense": "None", "netIncomeFromContinuingOperations": "0", "comprehensiveIncomeNetOfTax": "None", "ebit": "368300000", "ebitda": "536800000", "netIncome": "128600000"}, {"fiscalDateEnding": "2006-03-31", "reportedCurrency": "USD", "grossProfit": "1189100000", "totalRevenue": "2356900000", "costOfRevenue": "1167800000", "costofGoodsAndServicesSold": "1167800000", "operatingIncome": "453100000", "sellingGeneralAndAdministrative": "545800000", "researchAndDevelopment": "0", "operatingExpenses": "736000000", "investmentIncomeNet": "None", "netInterestIncome": "None", "interestIncome": "None", "interestExpense": "164000000", "nonInterestIncome": "None", "otherNonOperatingIncome": "None", "depreciation": "None", "depreciationAndAmortization": "165600000", "incomeBeforeTax": "289000000", "incomeTaxExpense": "105600000", "interestAndDebtExpense": "None", "netIncomeFromContinuingOperations": "0", "comprehensiveIncomeNetOfTax": "None", "ebit": "452000000", "ebitda": "617600000", "netIncome": "182400000"}, {"fiscalDateEnding": "2005-12-31", "reportedCurrency": "USD", "grossProfit": "983700000", "totalRevenue": "2095000000", "costOfRevenue": "1111300000", "costofGoodsAndServicesSold": "1111300000", "operatingIncome": "152400000", "sellingGeneralAndAdministrative": "481800000", "researchAndDevelopment": "0", "operatingExpenses": "831300000", "investmentIncomeNet": "None", "netInterestIncome": "None", "interestIncome": "None", "interestExpense": "161000000", "nonInterestIncome": "None", "otherNonOperatingIncome": "None", "depreciation": "None", "depreciationAndAmortization": "153899999", "incomeBeforeTax": "-2400000", "incomeTaxExpense": "19100000", "interestAndDebtExpense": "None", "netIncomeFromContinuingOperations": "0", "comprehensiveIncomeNetOfTax": "None", "ebit": "37900000", "ebitda": "191799999", "netIncome": "-142200000"}, {"fiscalDateEnding": "2005-09-30", "reportedCurrency": "USD", "grossProfit": "1128100000", "totalRevenue": "2272400000", "costOfRevenue": "1144300000", "costofGoodsAndServicesSold": "1144300000", "operatingIncome": "422500000", "sellingGeneralAndAdministrative": "511900000", "researchAndDevelopment": "0", "operatingExpenses": "705600000", "investmentIncomeNet": "None", "netInterestIncome": "None", "interestIncome": "None", "interestExpense": "152000000", "nonInterestIncome": "None", "otherNonOperatingIncome": "None", "depreciation": "None", "depreciationAndAmortization": "161800000", "incomeBeforeTax": "272300000", "incomeTaxExpense": "97900000", "interestAndDebtExpense": "None", "netIncomeFromContinuingOperations": "0", "comprehensiveIncomeNetOfTax": "None", "ebit": "418900000", "ebitda": "580700000", "netIncome": "169000000"}, {"fiscalDateEnding": "2005-06-30", "reportedCurrency": "USD", "grossProfit": "688600000", "totalRevenue": "1423400000", "costOfRevenue": "734800000", "costofGoodsAndServicesSold": "734800000", "operatingIncome": "223600000", "sellingGeneralAndAdministrative": "318600000", "researchAndDevelopment": "0", "operatingExpenses": "465000000", "investmentIncomeNet": "None", "netInterestIncome": "None", "interestIncome": "None", "interestExpense": "89000000", "nonInterestIncome": "None", "otherNonOperatingIncome": "None", "depreciation": "None", "depreciationAndAmortization": "111200000", "incomeBeforeTax": "137900000", "incomeTaxExpense": "53600000", "interestAndDebtExpense": "None", "netIncomeFromContinuingOperations": "0", "comprehensiveIncomeNetOfTax": "None", "ebit": "248400000", "ebitda": "359600000", "netIncome": "105800000"}, {"fiscalDateEnding": "2005-03-31", "reportedCurrency": "USD", "grossProfit": "591200000", "totalRevenue": "1219200000", "costOfRevenue": "628000000", "costofGoodsAndServicesSold": "628000000", "operatingIncome": "227200000", "sellingGeneralAndAdministrative": "266200000", "researchAndDevelopment": "0", "operatingExpenses": "364000000", "investmentIncomeNet": "None", "netInterestIncome": "None", "interestIncome": "None", "interestExpense": "79000000", "nonInterestIncome": "None", "otherNonOperatingIncome": "None", "depreciation": "None", "depreciationAndAmortization": "96100000", "incomeBeforeTax": "146300000", "incomeTaxExpense": "55300000", "interestAndDebtExpense": "None", "netIncomeFromContinuingOperations": "0", "comprehensiveIncomeNetOfTax": "None", "ebit": "238100000", "ebitda": "334200000", "netIncome": "103800000"}, {"fiscalDateEnding": "2004-12-31", "reportedCurrency": "USD", "grossProfit": "477200000", "totalRevenue": "1037500000", "costOfRevenue": "560300000", "costofGoodsAndServicesSold": "560300000", "operatingIncome": "146700000", "sellingGeneralAndAdministrative": "241300000", "researchAndDevelopment": "0", "operatingExpenses": "330500000", "investmentIncomeNet": "None", "netInterestIncome": "None", "interestIncome": "None", "interestExpense": "193399000000", "nonInterestIncome": "None", "otherNonOperatingIncome": "None", "depreciation": "None", "depreciationAndAmortization": "85500000", "incomeBeforeTax": "77000000", "incomeTaxExpense": "25100000", "interestAndDebtExpense": "None", "netIncomeFromContinuingOperations": "0", "comprehensiveIncomeNetOfTax": "None", "ebit": "193501000000", "ebitda": "193586500000", "netIncome": "76900000"}]}