{"symbol": "SYK", "annualReports": [{"fiscalDateEnding": "2024-12-31", "reportedCurrency": "USD", "grossProfit": "14440000000", "totalRevenue": "22595000000", "costOfRevenue": "8155000000", "costofGoodsAndServicesSold": "8155000000", "operatingIncome": "3689000000", "sellingGeneralAndAdministrative": "7685000000", "researchAndDevelopment": "1466000000", "operatingExpenses": "10751000000", "investmentIncomeNet": "None", "netInterestIncome": "None", "interestIncome": "None", "interestExpense": "None", "nonInterestIncome": "None", "otherNonOperatingIncome": "None", "depreciation": "None", "depreciationAndAmortization": "1050000000", "incomeBeforeTax": "3492000000", "incomeTaxExpense": "499000000", "interestAndDebtExpense": "None", "netIncomeFromContinuingOperations": "2993000000", "comprehensiveIncomeNetOfTax": "None", "ebit": "4666000000", "ebitda": "5716000000", "netIncome": "2993000000"}, {"fiscalDateEnding": "2023-12-31", "reportedCurrency": "USD", "grossProfit": "13097000000", "totalRevenue": "20498000000", "costOfRevenue": "7401000000", "costofGoodsAndServicesSold": "7401000000", "operatingIncome": "3888000000", "sellingGeneralAndAdministrative": "7129000000", "researchAndDevelopment": "1388000000", "operatingExpenses": "9209000000", "investmentIncomeNet": "None", "netInterestIncome": "None", "interestIncome": "None", "interestExpense": "356000000", "nonInterestIncome": "None", "otherNonOperatingIncome": "None", "depreciation": "None", "depreciationAndAmortization": "1028000000", "incomeBeforeTax": "3673000000", "incomeTaxExpense": "508000000", "interestAndDebtExpense": "None", "netIncomeFromContinuingOperations": "3165000000", "comprehensiveIncomeNetOfTax": "None", "ebit": "3906000000", "ebitda": "4934000000", "netIncome": "3165000000"}, {"fiscalDateEnding": "2022-12-31", "reportedCurrency": "USD", "grossProfit": "11578000000", "totalRevenue": "18449000000", "costOfRevenue": "6871000000", "costofGoodsAndServicesSold": "6871000000", "operatingIncome": "2841000000", "sellingGeneralAndAdministrative": "6035000000", "researchAndDevelopment": "1454000000", "operatingExpenses": "8536000000", "investmentIncomeNet": "None", "netInterestIncome": "None", "interestIncome": "243000000", "interestExpense": "158000000", "nonInterestIncome": "None", "otherNonOperatingIncome": "-158000000", "depreciation": "None", "depreciationAndAmortization": "998000000", "incomeBeforeTax": "2683000000", "incomeTaxExpense": "325000000", "interestAndDebtExpense": "None", "netIncomeFromContinuingOperations": "2358000000", "comprehensiveIncomeNetOfTax": "None", "ebit": "3538000000", "ebitda": "4536000000", "netIncome": "2358000000"}, {"fiscalDateEnding": "2021-12-31", "reportedCurrency": "USD", "grossProfit": "10968000000", "totalRevenue": "17108000000", "costOfRevenue": "6140000000", "costofGoodsAndServicesSold": "6140000000", "operatingIncome": "2584000000", "sellingGeneralAndAdministrative": "5752000000", "researchAndDevelopment": "1235000000", "operatingExpenses": "8281000000", "investmentIncomeNet": "None", "netInterestIncome": "None", "interestIncome": "269000000", "interestExpense": "337000000", "nonInterestIncome": "None", "otherNonOperatingIncome": "-303000000", "depreciation": "None", "depreciationAndAmortization": "990000000", "incomeBeforeTax": "2281000000", "incomeTaxExpense": "287000000", "interestAndDebtExpense": "None", "netIncomeFromContinuingOperations": "1994000000", "comprehensiveIncomeNetOfTax": "None", "ebit": "3656000000", "ebitda": "4646000000", "netIncome": "1994000000"}, {"fiscalDateEnding": "2020-12-31", "reportedCurrency": "USD", "grossProfit": "9057000000", "totalRevenue": "14351000000", "costOfRevenue": "5294000000", "costofGoodsAndServicesSold": "5294000000", "operatingIncome": "2223000000", "sellingGeneralAndAdministrative": "5361000000", "researchAndDevelopment": "984000000", "operatingExpenses": "6817000000", "investmentIncomeNet": "None", "netInterestIncome": "None", "interestIncome": "213000000", "interestExpense": "315000000", "nonInterestIncome": "None", "otherNonOperatingIncome": "-269000000", "depreciation": "None", "depreciationAndAmortization": "812000000", "incomeBeforeTax": "1954000000", "incomeTaxExpense": "355000000", "interestAndDebtExpense": "None", "netIncomeFromContinuingOperations": "1599000000", "comprehensiveIncomeNetOfTax": "None", "ebit": "2943000000", "ebitda": "3755000000", "netIncome": "1599000000"}, {"fiscalDateEnding": "2019-12-31", "reportedCurrency": "USD", "grossProfit": "9696000000", "totalRevenue": "14884000000", "costOfRevenue": "5188000000", "costofGoodsAndServicesSold": "5188000000", "operatingIncome": "2713000000", "sellingGeneralAndAdministrative": "5356000000", "researchAndDevelopment": "971000000", "operatingExpenses": "6791000000", "investmentIncomeNet": "None", "netInterestIncome": "None", "interestIncome": "125000000", "interestExpense": "287000000", "nonInterestIncome": "None", "otherNonOperatingIncome": "-151000000", "depreciation": "None", "depreciationAndAmortization": "778000000", "incomeBeforeTax": "2562000000", "incomeTaxExpense": "479000000", "interestAndDebtExpense": "None", "netIncomeFromContinuingOperations": "2083000000", "comprehensiveIncomeNetOfTax": "None", "ebit": "3398000000", "ebitda": "4176000000", "netIncome": "2083000000"}, {"fiscalDateEnding": "2018-12-31", "reportedCurrency": "USD", "grossProfit": "8938000000", "totalRevenue": "13601000000", "costOfRevenue": "4663000000", "costofGoodsAndServicesSold": "4663000000", "operatingIncome": "2537000000", "sellingGeneralAndAdministrative": "5099000000", "researchAndDevelopment": "862000000", "operatingExpenses": "6378000000", "investmentIncomeNet": "None", "netInterestIncome": "None", "interestIncome": "139000000", "interestExpense": "0", "nonInterestIncome": "None", "otherNonOperatingIncome": "-181000000", "depreciation": "None", "depreciationAndAmortization": "723000000", "incomeBeforeTax": "2356000000", "incomeTaxExpense": "-1197000000", "interestAndDebtExpense": "None", "netIncomeFromContinuingOperations": "3553000000", "comprehensiveIncomeNetOfTax": "None", "ebit": "2894000000", "ebitda": "3617000000", "netIncome": "3553000000"}, {"fiscalDateEnding": "2017-12-31", "reportedCurrency": "USD", "grossProfit": "8173000000", "totalRevenue": "12444000000", "costOfRevenue": "4271000000", "costofGoodsAndServicesSold": "4271000000", "operatingIncome": "2290000000", "sellingGeneralAndAdministrative": "4552000000", "researchAndDevelopment": "787000000", "operatingExpenses": "5710000000", "investmentIncomeNet": "None", "netInterestIncome": "None", "interestIncome": "178000000", "interestExpense": "0", "nonInterestIncome": "None", "otherNonOperatingIncome": "-227000000", "depreciation": "None", "depreciationAndAmortization": "642000000", "incomeBeforeTax": "2063000000", "incomeTaxExpense": "1043000000", "interestAndDebtExpense": "None", "netIncomeFromContinuingOperations": "1020000000", "comprehensiveIncomeNetOfTax": "None", "ebit": "2721000000", "ebitda": "3363000000", "netIncome": "1020000000"}, {"fiscalDateEnding": "2016-12-31", "reportedCurrency": "USD", "grossProfit": "7495000000", "totalRevenue": "11325000000", "costOfRevenue": "3830000000", "costofGoodsAndServicesSold": "3830000000", "operatingIncome": "2166000000", "sellingGeneralAndAdministrative": "4137000000", "researchAndDevelopment": "715000000", "operatingExpenses": "5171000000", "investmentIncomeNet": "None", "netInterestIncome": "None", "interestIncome": "180000000", "interestExpense": "0", "nonInterestIncome": "None", "otherNonOperatingIncome": "-245000000", "depreciation": "None", "depreciationAndAmortization": "546000000", "incomeBeforeTax": "1921000000", "incomeTaxExpense": "274000000", "interestAndDebtExpense": "None", "netIncomeFromContinuingOperations": "1647000000", "comprehensiveIncomeNetOfTax": "None", "ebit": "2580000000", "ebitda": "3126000000", "netIncome": "1647000000"}, {"fiscalDateEnding": "2015-12-31", "reportedCurrency": "USD", "grossProfit": "6602000000", "totalRevenue": "9946000000", "costOfRevenue": "3344000000", "costofGoodsAndServicesSold": "3344000000", "operatingIncome": "1861000000", "sellingGeneralAndAdministrative": "3610000000", "researchAndDevelopment": "625000000", "operatingExpenses": "4445000000", "investmentIncomeNet": "None", "netInterestIncome": "None", "interestIncome": "55000000", "interestExpense": "0", "nonInterestIncome": "None", "otherNonOperatingIncome": "-126000000", "depreciation": "None", "depreciationAndAmortization": "397000000", "incomeBeforeTax": "1735000000", "incomeTaxExpense": "296000000", "interestAndDebtExpense": "None", "netIncomeFromContinuingOperations": "1439000000", "comprehensiveIncomeNetOfTax": "None", "ebit": "2270000000", "ebitda": "2667000000", "netIncome": "1439000000"}, {"fiscalDateEnding": "2014-12-31", "reportedCurrency": "USD", "grossProfit": "6384000000", "totalRevenue": "9675000000", "costOfRevenue": "3291000000", "costofGoodsAndServicesSold": "3291000000", "operatingIncome": "1246000000", "sellingGeneralAndAdministrative": "3575000000", "researchAndDevelopment": "614000000", "operatingExpenses": "5138000000", "investmentIncomeNet": "None", "netInterestIncome": "None", "interestIncome": "None", "interestExpense": "0", "nonInterestIncome": "None", "otherNonOperatingIncome": "-86000000", "depreciation": "None", "depreciationAndAmortization": "378000000", "incomeBeforeTax": "1160000000", "incomeTaxExpense": "645000000", "interestAndDebtExpense": "None", "netIncomeFromContinuingOperations": "515000000", "comprehensiveIncomeNetOfTax": "None", "ebit": "2226000000", "ebitda": "2604000000", "netIncome": "515000000"}, {"fiscalDateEnding": "2013-12-31", "reportedCurrency": "USD", "grossProfit": "6044000000", "totalRevenue": "9021000000", "costOfRevenue": "2977000000", "costofGoodsAndServicesSold": "2977000000", "operatingIncome": "1256000000", "sellingGeneralAndAdministrative": "4066000000", "researchAndDevelopment": "536000000", "operatingExpenses": "4740000000", "investmentIncomeNet": "None", "netInterestIncome": "None", "interestIncome": "None", "interestExpense": "0", "nonInterestIncome": "None", "otherNonOperatingIncome": "-44000000", "depreciation": "None", "depreciationAndAmortization": "307000000", "incomeBeforeTax": "1212000000", "incomeTaxExpense": "206000000", "interestAndDebtExpense": "None", "netIncomeFromContinuingOperations": "1006000000", "comprehensiveIncomeNetOfTax": "None", "ebit": "2046000000", "ebitda": "2353000000", "netIncome": "1006000000"}, {"fiscalDateEnding": "2012-12-31", "reportedCurrency": "USD", "grossProfit": "5876000000", "totalRevenue": "8657000000", "costOfRevenue": "2781000000", "costofGoodsAndServicesSold": "2781000000", "operatingIncome": "1741000000", "sellingGeneralAndAdministrative": "3466000000", "researchAndDevelopment": "471000000", "operatingExpenses": "4060000000", "investmentIncomeNet": "None", "netInterestIncome": "None", "interestIncome": "None", "interestExpense": "0", "nonInterestIncome": "None", "otherNonOperatingIncome": "-36000000", "depreciation": "None", "depreciationAndAmortization": "486000000", "incomeBeforeTax": "1705000000", "incomeTaxExpense": "407000000", "interestAndDebtExpense": "None", "netIncomeFromContinuingOperations": "1298000000", "comprehensiveIncomeNetOfTax": "None", "ebit": "1563000000", "ebitda": "2049000000", "netIncome": "1298000000"}, {"fiscalDateEnding": "2011-12-31", "reportedCurrency": "USD", "grossProfit": "5496000000", "totalRevenue": "8307000000", "costOfRevenue": "2811000000", "costofGoodsAndServicesSold": "2811000000", "operatingIncome": "1686000000", "sellingGeneralAndAdministrative": "3150000000", "researchAndDevelopment": "462000000", "operatingExpenses": "3734000000", "investmentIncomeNet": "None", "netInterestIncome": "None", "interestIncome": "None", "interestExpense": "34000000", "nonInterestIncome": "None", "otherNonOperatingIncome": "None", "depreciation": "None", "depreciationAndAmortization": "481000000", "incomeBeforeTax": "1686000000", "incomeTaxExpense": "341000000", "interestAndDebtExpense": "None", "netIncomeFromContinuingOperations": "1345000000", "comprehensiveIncomeNetOfTax": "None", "ebit": "1780000000", "ebitda": "2261000000", "netIncome": "1345000000"}, {"fiscalDateEnding": "2010-12-31", "reportedCurrency": "USD", "grossProfit": "5034300000", "totalRevenue": "7320000000", "costOfRevenue": "2285700000", "costofGoodsAndServicesSold": "2285700000", "operatingIncome": "1751400000", "sellingGeneralAndAdministrative": "2707300000", "researchAndDevelopment": "393900000", "operatingExpenses": "3159400000", "investmentIncomeNet": "None", "netInterestIncome": "None", "interestIncome": "None", "interestExpense": "0", "nonInterestIncome": "None", "otherNonOperatingIncome": "-21800000", "depreciation": "None", "depreciationAndAmortization": "410200000", "incomeBeforeTax": "1729600000", "incomeTaxExpense": "456200000", "interestAndDebtExpense": "None", "netIncomeFromContinuingOperations": "1273400000", "comprehensiveIncomeNetOfTax": "None", "ebit": "1807100000", "ebitda": "2217300000", "netIncome": "1273400000"}, {"fiscalDateEnding": "2009-12-31", "reportedCurrency": "USD", "grossProfit": "4539400000", "totalRevenue": "6723100000", "costOfRevenue": "2183700000", "costofGoodsAndServicesSold": "2183700000", "operatingIncome": "1594400000", "sellingGeneralAndAdministrative": "2506300000", "researchAndDevelopment": "336200000", "operatingExpenses": "2878000000", "investmentIncomeNet": "None", "netInterestIncome": "None", "interestIncome": "None", "interestExpense": "0", "nonInterestIncome": "None", "otherNonOperatingIncome": "29500000", "depreciation": "None", "depreciationAndAmortization": "385300000", "incomeBeforeTax": "1623900000", "incomeTaxExpense": "516500000", "interestAndDebtExpense": "None", "netIncomeFromContinuingOperations": "1107400000", "comprehensiveIncomeNetOfTax": "None", "ebit": "1638400000", "ebitda": "2023700000", "netIncome": "1107400000"}, {"fiscalDateEnding": "2008-12-31", "reportedCurrency": "USD", "grossProfit": "4586800000", "totalRevenue": "6718200000", "costOfRevenue": "2131400000", "costofGoodsAndServicesSold": "2131400000", "operatingIncome": "1519000000", "sellingGeneralAndAdministrative": "2625100000", "researchAndDevelopment": "367800000", "operatingExpenses": "3032900000", "investmentIncomeNet": "None", "netInterestIncome": "None", "interestIncome": "None", "interestExpense": "52600000", "nonInterestIncome": "None", "otherNonOperatingIncome": "None", "depreciation": "None", "depreciationAndAmortization": "387600000", "incomeBeforeTax": "1580200000", "incomeTaxExpense": "432400000", "interestAndDebtExpense": "None", "netIncomeFromContinuingOperations": "None", "comprehensiveIncomeNetOfTax": "None", "ebit": "1610700000", "ebitda": "1998300000", "netIncome": "1147800000"}, {"fiscalDateEnding": "2007-12-31", "reportedCurrency": "USD", "grossProfit": "4135300000", "totalRevenue": "6000500000", "costOfRevenue": "1865200000", "costofGoodsAndServicesSold": "1865200000", "operatingIncome": "1307300000", "sellingGeneralAndAdministrative": "2391500000", "researchAndDevelopment": "375300000", "operatingExpenses": "2828000000", "investmentIncomeNet": "None", "netInterestIncome": "None", "interestIncome": "None", "interestExpense": "34800000", "nonInterestIncome": "None", "otherNonOperatingIncome": "None", "depreciation": "None", "depreciationAndAmortization": "366600000", "incomeBeforeTax": "1370100000", "incomeTaxExpense": "383400000", "interestAndDebtExpense": "None", "netIncomeFromContinuingOperations": "None", "comprehensiveIncomeNetOfTax": "None", "ebit": "1392300000", "ebitda": "1758900000", "netIncome": "1017400000"}, {"fiscalDateEnding": "2006-12-31", "reportedCurrency": "USD", "grossProfit": "3556900000", "totalRevenue": "5405600000", "costOfRevenue": "1848700000", "costofGoodsAndServicesSold": "1848700000", "operatingIncome": "1074300000", "sellingGeneralAndAdministrative": "2061700000", "researchAndDevelopment": "324600000", "operatingExpenses": "2429900000", "investmentIncomeNet": "None", "netInterestIncome": "None", "interestIncome": "None", "interestExpense": "0", "nonInterestIncome": "None", "otherNonOperatingIncome": "None", "depreciation": "None", "depreciationAndAmortization": "331800000", "incomeBeforeTax": "1103800000", "incomeTaxExpense": "326100000", "interestAndDebtExpense": "None", "netIncomeFromContinuingOperations": "None", "comprehensiveIncomeNetOfTax": "None", "ebit": "1113300000", "ebitda": "1445100000", "netIncome": "777700000"}, {"fiscalDateEnding": "2005-12-31", "reportedCurrency": "USD", "grossProfit": "3157600000", "totalRevenue": "4871500000", "costOfRevenue": "1713900000", "costofGoodsAndServicesSold": "1713900000", "operatingIncome": "998800000", "sellingGeneralAndAdministrative": "1814300000", "researchAndDevelopment": "279800000", "operatingExpenses": "2142900000", "investmentIncomeNet": "None", "netInterestIncome": "None", "interestIncome": "None", "interestExpense": "0", "nonInterestIncome": "None", "otherNonOperatingIncome": "None", "depreciation": "None", "depreciationAndAmortization": "289900000", "incomeBeforeTax": "1003300000", "incomeTaxExpense": "328100000", "interestAndDebtExpense": "None", "netIncomeFromContinuingOperations": "None", "comprehensiveIncomeNetOfTax": "None", "ebit": "962300000", "ebitda": "1252200000", "netIncome": "675200000"}], "quarterlyReports": [{"fiscalDateEnding": "2024-12-31", "reportedCurrency": "USD", "grossProfit": "4174000000", "totalRevenue": "6436000000", "costOfRevenue": "2262000000", "costofGoodsAndServicesSold": "2262000000", "operatingIncome": "581000000", "sellingGeneralAndAdministrative": "2102000000", "researchAndDevelopment": "369000000", "operatingExpenses": "3593000000", "investmentIncomeNet": "None", "netInterestIncome": "None", "interestIncome": "None", "interestExpense": "None", "nonInterestIncome": "None", "otherNonOperatingIncome": "None", "depreciation": "None", "depreciationAndAmortization": "264000000", "incomeBeforeTax": "528000000", "incomeTaxExpense": "-18000000", "interestAndDebtExpense": "None", "netIncomeFromContinuingOperations": "546000000", "comprehensiveIncomeNetOfTax": "None", "ebit": "1558000000", "ebitda": "1822000000", "netIncome": "546000000"}, {"fiscalDateEnding": "2024-09-30", "reportedCurrency": "USD", "grossProfit": "3517000000", "totalRevenue": "5494000000", "costOfRevenue": "1977000000", "costofGoodsAndServicesSold": "1977000000", "operatingIncome": "1085000000", "sellingGeneralAndAdministrative": "1896000000", "researchAndDevelopment": "377000000", "operatingExpenses": "2432000000", "investmentIncomeNet": "None", "netInterestIncome": "None", "interestIncome": "None", "interestExpense": "None", "nonInterestIncome": "None", "otherNonOperatingIncome": "None", "depreciation": "None", "depreciationAndAmortization": "268000000", "incomeBeforeTax": "1043000000", "incomeTaxExpense": "209000000", "interestAndDebtExpense": "None", "netIncomeFromContinuingOperations": "834000000", "comprehensiveIncomeNetOfTax": "None", "ebit": "1085000000", "ebitda": "1353000000", "netIncome": "834000000"}, {"fiscalDateEnding": "2024-06-30", "reportedCurrency": "USD", "grossProfit": "3324000000", "totalRevenue": "5422000000", "costOfRevenue": "2098000000", "costofGoodsAndServicesSold": "2098000000", "operatingIncome": "1158000000", "sellingGeneralAndAdministrative": "1847000000", "researchAndDevelopment": "352000000", "operatingExpenses": "2166000000", "investmentIncomeNet": "None", "netInterestIncome": "None", "interestIncome": "None", "interestExpense": "None", "nonInterestIncome": "None", "otherNonOperatingIncome": "None", "depreciation": "None", "depreciationAndAmortization": "258000000", "incomeBeforeTax": "998000000", "incomeTaxExpense": "173000000", "interestAndDebtExpense": "None", "netIncomeFromContinuingOperations": "825000000", "comprehensiveIncomeNetOfTax": "None", "ebit": "1051000000", "ebitda": "1309000000", "netIncome": "825000000"}, {"fiscalDateEnding": "2024-03-31", "reportedCurrency": "USD", "grossProfit": "3184000000", "totalRevenue": "5243000000", "costOfRevenue": "2059000000", "costofGoodsAndServicesSold": "2059000000", "operatingIncome": "976000000", "sellingGeneralAndAdministrative": "1840000000", "researchAndDevelopment": "368000000", "operatingExpenses": "2208000000", "investmentIncomeNet": "None", "netInterestIncome": "None", "interestIncome": "None", "interestExpense": "None", "nonInterestIncome": "None", "otherNonOperatingIncome": "None", "depreciation": "None", "depreciationAndAmortization": "260000000", "incomeBeforeTax": "923000000", "incomeTaxExpense": "135000000", "interestAndDebtExpense": "None", "netIncomeFromContinuingOperations": "788000000", "comprehensiveIncomeNetOfTax": "None", "ebit": "972000000", "ebitda": "1232000000", "netIncome": "788000000"}, {"fiscalDateEnding": "2023-12-31", "reportedCurrency": "USD", "grossProfit": "3703000000", "totalRevenue": "5815000000", "costOfRevenue": "2112000000", "costofGoodsAndServicesSold": "2112000000", "operatingIncome": "1257000000", "sellingGeneralAndAdministrative": "1941000000", "researchAndDevelopment": "350000000", "operatingExpenses": "2440000000", "investmentIncomeNet": "None", "netInterestIncome": "None", "interestIncome": "None", "interestExpense": "None", "nonInterestIncome": "None", "otherNonOperatingIncome": "None", "depreciation": "None", "depreciationAndAmortization": "250000000", "incomeBeforeTax": "1226000000", "incomeTaxExpense": "83000000", "interestAndDebtExpense": "None", "netIncomeFromContinuingOperations": "1143000000", "comprehensiveIncomeNetOfTax": "None", "ebit": "1337000000", "ebitda": "1587000000", "netIncome": "1143000000"}, {"fiscalDateEnding": "2023-09-30", "reportedCurrency": "USD", "grossProfit": "3158000000", "totalRevenue": "4909000000", "costOfRevenue": "1751000000", "costofGoodsAndServicesSold": "1751000000", "operatingIncome": "931000000", "sellingGeneralAndAdministrative": "1701000000", "researchAndDevelopment": "353000000", "operatingExpenses": "2218000000", "investmentIncomeNet": "None", "netInterestIncome": "None", "interestIncome": "15000000", "interestExpense": "None", "nonInterestIncome": "None", "otherNonOperatingIncome": "None", "depreciation": "None", "depreciationAndAmortization": "262000000", "incomeBeforeTax": "869000000", "incomeTaxExpense": "177000000", "interestAndDebtExpense": "None", "netIncomeFromContinuingOperations": "692000000", "comprehensiveIncomeNetOfTax": "None", "ebit": "931000000", "ebitda": "1193000000", "netIncome": "692000000"}, {"fiscalDateEnding": "2023-06-30", "reportedCurrency": "USD", "grossProfit": "3181000000", "totalRevenue": "4996000000", "costOfRevenue": "1815000000", "costofGoodsAndServicesSold": "1815000000", "operatingIncome": "965000000", "sellingGeneralAndAdministrative": "1706000000", "researchAndDevelopment": "346000000", "operatingExpenses": "2213000000", "investmentIncomeNet": "None", "netInterestIncome": "None", "interestIncome": "11000000", "interestExpense": "None", "nonInterestIncome": "None", "otherNonOperatingIncome": "-66000000", "depreciation": "None", "depreciationAndAmortization": "259000000", "incomeBeforeTax": "899000000", "incomeTaxExpense": "161000000", "interestAndDebtExpense": "None", "netIncomeFromContinuingOperations": "738000000", "comprehensiveIncomeNetOfTax": "None", "ebit": "965000000", "ebitda": "1224000000", "netIncome": "738000000"}, {"fiscalDateEnding": "2023-03-31", "reportedCurrency": "USD", "grossProfit": "3016000000", "totalRevenue": "4778000000", "costOfRevenue": "1762000000", "costofGoodsAndServicesSold": "1762000000", "operatingIncome": "735000000", "sellingGeneralAndAdministrative": "1781000000", "researchAndDevelopment": "339000000", "operatingExpenses": "2281000000", "investmentIncomeNet": "None", "netInterestIncome": "None", "interestIncome": "14000000", "interestExpense": "56000000", "nonInterestIncome": "None", "otherNonOperatingIncome": "-56000000", "depreciation": "None", "depreciationAndAmortization": "257000000", "incomeBeforeTax": "679000000", "incomeTaxExpense": "87000000", "interestAndDebtExpense": "None", "netIncomeFromContinuingOperations": "592000000", "comprehensiveIncomeNetOfTax": "None", "ebit": "735000000", "ebitda": "992000000", "netIncome": "592000000"}, {"fiscalDateEnding": "2022-12-31", "reportedCurrency": "USD", "grossProfit": "3236000000", "totalRevenue": "5202000000", "costOfRevenue": "1966000000", "costofGoodsAndServicesSold": "1966000000", "operatingIncome": "1188000000", "sellingGeneralAndAdministrative": "1593000000", "researchAndDevelopment": "326000000", "operatingExpenses": "2235000000", "investmentIncomeNet": "None", "netInterestIncome": "None", "interestIncome": "33000000", "interestExpense": "53000000", "nonInterestIncome": "None", "otherNonOperatingIncome": "-53000000", "depreciation": "None", "depreciationAndAmortization": "253000000", "incomeBeforeTax": "761000000", "incomeTaxExpense": "198000000", "interestAndDebtExpense": "None", "netIncomeFromContinuingOperations": "563000000", "comprehensiveIncomeNetOfTax": "None", "ebit": "1167000000", "ebitda": "1420000000", "netIncome": "563000000"}, {"fiscalDateEnding": "2022-09-30", "reportedCurrency": "USD", "grossProfit": "2782000000", "totalRevenue": "4479000000", "costOfRevenue": "1697000000", "costofGoodsAndServicesSold": "1697000000", "operatingIncome": "808000000", "sellingGeneralAndAdministrative": "1455000000", "researchAndDevelopment": "364000000", "operatingExpenses": "1978000000", "investmentIncomeNet": "None", "netInterestIncome": "None", "interestIncome": "26000000", "interestExpense": "8000000", "nonInterestIncome": "None", "otherNonOperatingIncome": "8000000", "depreciation": "None", "depreciationAndAmortization": "250000000", "incomeBeforeTax": "816000000", "incomeTaxExpense": "-8000000", "interestAndDebtExpense": "None", "netIncomeFromContinuingOperations": "816000000", "comprehensiveIncomeNetOfTax": "None", "ebit": "781000000", "ebitda": "1031000000", "netIncome": "816000000"}, {"fiscalDateEnding": "2022-06-30", "reportedCurrency": "USD", "grossProfit": "2826000000", "totalRevenue": "4493000000", "costOfRevenue": "1667000000", "costofGoodsAndServicesSold": "1667000000", "operatingIncome": "772000000", "sellingGeneralAndAdministrative": "1539000000", "researchAndDevelopment": "351000000", "operatingExpenses": "2050000000", "investmentIncomeNet": "None", "netInterestIncome": "None", "interestIncome": "20000000", "interestExpense": "52000000", "nonInterestIncome": "None", "otherNonOperatingIncome": "-52000000", "depreciation": "None", "depreciationAndAmortization": "253000000", "incomeBeforeTax": "720000000", "incomeTaxExpense": "64000000", "interestAndDebtExpense": "None", "netIncomeFromContinuingOperations": "656000000", "comprehensiveIncomeNetOfTax": "None", "ebit": "873000000", "ebitda": "1126000000", "netIncome": "656000000"}, {"fiscalDateEnding": "2022-03-31", "reportedCurrency": "USD", "grossProfit": "2734000000", "totalRevenue": "4275000000", "costOfRevenue": "1541000000", "costofGoodsAndServicesSold": "1541000000", "operatingIncome": "447000000", "sellingGeneralAndAdministrative": "1710000000", "researchAndDevelopment": "413000000", "operatingExpenses": "2273000000", "investmentIncomeNet": "None", "netInterestIncome": "None", "interestIncome": "15000000", "interestExpense": "61000000", "nonInterestIncome": "None", "otherNonOperatingIncome": "-61000000", "depreciation": "None", "depreciationAndAmortization": "242000000", "incomeBeforeTax": "386000000", "incomeTaxExpense": "63000000", "interestAndDebtExpense": "None", "netIncomeFromContinuingOperations": "323000000", "comprehensiveIncomeNetOfTax": "None", "ebit": "685000000", "ebitda": "927000000", "netIncome": "323000000"}, {"fiscalDateEnding": "2021-12-31", "reportedCurrency": "USD", "grossProfit": "3045000000", "totalRevenue": "4701000000", "costOfRevenue": "1656000000", "costofGoodsAndServicesSold": "1656000000", "operatingIncome": "819000000", "sellingGeneralAndAdministrative": "1507000000", "researchAndDevelopment": "331000000", "operatingExpenses": "2221000000", "investmentIncomeNet": "None", "netInterestIncome": "None", "interestIncome": "18000000", "interestExpense": "None", "nonInterestIncome": "None", "otherNonOperatingIncome": "-62000000", "depreciation": "None", "depreciationAndAmortization": "238000000", "incomeBeforeTax": "757000000", "incomeTaxExpense": "95000000", "interestAndDebtExpense": "None", "netIncomeFromContinuingOperations": "662000000", "comprehensiveIncomeNetOfTax": "None", "ebit": "1100000000", "ebitda": "1338000000", "netIncome": "662000000"}, {"fiscalDateEnding": "2021-09-30", "reportedCurrency": "USD", "grossProfit": "2642000000", "totalRevenue": "4160000000", "costOfRevenue": "1518000000", "costofGoodsAndServicesSold": "1518000000", "operatingIncome": "574000000", "sellingGeneralAndAdministrative": "1419000000", "researchAndDevelopment": "306000000", "operatingExpenses": "2052000000", "investmentIncomeNet": "None", "netInterestIncome": "None", "interestIncome": "15000000", "interestExpense": "None", "nonInterestIncome": "None", "otherNonOperatingIncome": "-79000000", "depreciation": "None", "depreciationAndAmortization": "235000000", "incomeBeforeTax": "495000000", "incomeTaxExpense": "57000000", "interestAndDebtExpense": "None", "netIncomeFromContinuingOperations": "438000000", "comprehensiveIncomeNetOfTax": "None", "ebit": "890000000", "ebitda": "1125000000", "netIncome": "438000000"}, {"fiscalDateEnding": "2021-06-30", "reportedCurrency": "USD", "grossProfit": "2772000000", "totalRevenue": "4294000000", "costOfRevenue": "1522000000", "costofGoodsAndServicesSold": "1522000000", "operatingIncome": "732000000", "sellingGeneralAndAdministrative": "1505000000", "researchAndDevelopment": "310000000", "operatingExpenses": "1964000000", "investmentIncomeNet": "None", "netInterestIncome": "None", "interestIncome": "18000000", "interestExpense": "None", "nonInterestIncome": "None", "otherNonOperatingIncome": "-70000000", "depreciation": "None", "depreciationAndAmortization": "241000000", "incomeBeforeTax": "662000000", "incomeTaxExpense": "70000000", "interestAndDebtExpense": "None", "netIncomeFromContinuingOperations": "592000000", "comprehensiveIncomeNetOfTax": "None", "ebit": "942000000", "ebitda": "1183000000", "netIncome": "592000000"}, {"fiscalDateEnding": "2021-03-31", "reportedCurrency": "USD", "grossProfit": "2509000000", "totalRevenue": "3953000000", "costOfRevenue": "1444000000", "costofGoodsAndServicesSold": "1444000000", "operatingIncome": "459000000", "sellingGeneralAndAdministrative": "1575000000", "researchAndDevelopment": "288000000", "operatingExpenses": "2044000000", "investmentIncomeNet": "None", "netInterestIncome": "None", "interestIncome": "17000000", "interestExpense": "None", "nonInterestIncome": "None", "otherNonOperatingIncome": "-92000000", "depreciation": "None", "depreciationAndAmortization": "276000000", "incomeBeforeTax": "367000000", "incomeTaxExpense": "65000000", "interestAndDebtExpense": "None", "netIncomeFromContinuingOperations": "302000000", "comprehensiveIncomeNetOfTax": "None", "ebit": "723000000", "ebitda": "999000000", "netIncome": "302000000"}, {"fiscalDateEnding": "2020-12-31", "reportedCurrency": "USD", "grossProfit": "2717000000", "totalRevenue": "4262000000", "costOfRevenue": "1545000000", "costofGoodsAndServicesSold": "1545000000", "operatingIncome": "749000000", "sellingGeneralAndAdministrative": "1562000000", "researchAndDevelopment": "255000000", "operatingExpenses": "1947000000", "investmentIncomeNet": "None", "netInterestIncome": "None", "interestIncome": "18000000", "interestExpense": "None", "nonInterestIncome": "None", "otherNonOperatingIncome": "-78000000", "depreciation": "None", "depreciationAndAmortization": "223000000", "incomeBeforeTax": "671000000", "incomeTaxExpense": "103000000", "interestAndDebtExpense": "None", "netIncomeFromContinuingOperations": "568000000", "comprehensiveIncomeNetOfTax": "None", "ebit": "1104000000", "ebitda": "1327000000", "netIncome": "568000000"}, {"fiscalDateEnding": "2020-09-30", "reportedCurrency": "USD", "grossProfit": "2461000000", "totalRevenue": "3737000000", "costOfRevenue": "1276000000", "costofGoodsAndServicesSold": "1276000000", "operatingIncome": "859000000", "sellingGeneralAndAdministrative": "1244000000", "researchAndDevelopment": "242000000", "operatingExpenses": "1600000000", "investmentIncomeNet": "None", "netInterestIncome": "None", "interestIncome": "19000000", "interestExpense": "None", "nonInterestIncome": "None", "otherNonOperatingIncome": "-79000000", "depreciation": "None", "depreciationAndAmortization": "198000000", "incomeBeforeTax": "780000000", "incomeTaxExpense": "159000000", "interestAndDebtExpense": "None", "netIncomeFromContinuingOperations": "621000000", "comprehensiveIncomeNetOfTax": "None", "ebit": "917000000", "ebitda": "1115000000", "netIncome": "621000000"}, {"fiscalDateEnding": "2020-06-30", "reportedCurrency": "USD", "grossProfit": "1548000000", "totalRevenue": "2764000000", "costOfRevenue": "1216000000", "costofGoodsAndServicesSold": "1216000000", "operatingIncome": "-20000000", "sellingGeneralAndAdministrative": "1225000000", "researchAndDevelopment": "233000000", "operatingExpenses": "1568000000", "investmentIncomeNet": "None", "netInterestIncome": "None", "interestIncome": "25000000", "interestExpense": "None", "nonInterestIncome": "None", "otherNonOperatingIncome": "-67000000", "depreciation": "None", "depreciationAndAmortization": "193000000", "incomeBeforeTax": "-87000000", "incomeTaxExpense": "-4000000", "interestAndDebtExpense": "None", "netIncomeFromContinuingOperations": "-83000000", "comprehensiveIncomeNetOfTax": "None", "ebit": "-20000000", "ebitda": "173000000", "netIncome": "-83000000"}, {"fiscalDateEnding": "2020-03-31", "reportedCurrency": "USD", "grossProfit": "2331000000", "totalRevenue": "3588000000", "costOfRevenue": "1257000000", "costofGoodsAndServicesSold": "1257000000", "operatingIncome": "635000000", "sellingGeneralAndAdministrative": "1330000000", "researchAndDevelopment": "254000000", "operatingExpenses": "1702000000", "investmentIncomeNet": "None", "netInterestIncome": "None", "interestIncome": "40000000", "interestExpense": "None", "nonInterestIncome": "None", "otherNonOperatingIncome": "-45000000", "depreciation": "None", "depreciationAndAmortization": "198000000", "incomeBeforeTax": "590000000", "incomeTaxExpense": "97000000", "interestAndDebtExpense": "None", "netIncomeFromContinuingOperations": "493000000", "comprehensiveIncomeNetOfTax": "None", "ebit": "716000000", "ebitda": "914000000", "netIncome": "493000000"}, {"fiscalDateEnding": "2019-12-31", "reportedCurrency": "USD", "grossProfit": "2703000000", "totalRevenue": "4131000000", "costOfRevenue": "1428000000", "costofGoodsAndServicesSold": "1428000000", "operatingIncome": "944000000", "sellingGeneralAndAdministrative": "1380000000", "researchAndDevelopment": "254000000", "operatingExpenses": "1746000000", "investmentIncomeNet": "None", "netInterestIncome": "None", "interestIncome": "56000000", "interestExpense": "287000000", "nonInterestIncome": "None", "otherNonOperatingIncome": "-8000000", "depreciation": "None", "depreciationAndAmortization": "195000000", "incomeBeforeTax": "936000000", "incomeTaxExpense": "211000000", "interestAndDebtExpense": "None", "netIncomeFromContinuingOperations": "725000000", "comprehensiveIncomeNetOfTax": "None", "ebit": "1075000000", "ebitda": "1270000000", "netIncome": "725000000"}, {"fiscalDateEnding": "2019-09-30", "reportedCurrency": "USD", "grossProfit": "2330000000", "totalRevenue": "3587000000", "costOfRevenue": "1257000000", "costofGoodsAndServicesSold": "1257000000", "operatingIncome": "628000000", "sellingGeneralAndAdministrative": "1291000000", "researchAndDevelopment": "246000000", "operatingExpenses": "1653000000", "investmentIncomeNet": "None", "netInterestIncome": "None", "interestIncome": "37000000", "interestExpense": "287000000", "nonInterestIncome": "None", "otherNonOperatingIncome": "-47000000", "depreciation": "None", "depreciationAndAmortization": "194000000", "incomeBeforeTax": "581000000", "incomeTaxExpense": "115000000", "interestAndDebtExpense": "None", "netIncomeFromContinuingOperations": "466000000", "comprehensiveIncomeNetOfTax": "None", "ebit": "755000000", "ebitda": "949000000", "netIncome": "466000000"}, {"fiscalDateEnding": "2019-06-30", "reportedCurrency": "USD", "grossProfit": "2380000000", "totalRevenue": "3650000000", "costOfRevenue": "1270000000", "costofGoodsAndServicesSold": "1270000000", "operatingIncome": "613000000", "sellingGeneralAndAdministrative": "1282000000", "researchAndDevelopment": "246000000", "operatingExpenses": "1650000000", "investmentIncomeNet": "None", "netInterestIncome": "None", "interestIncome": "32000000", "interestExpense": "287000000", "nonInterestIncome": "None", "otherNonOperatingIncome": "-48000000", "depreciation": "None", "depreciationAndAmortization": "199000000", "incomeBeforeTax": "565000000", "incomeTaxExpense": "85000000", "interestAndDebtExpense": "None", "netIncomeFromContinuingOperations": "480000000", "comprehensiveIncomeNetOfTax": "None", "ebit": "827000000", "ebitda": "1026000000", "netIncome": "480000000"}, {"fiscalDateEnding": "2019-03-31", "reportedCurrency": "USD", "grossProfit": "2283000000", "totalRevenue": "3516000000", "costOfRevenue": "1233000000", "costofGoodsAndServicesSold": "1233000000", "operatingIncome": "528000000", "sellingGeneralAndAdministrative": "1403000000", "researchAndDevelopment": "225000000", "operatingExpenses": "1742000000", "investmentIncomeNet": "None", "netInterestIncome": "None", "interestIncome": "37000000", "interestExpense": "287000000", "nonInterestIncome": "None", "otherNonOperatingIncome": "-48000000", "depreciation": "None", "depreciationAndAmortization": "190000000", "incomeBeforeTax": "480000000", "incomeTaxExpense": "68000000", "interestAndDebtExpense": "None", "netIncomeFromContinuingOperations": "412000000", "comprehensiveIncomeNetOfTax": "None", "ebit": "737000000", "ebitda": "927000000", "netIncome": "412000000"}, {"fiscalDateEnding": "2018-12-31", "reportedCurrency": "USD", "grossProfit": "2456000000", "totalRevenue": "3796000000", "costOfRevenue": "1340000000", "costofGoodsAndServicesSold": "1340000000", "operatingIncome": "698000000", "sellingGeneralAndAdministrative": "1431000000", "researchAndDevelopment": "221000000", "operatingExpenses": "1745000000", "investmentIncomeNet": "None", "netInterestIncome": "None", "interestIncome": "None", "interestExpense": "264000000", "nonInterestIncome": "None", "otherNonOperatingIncome": "-41000000", "depreciation": "None", "depreciationAndAmortization": "176000000", "incomeBeforeTax": "657000000", "incomeTaxExpense": "-1411000000", "interestAndDebtExpense": "None", "netIncomeFromContinuingOperations": "2068000000", "comprehensiveIncomeNetOfTax": "None", "ebit": "893000000", "ebitda": "1069000000", "netIncome": "2068000000"}, {"fiscalDateEnding": "2018-09-30", "reportedCurrency": "USD", "grossProfit": "2155000000", "totalRevenue": "3242000000", "costOfRevenue": "1087000000", "costofGoodsAndServicesSold": "1087000000", "operatingIncome": "576000000", "sellingGeneralAndAdministrative": "1242000000", "researchAndDevelopment": "221000000", "operatingExpenses": "1575000000", "investmentIncomeNet": "None", "netInterestIncome": "None", "interestIncome": "None", "interestExpense": "264000000", "nonInterestIncome": "None", "otherNonOperatingIncome": "-42000000", "depreciation": "None", "depreciationAndAmortization": "185000000", "incomeBeforeTax": "534000000", "incomeTaxExpense": "-56000000", "interestAndDebtExpense": "None", "netIncomeFromContinuingOperations": "590000000", "comprehensiveIncomeNetOfTax": "None", "ebit": "625000000", "ebitda": "810000000", "netIncome": "590000000"}, {"fiscalDateEnding": "2018-06-30", "reportedCurrency": "USD", "grossProfit": "2190000000", "totalRevenue": "3322000000", "costOfRevenue": "1132000000", "costofGoodsAndServicesSold": "1132000000", "operatingIncome": "672000000", "sellingGeneralAndAdministrative": "1190000000", "researchAndDevelopment": "216000000", "operatingExpenses": "1516000000", "investmentIncomeNet": "None", "netInterestIncome": "None", "interestIncome": "None", "interestExpense": "264000000", "nonInterestIncome": "None", "otherNonOperatingIncome": "-49000000", "depreciation": "None", "depreciationAndAmortization": "186000000", "incomeBeforeTax": "623000000", "incomeTaxExpense": "171000000", "interestAndDebtExpense": "None", "netIncomeFromContinuingOperations": "452000000", "comprehensiveIncomeNetOfTax": "None", "ebit": "718000000", "ebitda": "904000000", "netIncome": "452000000"}, {"fiscalDateEnding": "2018-03-31", "reportedCurrency": "USD", "grossProfit": "2137000000", "totalRevenue": "3241000000", "costOfRevenue": "1104000000", "costofGoodsAndServicesSold": "1104000000", "operatingIncome": "591000000", "sellingGeneralAndAdministrative": "1236000000", "researchAndDevelopment": "204000000", "operatingExpenses": "1542000000", "investmentIncomeNet": "None", "netInterestIncome": "None", "interestIncome": "None", "interestExpense": "264000000", "nonInterestIncome": "None", "otherNonOperatingIncome": "-49000000", "depreciation": "None", "depreciationAndAmortization": "176000000", "incomeBeforeTax": "542000000", "incomeTaxExpense": "99000000", "interestAndDebtExpense": "None", "netIncomeFromContinuingOperations": "443000000", "comprehensiveIncomeNetOfTax": "None", "ebit": "677000000", "ebitda": "853000000", "netIncome": "443000000"}, {"fiscalDateEnding": "2017-12-31", "reportedCurrency": "USD", "grossProfit": "2239000000", "totalRevenue": "3471000000", "costOfRevenue": "1232000000", "costofGoodsAndServicesSold": "1232000000", "operatingIncome": "712000000", "sellingGeneralAndAdministrative": "1217000000", "researchAndDevelopment": "205000000", "operatingExpenses": "1518000000", "investmentIncomeNet": "None", "netInterestIncome": "None", "interestIncome": "None", "interestExpense": "247000000", "nonInterestIncome": "None", "otherNonOperatingIncome": "-63000000", "depreciation": "None", "depreciationAndAmortization": "169000000", "incomeBeforeTax": "649000000", "incomeTaxExpense": "898000000", "interestAndDebtExpense": "None", "netIncomeFromContinuingOperations": "-249000000", "comprehensiveIncomeNetOfTax": "None", "ebit": "828000000", "ebitda": "997000000", "netIncome": "-249000000"}, {"fiscalDateEnding": "2017-09-30", "reportedCurrency": "USD", "grossProfit": "1982000000", "totalRevenue": "3006000000", "costOfRevenue": "1024000000", "costofGoodsAndServicesSold": "1024000000", "operatingIncome": "523000000", "sellingGeneralAndAdministrative": "1103000000", "researchAndDevelopment": "198000000", "operatingExpenses": "1393000000", "investmentIncomeNet": "None", "netInterestIncome": "None", "interestIncome": "None", "interestExpense": "0", "nonInterestIncome": "None", "otherNonOperatingIncome": "-52000000", "depreciation": "None", "depreciationAndAmortization": "163000000", "incomeBeforeTax": "471000000", "incomeTaxExpense": "37000000", "interestAndDebtExpense": "None", "netIncomeFromContinuingOperations": "434000000", "comprehensiveIncomeNetOfTax": "None", "ebit": "638000000", "ebitda": "801000000", "netIncome": "434000000"}, {"fiscalDateEnding": "2017-06-30", "reportedCurrency": "USD", "grossProfit": "1990000000", "totalRevenue": "3012000000", "costOfRevenue": "1022000000", "costofGoodsAndServicesSold": "1022000000", "operatingIncome": "501000000", "sellingGeneralAndAdministrative": "1130000000", "researchAndDevelopment": "192000000", "operatingExpenses": "1417000000", "investmentIncomeNet": "None", "netInterestIncome": "None", "interestIncome": "None", "interestExpense": "0", "nonInterestIncome": "None", "otherNonOperatingIncome": "-57000000", "depreciation": "None", "depreciationAndAmortization": "160000000", "incomeBeforeTax": "444000000", "incomeTaxExpense": "53000000", "interestAndDebtExpense": "None", "netIncomeFromContinuingOperations": "391000000", "comprehensiveIncomeNetOfTax": "None", "ebit": "628000000", "ebitda": "788000000", "netIncome": "391000000"}, {"fiscalDateEnding": "2017-03-31", "reportedCurrency": "USD", "grossProfit": "1962000000", "totalRevenue": "2955000000", "costOfRevenue": "993000000", "costofGoodsAndServicesSold": "993000000", "operatingIncome": "554000000", "sellingGeneralAndAdministrative": "1102000000", "researchAndDevelopment": "192000000", "operatingExpenses": "1382000000", "investmentIncomeNet": "None", "netInterestIncome": "None", "interestIncome": "None", "interestExpense": "0", "nonInterestIncome": "None", "otherNonOperatingIncome": "-55000000", "depreciation": "None", "depreciationAndAmortization": "150000000", "incomeBeforeTax": "499000000", "incomeTaxExpense": "55000000", "interestAndDebtExpense": "None", "netIncomeFromContinuingOperations": "444000000", "comprehensiveIncomeNetOfTax": "None", "ebit": "629000000", "ebitda": "779000000", "netIncome": "444000000"}, {"fiscalDateEnding": "2016-12-31", "reportedCurrency": "USD", "grossProfit": "2086000000", "totalRevenue": "3157000000", "costOfRevenue": "1071000000", "costofGoodsAndServicesSold": "1071000000", "operatingIncome": "661000000", "sellingGeneralAndAdministrative": "1093000000", "researchAndDevelopment": "189000000", "operatingExpenses": "1371000000", "investmentIncomeNet": "None", "netInterestIncome": "None", "interestIncome": "None", "interestExpense": "228000000", "nonInterestIncome": "None", "otherNonOperatingIncome": "-73000000", "depreciation": "None", "depreciationAndAmortization": "151000000", "incomeBeforeTax": "588000000", "incomeTaxExpense": "78000000", "interestAndDebtExpense": "None", "netIncomeFromContinuingOperations": "510000000", "comprehensiveIncomeNetOfTax": "None", "ebit": "777000000", "ebitda": "928000000", "netIncome": "510000000"}, {"fiscalDateEnding": "2016-09-30", "reportedCurrency": "USD", "grossProfit": "1873000000", "totalRevenue": "2833000000", "costOfRevenue": "960000000", "costofGoodsAndServicesSold": "960000000", "operatingIncome": "486000000", "sellingGeneralAndAdministrative": "1057000000", "researchAndDevelopment": "184000000", "operatingExpenses": "1330000000", "investmentIncomeNet": "None", "netInterestIncome": "None", "interestIncome": "None", "interestExpense": "0", "nonInterestIncome": "None", "otherNonOperatingIncome": "-67000000", "depreciation": "None", "depreciationAndAmortization": "89000000", "incomeBeforeTax": "419000000", "incomeTaxExpense": "64000000", "interestAndDebtExpense": "None", "netIncomeFromContinuingOperations": "355000000", "comprehensiveIncomeNetOfTax": "None", "ebit": "676000000", "ebitda": "765000000", "netIncome": "355000000"}, {"fiscalDateEnding": "2016-06-30", "reportedCurrency": "USD", "grossProfit": "1842000000", "totalRevenue": "2840000000", "costOfRevenue": "998000000", "costofGoodsAndServicesSold": "998000000", "operatingIncome": "500000000", "sellingGeneralAndAdministrative": "1043000000", "researchAndDevelopment": "183000000", "operatingExpenses": "1314000000", "investmentIncomeNet": "None", "netInterestIncome": "None", "interestIncome": "None", "interestExpense": "0", "nonInterestIncome": "None", "otherNonOperatingIncome": "-67000000", "depreciation": "None", "depreciationAndAmortization": "145000000", "incomeBeforeTax": "433000000", "incomeTaxExpense": "53000000", "interestAndDebtExpense": "None", "netIncomeFromContinuingOperations": "380000000", "comprehensiveIncomeNetOfTax": "None", "ebit": "616000000", "ebitda": "761000000", "netIncome": "380000000"}, {"fiscalDateEnding": "2016-03-31", "reportedCurrency": "USD", "grossProfit": "1694000000", "totalRevenue": "2495000000", "costOfRevenue": "801000000", "costofGoodsAndServicesSold": "801000000", "operatingIncome": "519000000", "sellingGeneralAndAdministrative": "944000000", "researchAndDevelopment": "159000000", "operatingExpenses": "1156000000", "investmentIncomeNet": "None", "netInterestIncome": "None", "interestIncome": "None", "interestExpense": "0", "nonInterestIncome": "None", "otherNonOperatingIncome": "-38000000", "depreciation": "None", "depreciationAndAmortization": "102000000", "incomeBeforeTax": "481000000", "incomeTaxExpense": "79000000", "interestAndDebtExpense": "None", "netIncomeFromContinuingOperations": "402000000", "comprehensiveIncomeNetOfTax": "None", "ebit": "551000000", "ebitda": "653000000", "netIncome": "402000000"}, {"fiscalDateEnding": "2015-12-31", "reportedCurrency": "USD", "grossProfit": "1820000000", "totalRevenue": "2715000000", "costOfRevenue": "895000000", "costofGoodsAndServicesSold": "895000000", "operatingIncome": "648000000", "sellingGeneralAndAdministrative": "970000000", "researchAndDevelopment": "164000000", "operatingExpenses": "1192000000", "investmentIncomeNet": "None", "netInterestIncome": "None", "interestIncome": "None", "interestExpense": "108000000", "nonInterestIncome": "None", "otherNonOperatingIncome": "-36000000", "depreciation": "None", "depreciationAndAmortization": "108000000", "incomeBeforeTax": "612000000", "incomeTaxExpense": "90000000", "interestAndDebtExpense": "None", "netIncomeFromContinuingOperations": "522000000", "comprehensiveIncomeNetOfTax": "None", "ebit": "686000000", "ebitda": "794000000", "netIncome": "522000000"}, {"fiscalDateEnding": "2015-09-30", "reportedCurrency": "USD", "grossProfit": "1624000000", "totalRevenue": "2420000000", "costOfRevenue": "796000000", "costofGoodsAndServicesSold": "796000000", "operatingIncome": "378000000", "sellingGeneralAndAdministrative": "887000000", "researchAndDevelopment": "155000000", "operatingExpenses": "1096000000", "investmentIncomeNet": "None", "netInterestIncome": "None", "interestIncome": "None", "interestExpense": "0", "nonInterestIncome": "None", "otherNonOperatingIncome": "-33000000", "depreciation": "None", "depreciationAndAmortization": "101000000", "incomeBeforeTax": "345000000", "incomeTaxExpense": "44000000", "interestAndDebtExpense": "None", "netIncomeFromContinuingOperations": "301000000", "comprehensiveIncomeNetOfTax": "None", "ebit": "549000000", "ebitda": "650000000", "netIncome": "301000000"}, {"fiscalDateEnding": "2015-06-30", "reportedCurrency": "USD", "grossProfit": "1605000000", "totalRevenue": "2432000000", "costOfRevenue": "827000000", "costofGoodsAndServicesSold": "827000000", "operatingIncome": "429000000", "sellingGeneralAndAdministrative": "861000000", "researchAndDevelopment": "154000000", "operatingExpenses": "1064000000", "investmentIncomeNet": "None", "netInterestIncome": "None", "interestIncome": "None", "interestExpense": "0", "nonInterestIncome": "None", "otherNonOperatingIncome": "-28000000", "depreciation": "None", "depreciationAndAmortization": "49000000", "incomeBeforeTax": "401000000", "incomeTaxExpense": "9000000", "interestAndDebtExpense": "None", "netIncomeFromContinuingOperations": "392000000", "comprehensiveIncomeNetOfTax": "None", "ebit": "574000000", "ebitda": "623000000", "netIncome": "392000000"}, {"fiscalDateEnding": "2015-03-31", "reportedCurrency": "USD", "grossProfit": "1553000000", "totalRevenue": "2379000000", "costOfRevenue": "826000000", "costofGoodsAndServicesSold": "826000000", "operatingIncome": "406000000", "sellingGeneralAndAdministrative": "892000000", "researchAndDevelopment": "152000000", "operatingExpenses": "1093000000", "investmentIncomeNet": "None", "netInterestIncome": "None", "interestIncome": "None", "interestExpense": "0", "nonInterestIncome": "None", "otherNonOperatingIncome": "-29000000", "depreciation": "None", "depreciationAndAmortization": "49000000", "incomeBeforeTax": "377000000", "incomeTaxExpense": "153000000", "interestAndDebtExpense": "None", "netIncomeFromContinuingOperations": "224000000", "comprehensiveIncomeNetOfTax": "None", "ebit": "551000000", "ebitda": "600000000", "netIncome": "224000000"}, {"fiscalDateEnding": "2014-12-31", "reportedCurrency": "USD", "grossProfit": "1726000000", "totalRevenue": "2618000000", "costOfRevenue": "892000000", "costofGoodsAndServicesSold": "892000000", "operatingIncome": "468000000", "sellingGeneralAndAdministrative": "312000000", "researchAndDevelopment": "153000000", "operatingExpenses": "1258000000", "investmentIncomeNet": "None", "netInterestIncome": "None", "interestIncome": "None", "interestExpense": "113000000", "nonInterestIncome": "None", "otherNonOperatingIncome": "-7000000", "depreciation": "None", "depreciationAndAmortization": "96000000", "incomeBeforeTax": "461000000", "incomeTaxExpense": "201000000", "interestAndDebtExpense": "None", "netIncomeFromContinuingOperations": "260000000", "comprehensiveIncomeNetOfTax": "None", "ebit": "675000000", "ebitda": "771000000", "netIncome": "260000000"}, {"fiscalDateEnding": "2014-09-30", "reportedCurrency": "USD", "grossProfit": "1567000000", "totalRevenue": "2389000000", "costOfRevenue": "822000000", "costofGoodsAndServicesSold": "822000000", "operatingIncome": "450000000", "sellingGeneralAndAdministrative": "910000000", "researchAndDevelopment": "153000000", "operatingExpenses": "1113000000", "investmentIncomeNet": "None", "netInterestIncome": "None", "interestIncome": "None", "interestExpense": "0", "nonInterestIncome": "None", "otherNonOperatingIncome": "-25000000", "depreciation": "None", "depreciationAndAmortization": "97000000", "incomeBeforeTax": "425000000", "incomeTaxExpense": "368000000", "interestAndDebtExpense": "None", "netIncomeFromContinuingOperations": "57000000", "comprehensiveIncomeNetOfTax": "None", "ebit": "522000000", "ebitda": "619000000", "netIncome": "57000000"}, {"fiscalDateEnding": "2014-06-30", "reportedCurrency": "USD", "grossProfit": "1555000000", "totalRevenue": "2363000000", "costOfRevenue": "808000000", "costofGoodsAndServicesSold": "808000000", "operatingIncome": "307000000", "sellingGeneralAndAdministrative": "1148000000", "researchAndDevelopment": "158000000", "operatingExpenses": "1243000000", "investmentIncomeNet": "None", "netInterestIncome": "None", "interestIncome": "None", "interestExpense": "0", "nonInterestIncome": "None", "otherNonOperatingIncome": "-30000000", "depreciation": "None", "depreciationAndAmortization": "94000000", "incomeBeforeTax": "277000000", "incomeTaxExpense": "62000000", "interestAndDebtExpense": "None", "netIncomeFromContinuingOperations": "128000000", "comprehensiveIncomeNetOfTax": "None", "ebit": "513000000", "ebitda": "607000000", "netIncome": "215000000"}, {"fiscalDateEnding": "2014-03-31", "reportedCurrency": "USD", "grossProfit": "1536000000", "totalRevenue": "2305000000", "costOfRevenue": "769000000", "costofGoodsAndServicesSold": "769000000", "operatingIncome": "131000000", "sellingGeneralAndAdministrative": "1205000000", "researchAndDevelopment": "150000000", "operatingExpenses": "1400000000", "investmentIncomeNet": "None", "netInterestIncome": "None", "interestIncome": "None", "interestExpense": "0", "nonInterestIncome": "None", "otherNonOperatingIncome": "-24000000", "depreciation": "None", "depreciationAndAmortization": "91000000", "incomeBeforeTax": "107000000", "incomeTaxExpense": "37000000", "interestAndDebtExpense": "None", "netIncomeFromContinuingOperations": "70000000", "comprehensiveIncomeNetOfTax": "None", "ebit": "511000000", "ebitda": "602000000", "netIncome": "70000000"}, {"fiscalDateEnding": "2013-12-31", "reportedCurrency": "USD", "grossProfit": "1616000000", "totalRevenue": "2468000000", "costOfRevenue": "852000000", "costofGoodsAndServicesSold": "852000000", "operatingIncome": "430000000", "sellingGeneralAndAdministrative": "999000000", "researchAndDevelopment": "139000000", "operatingExpenses": "1174000000", "investmentIncomeNet": "None", "netInterestIncome": "None", "interestIncome": "None", "interestExpense": "83000000", "nonInterestIncome": "None", "otherNonOperatingIncome": "1000000", "depreciation": "None", "depreciationAndAmortization": "82000000", "incomeBeforeTax": "431000000", "incomeTaxExpense": "45000000", "interestAndDebtExpense": "None", "netIncomeFromContinuingOperations": "386000000", "comprehensiveIncomeNetOfTax": "None", "ebit": "1118000000", "ebitda": "1200000000", "netIncome": "386000000"}, {"fiscalDateEnding": "2013-09-30", "reportedCurrency": "USD", "grossProfit": "1469000000", "totalRevenue": "2151000000", "costOfRevenue": "682000000", "costofGoodsAndServicesSold": "682000000", "operatingIncome": "150000000", "sellingGeneralAndAdministrative": "1136000000", "researchAndDevelopment": "136000000", "operatingExpenses": "1306000000", "investmentIncomeNet": "None", "netInterestIncome": "None", "interestIncome": "None", "interestExpense": "0", "nonInterestIncome": "None", "otherNonOperatingIncome": "-13000000", "depreciation": "None", "depreciationAndAmortization": "76000000", "incomeBeforeTax": "137000000", "incomeTaxExpense": "34000000", "interestAndDebtExpense": "None", "netIncomeFromContinuingOperations": "103000000", "comprehensiveIncomeNetOfTax": "None", "ebit": "179000000", "ebitda": "255000000", "netIncome": "103000000"}, {"fiscalDateEnding": "2013-06-30", "reportedCurrency": "USD", "grossProfit": "1482000000", "totalRevenue": "2212000000", "costOfRevenue": "730000000", "costofGoodsAndServicesSold": "730000000", "operatingIncome": "290000000", "sellingGeneralAndAdministrative": "1015000000", "researchAndDevelopment": "132000000", "operatingExpenses": "1183000000", "investmentIncomeNet": "None", "netInterestIncome": "None", "interestIncome": "None", "interestExpense": "0", "nonInterestIncome": "None", "otherNonOperatingIncome": "-21000000", "depreciation": "None", "depreciationAndAmortization": "79000000", "incomeBeforeTax": "269000000", "incomeTaxExpense": "56000000", "interestAndDebtExpense": "None", "netIncomeFromContinuingOperations": "213000000", "comprehensiveIncomeNetOfTax": "None", "ebit": "299000000", "ebitda": "378000000", "netIncome": "213000000"}, {"fiscalDateEnding": "2013-03-31", "reportedCurrency": "USD", "grossProfit": "1477000000", "totalRevenue": "2190000000", "costOfRevenue": "713000000", "costofGoodsAndServicesSold": "713000000", "operatingIncome": "386000000", "sellingGeneralAndAdministrative": "916000000", "researchAndDevelopment": "129000000", "operatingExpenses": "1077000000", "investmentIncomeNet": "None", "netInterestIncome": "None", "interestIncome": "None", "interestExpense": "0", "nonInterestIncome": "None", "otherNonOperatingIncome": "-11000000", "depreciation": "None", "depreciationAndAmortization": "70000000", "incomeBeforeTax": "375000000", "incomeTaxExpense": "71000000", "interestAndDebtExpense": "None", "netIncomeFromContinuingOperations": "304000000", "comprehensiveIncomeNetOfTax": "None", "ebit": "400000000", "ebitda": "470000000", "netIncome": "304000000"}, {"fiscalDateEnding": "2012-12-31", "reportedCurrency": "USD", "grossProfit": "1593000000", "totalRevenue": "2337000000", "costOfRevenue": "744000000", "costofGoodsAndServicesSold": "744000000", "operatingIncome": "370000000", "sellingGeneralAndAdministrative": "1033000000", "researchAndDevelopment": "129000000", "operatingExpenses": "1193000000", "investmentIncomeNet": "None", "netInterestIncome": "None", "interestIncome": "None", "interestExpense": "18000000", "nonInterestIncome": "None", "otherNonOperatingIncome": "-12000000", "depreciation": "None", "depreciationAndAmortization": "122000000", "incomeBeforeTax": "358000000", "incomeTaxExpense": "88000000", "interestAndDebtExpense": "None", "netIncomeFromContinuingOperations": "270000000", "comprehensiveIncomeNetOfTax": "None", "ebit": "317000000", "ebitda": "439000000", "netIncome": "270000000"}, {"fiscalDateEnding": "2012-09-30", "reportedCurrency": "USD", "grossProfit": "1397000000", "totalRevenue": "2052000000", "costOfRevenue": "655000000", "costofGoodsAndServicesSold": "655000000", "operatingIncome": "450000000", "sellingGeneralAndAdministrative": "791000000", "researchAndDevelopment": "114000000", "operatingExpenses": "935000000", "investmentIncomeNet": "None", "netInterestIncome": "None", "interestIncome": "None", "interestExpense": "18000000", "nonInterestIncome": "None", "otherNonOperatingIncome": "-6000000", "depreciation": "None", "depreciationAndAmortization": "120000000", "incomeBeforeTax": "444000000", "incomeTaxExpense": "91000000", "interestAndDebtExpense": "None", "netIncomeFromContinuingOperations": "353000000", "comprehensiveIncomeNetOfTax": "None", "ebit": "410000000", "ebitda": "530000000", "netIncome": "353000000"}, {"fiscalDateEnding": "2012-06-30", "reportedCurrency": "USD", "grossProfit": "1434000000", "totalRevenue": "2106000000", "costOfRevenue": "672000000", "costofGoodsAndServicesSold": "672000000", "operatingIncome": "445000000", "sellingGeneralAndAdministrative": "823000000", "researchAndDevelopment": "116000000", "operatingExpenses": "970000000", "investmentIncomeNet": "None", "netInterestIncome": "None", "interestIncome": "None", "interestExpense": "0", "nonInterestIncome": "None", "otherNonOperatingIncome": "-10000000", "depreciation": "None", "depreciationAndAmortization": "121000000", "incomeBeforeTax": "435000000", "incomeTaxExpense": "110000000", "interestAndDebtExpense": "None", "netIncomeFromContinuingOperations": "325000000", "comprehensiveIncomeNetOfTax": "None", "ebit": "412000000", "ebitda": "533000000", "netIncome": "325000000"}, {"fiscalDateEnding": "2012-03-31", "reportedCurrency": "USD", "grossProfit": "1452000000", "totalRevenue": "2161000000", "costOfRevenue": "709000000", "costofGoodsAndServicesSold": "709000000", "operatingIncome": "476000000", "sellingGeneralAndAdministrative": "819000000", "researchAndDevelopment": "112000000", "operatingExpenses": "962000000", "investmentIncomeNet": "None", "netInterestIncome": "None", "interestIncome": "None", "interestExpense": "0", "nonInterestIncome": "None", "otherNonOperatingIncome": "-8000000", "depreciation": "None", "depreciationAndAmortization": "123000000", "incomeBeforeTax": "468000000", "incomeTaxExpense": "118000000", "interestAndDebtExpense": "None", "netIncomeFromContinuingOperations": "350000000", "comprehensiveIncomeNetOfTax": "None", "ebit": "437000000", "ebitda": "560000000", "netIncome": "350000000"}, {"fiscalDateEnding": "2011-12-31", "reportedCurrency": "USD", "grossProfit": "1475000000", "totalRevenue": "2215000000", "costOfRevenue": "740000000", "costofGoodsAndServicesSold": "740000000", "operatingIncome": "418000000", "sellingGeneralAndAdministrative": "834000000", "researchAndDevelopment": "115000000", "operatingExpenses": "981000000", "investmentIncomeNet": "None", "netInterestIncome": "None", "interestIncome": "None", "interestExpense": "17000000", "nonInterestIncome": "None", "otherNonOperatingIncome": "None", "depreciation": "None", "depreciationAndAmortization": "122000000", "incomeBeforeTax": "433000000", "incomeTaxExpense": "32000000", "interestAndDebtExpense": "None", "netIncomeFromContinuingOperations": "401500000", "comprehensiveIncomeNetOfTax": "None", "ebit": "452000000", "ebitda": "574000000", "netIncome": "401000000"}, {"fiscalDateEnding": "2011-09-30", "reportedCurrency": "USD", "grossProfit": "1362000000", "totalRevenue": "2031000000", "costOfRevenue": "669000000", "costofGoodsAndServicesSold": "669000000", "operatingIncome": "444000000", "sellingGeneralAndAdministrative": "765000000", "researchAndDevelopment": "122000000", "operatingExpenses": "918000000", "investmentIncomeNet": "None", "netInterestIncome": "None", "interestIncome": "None", "interestExpense": "22000000", "nonInterestIncome": "None", "otherNonOperatingIncome": "-13000000", "depreciation": "None", "depreciationAndAmortization": "123400000", "incomeBeforeTax": "431000000", "incomeTaxExpense": "104000000", "interestAndDebtExpense": "None", "netIncomeFromContinuingOperations": "327000000", "comprehensiveIncomeNetOfTax": "None", "ebit": "453600000", "ebitda": "577000000", "netIncome": "327000000"}, {"fiscalDateEnding": "2011-06-30", "reportedCurrency": "USD", "grossProfit": "1332700000", "totalRevenue": "2045500000", "costOfRevenue": "712800000", "costofGoodsAndServicesSold": "712800000", "operatingIncome": "400300000", "sellingGeneralAndAdministrative": "785800000", "researchAndDevelopment": "114500000", "operatingExpenses": "932400000", "investmentIncomeNet": "None", "netInterestIncome": "None", "interestIncome": "None", "interestExpense": "0", "nonInterestIncome": "None", "otherNonOperatingIncome": "9700000", "depreciation": "None", "depreciationAndAmortization": "120700000", "incomeBeforeTax": "410000000", "incomeTaxExpense": "100900000", "interestAndDebtExpense": "None", "netIncomeFromContinuingOperations": "309100000", "comprehensiveIncomeNetOfTax": "None", "ebit": "400300000", "ebitda": "521000000", "netIncome": "310000000"}, {"fiscalDateEnding": "2011-03-31", "reportedCurrency": "USD", "grossProfit": "1326300000", "totalRevenue": "2015200000", "costOfRevenue": "688900000", "costofGoodsAndServicesSold": "688900000", "operatingIncome": "423500000", "sellingGeneralAndAdministrative": "765200000", "researchAndDevelopment": "110900000", "operatingExpenses": "902800000", "investmentIncomeNet": "None", "netInterestIncome": "None", "interestIncome": "None", "interestExpense": "17000000", "nonInterestIncome": "None", "otherNonOperatingIncome": "-11700000", "depreciation": "None", "depreciationAndAmortization": "114900000", "incomeBeforeTax": "411800000", "incomeTaxExpense": "104400000", "interestAndDebtExpense": "None", "netIncomeFromContinuingOperations": "307400000", "comprehensiveIncomeNetOfTax": "None", "ebit": "411100000", "ebitda": "526000000", "netIncome": "307000000"}, {"fiscalDateEnding": "2010-12-31", "reportedCurrency": "USD", "grossProfit": "1370900000", "totalRevenue": "1995100000", "costOfRevenue": "624200000", "costofGoodsAndServicesSold": "624200000", "operatingIncome": "386400000", "sellingGeneralAndAdministrative": "734400000", "researchAndDevelopment": "110700000", "operatingExpenses": "861000000", "investmentIncomeNet": "None", "netInterestIncome": "None", "interestIncome": "None", "interestExpense": "26500000", "nonInterestIncome": "None", "otherNonOperatingIncome": "-7100000", "depreciation": "None", "depreciationAndAmortization": "111300000", "incomeBeforeTax": "379300000", "incomeTaxExpense": "84300000", "interestAndDebtExpense": "None", "netIncomeFromContinuingOperations": "295000000", "comprehensiveIncomeNetOfTax": "None", "ebit": "509900000", "ebitda": "621200000", "netIncome": "295000000"}, {"fiscalDateEnding": "2010-09-30", "reportedCurrency": "USD", "grossProfit": "1226800000", "totalRevenue": "1767600000", "costOfRevenue": "540800000", "costofGoodsAndServicesSold": "540800000", "operatingIncome": "470500000", "sellingGeneralAndAdministrative": "643300000", "researchAndDevelopment": "98600000", "operatingExpenses": "756300000", "investmentIncomeNet": "None", "netInterestIncome": "None", "interestIncome": "None", "interestExpense": "19600000", "nonInterestIncome": "None", "otherNonOperatingIncome": "-8600000", "depreciation": "None", "depreciationAndAmortization": "101100000", "incomeBeforeTax": "461900000", "incomeTaxExpense": "124200000", "interestAndDebtExpense": "None", "netIncomeFromContinuingOperations": "337700000", "comprehensiveIncomeNetOfTax": "None", "ebit": "471100000", "ebitda": "572200000", "netIncome": "337000000"}, {"fiscalDateEnding": "2010-06-30", "reportedCurrency": "USD", "grossProfit": "1218900000", "totalRevenue": "1758200000", "costOfRevenue": "539300000", "costofGoodsAndServicesSold": "539300000", "operatingIncome": "448100000", "sellingGeneralAndAdministrative": "661800000", "researchAndDevelopment": "94600000", "operatingExpenses": "770800000", "investmentIncomeNet": "None", "netInterestIncome": "None", "interestIncome": "None", "interestExpense": "16300000", "nonInterestIncome": "None", "otherNonOperatingIncome": "-5500000", "depreciation": "None", "depreciationAndAmortization": "98600000", "incomeBeforeTax": "442600000", "incomeTaxExpense": "123600000", "interestAndDebtExpense": "None", "netIncomeFromContinuingOperations": "319000000", "comprehensiveIncomeNetOfTax": "None", "ebit": "349500000", "ebitda": "448100000", "netIncome": "319000000"}, {"fiscalDateEnding": "2010-03-31", "reportedCurrency": "USD", "grossProfit": "1217700000", "totalRevenue": "1799100000", "costOfRevenue": "581400000", "costofGoodsAndServicesSold": "581400000", "operatingIncome": "446400000", "sellingGeneralAndAdministrative": "667800000", "researchAndDevelopment": "90000000", "operatingExpenses": "771300000", "investmentIncomeNet": "None", "netInterestIncome": "None", "interestIncome": "None", "interestExpense": "15100000", "nonInterestIncome": "None", "otherNonOperatingIncome": "-600000", "depreciation": "None", "depreciationAndAmortization": "99200000", "incomeBeforeTax": "445800000", "incomeTaxExpense": "124100000", "interestAndDebtExpense": "None", "netIncomeFromContinuingOperations": "321700000", "comprehensiveIncomeNetOfTax": "None", "ebit": "460900000", "ebitda": "560100000", "netIncome": "321700000"}, {"fiscalDateEnding": "2009-12-31", "reportedCurrency": "USD", "grossProfit": "1241000000", "totalRevenue": "1834200000", "costOfRevenue": "593200000", "costofGoodsAndServicesSold": "593200000", "operatingIncome": "514000000", "sellingGeneralAndAdministrative": "628700000", "researchAndDevelopment": "89500000", "operatingExpenses": "727000000", "investmentIncomeNet": "None", "netInterestIncome": "None", "interestIncome": "None", "interestExpense": "5000000", "nonInterestIncome": "None", "otherNonOperatingIncome": "None", "depreciation": "None", "depreciationAndAmortization": "104800000", "incomeBeforeTax": "523100000", "incomeTaxExpense": "217100000", "interestAndDebtExpense": "None", "netIncomeFromContinuingOperations": "0", "comprehensiveIncomeNetOfTax": "None", "ebit": "514000000", "ebitda": "618800000", "netIncome": "306000000"}, {"fiscalDateEnding": "2009-09-30", "reportedCurrency": "USD", "grossProfit": "1114600000", "totalRevenue": "1653300000", "costOfRevenue": "538700000", "costofGoodsAndServicesSold": "538700000", "operatingIncome": "311400000", "sellingGeneralAndAdministrative": "643900000", "researchAndDevelopment": "83700000", "operatingExpenses": "736200000", "investmentIncomeNet": "None", "netInterestIncome": "None", "interestIncome": "None", "interestExpense": "5400000", "nonInterestIncome": "None", "otherNonOperatingIncome": "3000000", "depreciation": "None", "depreciationAndAmortization": "96600000", "incomeBeforeTax": "314400000", "incomeTaxExpense": "85400000", "interestAndDebtExpense": "None", "netIncomeFromContinuingOperations": "229000000", "comprehensiveIncomeNetOfTax": "None", "ebit": "378400000", "ebitda": "475000000", "netIncome": "229000000"}, {"fiscalDateEnding": "2009-06-30", "reportedCurrency": "USD", "grossProfit": "1098000000", "totalRevenue": "1634300000", "costOfRevenue": "536300000", "costofGoodsAndServicesSold": "536300000", "operatingIncome": "389800000", "sellingGeneralAndAdministrative": "617100000", "researchAndDevelopment": "82600000", "operatingExpenses": "708200000", "investmentIncomeNet": "None", "netInterestIncome": "None", "interestIncome": "None", "interestExpense": "4000000", "nonInterestIncome": "None", "otherNonOperatingIncome": "10200000", "depreciation": "None", "depreciationAndAmortization": "92200000", "incomeBeforeTax": "400000000", "incomeTaxExpense": "108700000", "interestAndDebtExpense": "None", "netIncomeFromContinuingOperations": "291300000", "comprehensiveIncomeNetOfTax": "None", "ebit": "297600000", "ebitda": "389800000", "netIncome": "291300000"}, {"fiscalDateEnding": "2009-03-31", "reportedCurrency": "USD", "grossProfit": "1085800000", "totalRevenue": "1601300000", "costOfRevenue": "515500000", "costofGoodsAndServicesSold": "515500000", "operatingIncome": "379200000", "sellingGeneralAndAdministrative": "616600000", "researchAndDevelopment": "80400000", "operatingExpenses": "706600000", "investmentIncomeNet": "None", "netInterestIncome": "None", "interestIncome": "None", "interestExpense": "8000000", "nonInterestIncome": "None", "otherNonOperatingIncome": "None", "depreciation": "None", "depreciationAndAmortization": "91700000", "incomeBeforeTax": "386400000", "incomeTaxExpense": "105300000", "interestAndDebtExpense": "None", "netIncomeFromContinuingOperations": "0", "comprehensiveIncomeNetOfTax": "None", "ebit": "287500000", "ebitda": "379200000", "netIncome": "281100000"}, {"fiscalDateEnding": "2008-12-31", "reportedCurrency": "USD", "grossProfit": "1162200000", "totalRevenue": "1718200000", "costOfRevenue": "556000000", "costofGoodsAndServicesSold": "556000000", "operatingIncome": "370300000", "sellingGeneralAndAdministrative": "647600000", "researchAndDevelopment": "99800000", "operatingExpenses": "757000000", "investmentIncomeNet": "None", "netInterestIncome": "None", "interestIncome": "None", "interestExpense": "30500000", "nonInterestIncome": "None", "otherNonOperatingIncome": "None", "depreciation": "None", "depreciationAndAmortization": "93100000", "incomeBeforeTax": "380100000", "incomeTaxExpense": "102400000", "interestAndDebtExpense": "None", "netIncomeFromContinuingOperations": "0", "comprehensiveIncomeNetOfTax": "None", "ebit": "484100000", "ebitda": "577200000", "netIncome": "277700000"}, {"fiscalDateEnding": "2008-09-30", "reportedCurrency": "USD", "grossProfit": "1111300000", "totalRevenue": "1653000000", "costOfRevenue": "541700000", "costofGoodsAndServicesSold": "541700000", "operatingIncome": "364100000", "sellingGeneralAndAdministrative": "644800000", "researchAndDevelopment": "92600000", "operatingExpenses": "747200000", "investmentIncomeNet": "None", "netInterestIncome": "None", "interestIncome": "None", "interestExpense": "0", "nonInterestIncome": "None", "otherNonOperatingIncome": "None", "depreciation": "None", "depreciationAndAmortization": "97600000", "incomeBeforeTax": "376000000", "incomeTaxExpense": "102200000", "interestAndDebtExpense": "None", "netIncomeFromContinuingOperations": "0", "comprehensiveIncomeNetOfTax": "None", "ebit": "266500000", "ebitda": "364100000", "netIncome": "273800000"}, {"fiscalDateEnding": "2008-06-30", "reportedCurrency": "USD", "grossProfit": "1179400000", "totalRevenue": "1712600000", "costOfRevenue": "533200000", "costofGoodsAndServicesSold": "533200000", "operatingIncome": "400900000", "sellingGeneralAndAdministrative": "678200000", "researchAndDevelopment": "90300000", "operatingExpenses": "778500000", "investmentIncomeNet": "None", "netInterestIncome": "None", "interestIncome": "None", "interestExpense": "0", "nonInterestIncome": "None", "otherNonOperatingIncome": "None", "depreciation": "None", "depreciationAndAmortization": "98700000", "incomeBeforeTax": "420100000", "incomeTaxExpense": "114300000", "interestAndDebtExpense": "None", "netIncomeFromContinuingOperations": "0", "comprehensiveIncomeNetOfTax": "None", "ebit": "302200000", "ebitda": "400900000", "netIncome": "305800000"}, {"fiscalDateEnding": "2008-03-31", "reportedCurrency": "USD", "grossProfit": "1133900000", "totalRevenue": "1634400000", "costOfRevenue": "500500000", "costofGoodsAndServicesSold": "500500000", "operatingIncome": "383700000", "sellingGeneralAndAdministrative": "654500000", "researchAndDevelopment": "85100000", "operatingExpenses": "750200000", "investmentIncomeNet": "None", "netInterestIncome": "None", "interestIncome": "None", "interestExpense": "0", "nonInterestIncome": "None", "otherNonOperatingIncome": "None", "depreciation": "None", "depreciationAndAmortization": "98200000", "incomeBeforeTax": "404000000", "incomeTaxExpense": "113500000", "interestAndDebtExpense": "None", "netIncomeFromContinuingOperations": "0", "comprehensiveIncomeNetOfTax": "None", "ebit": "285500000", "ebitda": "383700000", "netIncome": "290500000"}, {"fiscalDateEnding": "2007-12-31", "reportedCurrency": "USD", "grossProfit": "1133600000", "totalRevenue": "1658100000", "costOfRevenue": "524500000", "costofGoodsAndServicesSold": "524500000", "operatingIncome": "362900000", "sellingGeneralAndAdministrative": "658900000", "researchAndDevelopment": "101800000", "operatingExpenses": "770700000", "investmentIncomeNet": "None", "netInterestIncome": "None", "interestIncome": "None", "interestExpense": "22200000", "nonInterestIncome": "None", "otherNonOperatingIncome": "None", "depreciation": "None", "depreciationAndAmortization": "95500000", "incomeBeforeTax": "384000000", "incomeTaxExpense": "107900000", "interestAndDebtExpense": "None", "netIncomeFromContinuingOperations": "0", "comprehensiveIncomeNetOfTax": "None", "ebit": "362900000", "ebitda": "458400000", "netIncome": "276100000"}, {"fiscalDateEnding": "2007-09-30", "reportedCurrency": "USD", "grossProfit": "996200000", "totalRevenue": "1453200000", "costOfRevenue": "457000000", "costofGoodsAndServicesSold": "457000000", "operatingIncome": "688900000", "sellingGeneralAndAdministrative": "582900000", "researchAndDevelopment": "96800000", "operatingExpenses": "307300000", "investmentIncomeNet": "None", "netInterestIncome": "None", "interestIncome": "None", "interestExpense": "0", "nonInterestIncome": "None", "otherNonOperatingIncome": "None", "depreciation": "None", "depreciationAndAmortization": "73900000", "incomeBeforeTax": "317900000", "incomeTaxExpense": "89200000", "interestAndDebtExpense": "None", "netIncomeFromContinuingOperations": "0", "comprehensiveIncomeNetOfTax": "None", "ebit": "688900000", "ebitda": "762800000", "netIncome": "228700000"}, {"fiscalDateEnding": "2007-06-30", "reportedCurrency": "USD", "grossProfit": "1019400000", "totalRevenue": "1463700000", "costOfRevenue": "444300000", "costofGoodsAndServicesSold": "444300000", "operatingIncome": "314900000", "sellingGeneralAndAdministrative": "581600000", "researchAndDevelopment": "92100000", "operatingExpenses": "704500000", "investmentIncomeNet": "None", "netInterestIncome": "None", "interestIncome": "None", "interestExpense": "0", "nonInterestIncome": "None", "otherNonOperatingIncome": "None", "depreciation": "None", "depreciationAndAmortization": "108200000", "incomeBeforeTax": "331800000", "incomeTaxExpense": "91700000", "interestAndDebtExpense": "None", "netIncomeFromContinuingOperations": "0", "comprehensiveIncomeNetOfTax": "None", "ebit": "206700000", "ebitda": "314900000", "netIncome": "509200000"}, {"fiscalDateEnding": "2007-03-31", "reportedCurrency": "USD", "grossProfit": "992600000", "totalRevenue": "1489300000", "costOfRevenue": "496700000", "costofGoodsAndServicesSold": "496700000", "operatingIncome": "325300000", "sellingGeneralAndAdministrative": "571400000", "researchAndDevelopment": "84600000", "operatingExpenses": "667300000", "investmentIncomeNet": "None", "netInterestIncome": "None", "interestIncome": "None", "interestExpense": "0", "nonInterestIncome": "None", "otherNonOperatingIncome": "None", "depreciation": "None", "depreciationAndAmortization": "89000000", "incomeBeforeTax": "339100000", "incomeTaxExpense": "95600000", "interestAndDebtExpense": "None", "netIncomeFromContinuingOperations": "0", "comprehensiveIncomeNetOfTax": "None", "ebit": "311500000", "ebitda": "400500000", "netIncome": "241800000"}, {"fiscalDateEnding": "2006-12-31", "reportedCurrency": "USD", "grossProfit": "961200000", "totalRevenue": "1462800000", "costOfRevenue": "501600000", "costofGoodsAndServicesSold": "501600000", "operatingIncome": "305900000", "sellingGeneralAndAdministrative": "552600000", "researchAndDevelopment": "91200000", "operatingExpenses": "655300000", "investmentIncomeNet": "None", "netInterestIncome": "None", "interestIncome": "None", "interestExpense": "9500000", "nonInterestIncome": "None", "otherNonOperatingIncome": "None", "depreciation": "None", "depreciationAndAmortization": "87300000", "incomeBeforeTax": "317500000", "incomeTaxExpense": "89600000", "interestAndDebtExpense": "None", "netIncomeFromContinuingOperations": "0", "comprehensiveIncomeNetOfTax": "None", "ebit": "305900000", "ebitda": "393200000", "netIncome": "227900000"}, {"fiscalDateEnding": "2006-09-30", "reportedCurrency": "USD", "grossProfit": "852300000", "totalRevenue": "1294000000", "costOfRevenue": "441700000", "costofGoodsAndServicesSold": "441700000", "operatingIncome": "254400000", "sellingGeneralAndAdministrative": "506400000", "researchAndDevelopment": "80400000", "operatingExpenses": "597900000", "investmentIncomeNet": "None", "netInterestIncome": "None", "interestIncome": "None", "interestExpense": "0", "nonInterestIncome": "None", "otherNonOperatingIncome": "None", "depreciation": "None", "depreciationAndAmortization": "84800000", "incomeBeforeTax": "262400000", "incomeTaxExpense": "74000000", "interestAndDebtExpense": "None", "netIncomeFromContinuingOperations": "0", "comprehensiveIncomeNetOfTax": "None", "ebit": "592400000", "ebitda": "677200000", "netIncome": "187000000"}, {"fiscalDateEnding": "2006-06-30", "reportedCurrency": "USD", "grossProfit": "875400000", "totalRevenue": "1327900000", "costOfRevenue": "452500000", "costofGoodsAndServicesSold": "452500000", "operatingIncome": "291900000", "sellingGeneralAndAdministrative": "497000000", "researchAndDevelopment": "75900000", "operatingExpenses": "583500000", "investmentIncomeNet": "None", "netInterestIncome": "None", "interestIncome": "None", "interestExpense": "0", "nonInterestIncome": "None", "otherNonOperatingIncome": "None", "depreciation": "None", "depreciationAndAmortization": "81900000", "incomeBeforeTax": "296600000", "incomeTaxExpense": "82700000", "interestAndDebtExpense": "None", "netIncomeFromContinuingOperations": "0", "comprehensiveIncomeNetOfTax": "None", "ebit": "284900000", "ebitda": "366800000", "netIncome": "213900000"}, {"fiscalDateEnding": "2006-03-31", "reportedCurrency": "USD", "grossProfit": "868000000", "totalRevenue": "1320900000", "costOfRevenue": "452900000", "costofGoodsAndServicesSold": "452900000", "operatingIncome": "222100000", "sellingGeneralAndAdministrative": "505700000", "researchAndDevelopment": "77100000", "operatingExpenses": "593200000", "investmentIncomeNet": "None", "netInterestIncome": "None", "interestIncome": "None", "interestExpense": "0", "nonInterestIncome": "None", "otherNonOperatingIncome": "None", "depreciation": "None", "depreciationAndAmortization": "77800000", "incomeBeforeTax": "227300000", "incomeTaxExpense": "79800000", "interestAndDebtExpense": "None", "netIncomeFromContinuingOperations": "0", "comprehensiveIncomeNetOfTax": "None", "ebit": "274800000", "ebitda": "352600000", "netIncome": "147500000"}, {"fiscalDateEnding": "2005-12-31", "reportedCurrency": "USD", "grossProfit": "831400000", "totalRevenue": "1278500000", "costOfRevenue": "447100000", "costofGoodsAndServicesSold": "447100000", "operatingIncome": "258600000", "sellingGeneralAndAdministrative": "463400000", "researchAndDevelopment": "83000000", "operatingExpenses": "556900000", "investmentIncomeNet": "None", "netInterestIncome": "None", "interestIncome": "None", "interestExpense": "7700000", "nonInterestIncome": "None", "otherNonOperatingIncome": "None", "depreciation": "None", "depreciationAndAmortization": "76600000", "incomeBeforeTax": "264500000", "incomeTaxExpense": "78800000", "interestAndDebtExpense": "None", "netIncomeFromContinuingOperations": "0", "comprehensiveIncomeNetOfTax": "None", "ebit": "274500000", "ebitda": "351100000", "netIncome": "185700000"}, {"fiscalDateEnding": "2005-09-30", "reportedCurrency": "USD", "grossProfit": "756400000", "totalRevenue": "1171900000", "costOfRevenue": "415500000", "costofGoodsAndServicesSold": "415500000", "operatingIncome": "232400000", "sellingGeneralAndAdministrative": "443200000", "researchAndDevelopment": "70300000", "operatingExpenses": "524000000", "investmentIncomeNet": "None", "netInterestIncome": "None", "interestIncome": "None", "interestExpense": "0", "nonInterestIncome": "None", "otherNonOperatingIncome": "None", "depreciation": "None", "depreciationAndAmortization": "70000000", "incomeBeforeTax": "231800000", "incomeTaxExpense": "99700000", "interestAndDebtExpense": "None", "netIncomeFromContinuingOperations": "0", "comprehensiveIncomeNetOfTax": "None", "ebit": "214900000", "ebitda": "284900000", "netIncome": "120700000"}, {"fiscalDateEnding": "2005-06-30", "reportedCurrency": "USD", "grossProfit": "796400000", "totalRevenue": "1218600000", "costOfRevenue": "422200000", "costofGoodsAndServicesSold": "422200000", "operatingIncome": "261600000", "sellingGeneralAndAdministrative": "457500000", "researchAndDevelopment": "65900000", "operatingExpenses": "534800000", "investmentIncomeNet": "None", "netInterestIncome": "None", "interestIncome": "None", "interestExpense": "0", "nonInterestIncome": "None", "otherNonOperatingIncome": "None", "depreciation": "None", "depreciationAndAmortization": "69400000", "incomeBeforeTax": "261400000", "incomeTaxExpense": "77100000", "interestAndDebtExpense": "None", "netIncomeFromContinuingOperations": "0", "comprehensiveIncomeNetOfTax": "None", "ebit": "251500000", "ebitda": "320900000", "netIncome": "177800000"}, {"fiscalDateEnding": "2005-03-31", "reportedCurrency": "USD", "grossProfit": "773400000", "totalRevenue": "1202500000", "costOfRevenue": "429100000", "costofGoodsAndServicesSold": "429100000", "operatingIncome": "246200000", "sellingGeneralAndAdministrative": "450200000", "researchAndDevelopment": "60600000", "operatingExpenses": "527200000", "investmentIncomeNet": "None", "netInterestIncome": "None", "interestIncome": "None", "interestExpense": "0", "nonInterestIncome": "None", "otherNonOperatingIncome": "None", "depreciation": "None", "depreciationAndAmortization": "73900000", "incomeBeforeTax": "245600000", "incomeTaxExpense": "72500000", "interestAndDebtExpense": "None", "netIncomeFromContinuingOperations": "0", "comprehensiveIncomeNetOfTax": "None", "ebit": "172300000", "ebitda": "246200000", "netIncome": "173100000"}, {"fiscalDateEnding": "2004-12-31", "reportedCurrency": "USD", "grossProfit": "743400000", "totalRevenue": "1155500000", "costOfRevenue": "412100000", "costofGoodsAndServicesSold": "412100000", "operatingIncome": "232800000", "sellingGeneralAndAdministrative": "442100000", "researchAndDevelopment": "56300000", "operatingExpenses": "510600000", "investmentIncomeNet": "None", "netInterestIncome": "None", "interestIncome": "None", "interestExpense": "6800000", "nonInterestIncome": "None", "otherNonOperatingIncome": "None", "depreciation": "None", "depreciationAndAmortization": "66400000", "incomeBeforeTax": "232300000", "incomeTaxExpense": "69600000", "interestAndDebtExpense": "None", "netIncomeFromContinuingOperations": "0", "comprehensiveIncomeNetOfTax": "None", "ebit": "232800000", "ebitda": "299200000", "netIncome": "162700000"}]}