{"symbol": "PARA", "annualReports": [{"fiscalDateEnding": "2024-12-31", "reportedCurrency": "USD", "grossProfit": "9776000000", "totalRevenue": "29213000000", "costOfRevenue": "19437000000", "costofGoodsAndServicesSold": "19437000000", "operatingIncome": "-5269000000", "sellingGeneralAndAdministrative": "6797000000", "researchAndDevelopment": "None", "operatingExpenses": "15045000000", "investmentIncomeNet": "None", "netInterestIncome": "-709000000", "interestIncome": "151000000", "interestExpense": "860000000", "nonInterestIncome": "None", "otherNonOperatingIncome": "None", "depreciation": "None", "depreciationAndAmortization": "392000000", "incomeBeforeTax": "-6177000000", "incomeTaxExpense": "-305000000", "interestAndDebtExpense": "None", "netIncomeFromContinuingOperations": "-6163000000", "comprehensiveIncomeNetOfTax": "None", "ebit": "-5317000000", "ebitda": "-4925000000", "netIncome": "-6190000000"}, {"fiscalDateEnding": "2023-12-31", "reportedCurrency": "USD", "grossProfit": "7264000000", "totalRevenue": "29652000000", "costOfRevenue": "22388000000", "costofGoodsAndServicesSold": "22388000000", "operatingIncome": "-451000000", "sellingGeneralAndAdministrative": "7398000000", "researchAndDevelopment": "None", "operatingExpenses": "7715000000", "investmentIncomeNet": "None", "netInterestIncome": "-783000000", "interestIncome": "137000000", "interestExpense": "920000000", "nonInterestIncome": "None", "otherNonOperatingIncome": "None", "depreciation": "None", "depreciationAndAmortization": "418000000", "incomeBeforeTax": "-1253000000", "incomeTaxExpense": "-361000000", "interestAndDebtExpense": "None", "netIncomeFromContinuingOperations": "-1252000000", "comprehensiveIncomeNetOfTax": "None", "ebit": "-333000000", "ebitda": "85000000", "netIncome": "-608000000"}, {"fiscalDateEnding": "2022-12-31", "reportedCurrency": "USD", "grossProfit": "10309000000", "totalRevenue": "30154000000", "costOfRevenue": "19845000000", "costofGoodsAndServicesSold": "19845000000", "operatingIncome": "2342000000", "sellingGeneralAndAdministrative": "7098000000", "researchAndDevelopment": "None", "operatingExpenses": "7503000000", "investmentIncomeNet": "None", "netInterestIncome": "-823000000", "interestIncome": "108000000", "interestExpense": "931000000", "nonInterestIncome": "None", "otherNonOperatingIncome": "-349000000", "depreciation": "None", "depreciationAndAmortization": "405000000", "incomeBeforeTax": "1266000000", "incomeTaxExpense": "227000000", "interestAndDebtExpense": "None", "netIncomeFromContinuingOperations": "835000000", "comprehensiveIncomeNetOfTax": "None", "ebit": "2197000000", "ebitda": "2602000000", "netIncome": "1104000000"}, {"fiscalDateEnding": "2021-12-31", "reportedCurrency": "USD", "grossProfit": "10842000000", "totalRevenue": "28586000000", "costOfRevenue": "17744000000", "costofGoodsAndServicesSold": "17744000000", "operatingIncome": "4056000000", "sellingGeneralAndAdministrative": "6441000000", "researchAndDevelopment": "None", "operatingExpenses": "6831000000", "investmentIncomeNet": "None", "netInterestIncome": "-933000000", "interestIncome": "53000000", "interestExpense": "986000000", "nonInterestIncome": "None", "otherNonOperatingIncome": "-196000000", "depreciation": "None", "depreciationAndAmortization": "13742000000", "incomeBeforeTax": "5206000000", "incomeTaxExpense": "646000000", "interestAndDebtExpense": "None", "netIncomeFromContinuingOperations": "4469000000", "comprehensiveIncomeNetOfTax": "None", "ebit": "-9351000000", "ebitda": "4391000000", "netIncome": "4543000000"}, {"fiscalDateEnding": "2020-12-31", "reportedCurrency": "USD", "grossProfit": "10293000000", "totalRevenue": "25285000000", "costOfRevenue": "14992000000", "costofGoodsAndServicesSold": "14992000000", "operatingIncome": "4139000000", "sellingGeneralAndAdministrative": "5389000000", "researchAndDevelopment": "None", "operatingExpenses": "5605000000", "investmentIncomeNet": "None", "netInterestIncome": "-971000000", "interestIncome": "60000000", "interestExpense": "1031000000", "nonInterestIncome": "None", "otherNonOperatingIncome": "11000000", "depreciation": "None", "depreciationAndAmortization": "11438000000", "incomeBeforeTax": "3147000000", "incomeTaxExpense": "535000000", "interestAndDebtExpense": "None", "netIncomeFromContinuingOperations": "2584000000", "comprehensiveIncomeNetOfTax": "None", "ebit": "4178000000", "ebitda": "15616000000", "netIncome": "2422000000"}, {"fiscalDateEnding": "2019-12-31", "reportedCurrency": "USD", "grossProfit": "10589000000", "totalRevenue": "27812000000", "costOfRevenue": "17223000000", "costofGoodsAndServicesSold": "17223000000", "operatingIncome": "4273000000", "sellingGeneralAndAdministrative": "5647000000", "researchAndDevelopment": "None", "operatingExpenses": "6090000000", "investmentIncomeNet": "None", "netInterestIncome": "-896000000", "interestIncome": "66000000", "interestExpense": "962000000", "nonInterestIncome": "None", "otherNonOperatingIncome": "-19000000", "depreciation": "None", "depreciationAndAmortization": "12972000000", "incomeBeforeTax": "3345000000", "incomeTaxExpense": "-9000000", "interestAndDebtExpense": "None", "netIncomeFromContinuingOperations": "3301000000", "comprehensiveIncomeNetOfTax": "None", "ebit": "4185000000", "ebitda": "17157000000", "netIncome": "3308000000"}, {"fiscalDateEnding": "2018-12-31", "reportedCurrency": "USD", "grossProfit": "5403000000", "totalRevenue": "14514000000", "costOfRevenue": "9111000000", "costofGoodsAndServicesSold": "9111000000", "operatingIncome": "2768000000", "sellingGeneralAndAdministrative": "2217000000", "researchAndDevelopment": "None", "operatingExpenses": "2440000000", "investmentIncomeNet": "None", "netInterestIncome": "-410000000", "interestIncome": "57000000", "interestExpense": "467000000", "nonInterestIncome": "None", "otherNonOperatingIncome": "-68000000", "depreciation": "None", "depreciationAndAmortization": "12028000000", "incomeBeforeTax": "2289000000", "incomeTaxExpense": "273000000", "interestAndDebtExpense": "None", "netIncomeFromContinuingOperations": "2016000000", "comprehensiveIncomeNetOfTax": "None", "ebit": "5154000000", "ebitda": "17182000000", "netIncome": "1960000000"}, {"fiscalDateEnding": "2017-12-31", "reportedCurrency": "USD", "grossProfit": "5254000000", "totalRevenue": "13692000000", "costOfRevenue": "8438000000", "costofGoodsAndServicesSold": "8438000000", "operatingIncome": "2861000000", "sellingGeneralAndAdministrative": "2478000000", "researchAndDevelopment": "None", "operatingExpenses": "2682000000", "investmentIncomeNet": "None", "netInterestIncome": "-393000000", "interestIncome": "64000000", "interestExpense": "457000000", "nonInterestIncome": "None", "otherNonOperatingIncome": "-24000000", "depreciation": "None", "depreciationAndAmortization": "223000000", "incomeBeforeTax": "1979000000", "incomeTaxExpense": "633000000", "interestAndDebtExpense": "None", "netIncomeFromContinuingOperations": "1346000000", "comprehensiveIncomeNetOfTax": "None", "ebit": "5577000000", "ebitda": "5800000000", "netIncome": "357000000"}, {"fiscalDateEnding": "2016-12-31", "reportedCurrency": "USD", "grossProfit": "5210000000", "totalRevenue": "13166000000", "costOfRevenue": "7956000000", "costofGoodsAndServicesSold": "7956000000", "operatingIncome": "2621000000", "sellingGeneralAndAdministrative": "2335000000", "researchAndDevelopment": "None", "operatingExpenses": "2551000000", "investmentIncomeNet": "None", "netInterestIncome": "-379000000", "interestIncome": "32000000", "interestExpense": "411000000", "nonInterestIncome": "None", "otherNonOperatingIncome": "-30000000", "depreciation": "None", "depreciationAndAmortization": "225000000", "incomeBeforeTax": "2230000000", "incomeTaxExpense": "628000000", "interestAndDebtExpense": "None", "netIncomeFromContinuingOperations": "1602000000", "comprehensiveIncomeNetOfTax": "None", "ebit": "2641000000", "ebitda": "2866000000", "netIncome": "1261000000"}, {"fiscalDateEnding": "2015-12-31", "reportedCurrency": "USD", "grossProfit": "5562000000", "totalRevenue": "13886000000", "costOfRevenue": "8324000000", "costofGoodsAndServicesSold": "8324000000", "operatingIncome": "2417000000", "sellingGeneralAndAdministrative": "2455000000", "researchAndDevelopment": "None", "operatingExpenses": "2719000000", "investmentIncomeNet": "None", "netInterestIncome": "None", "interestIncome": "346000000", "interestExpense": "392000000", "nonInterestIncome": "None", "otherNonOperatingIncome": "-35000000", "depreciation": "None", "depreciationAndAmortization": "264000000", "incomeBeforeTax": "2023000000", "incomeTaxExpense": "587000000", "interestAndDebtExpense": "None", "netIncomeFromContinuingOperations": "1436000000", "comprehensiveIncomeNetOfTax": "None", "ebit": "2535000000", "ebitda": "2799000000", "netIncome": "1413000000"}, {"fiscalDateEnding": "2014-12-31", "reportedCurrency": "USD", "grossProfit": "5717000000", "totalRevenue": "13806000000", "costOfRevenue": "8089000000", "costofGoodsAndServicesSold": "8089000000", "operatingIncome": "2896000000", "sellingGeneralAndAdministrative": "2462000000", "researchAndDevelopment": "None", "operatingExpenses": "2743000000", "investmentIncomeNet": "None", "netInterestIncome": "None", "interestIncome": "None", "interestExpense": "363000000", "nonInterestIncome": "None", "otherNonOperatingIncome": "-417000000", "depreciation": "None", "depreciationAndAmortization": "281000000", "incomeBeforeTax": "2164000000", "incomeTaxExpense": "762000000", "interestAndDebtExpense": "None", "netIncomeFromContinuingOperations": "1402000000", "comprehensiveIncomeNetOfTax": "None", "ebit": "2527000000", "ebitda": "2808000000", "netIncome": "2959000000"}, {"fiscalDateEnding": "2013-12-31", "reportedCurrency": "USD", "grossProfit": "6471000000", "totalRevenue": "15284000000", "costOfRevenue": "8813000000", "costofGoodsAndServicesSold": "8813000000", "operatingIncome": "3259000000", "sellingGeneralAndAdministrative": "2735000000", "researchAndDevelopment": "None", "operatingExpenses": "3192000000", "investmentIncomeNet": "None", "netInterestIncome": "None", "interestIncome": "None", "interestExpense": "376000000", "nonInterestIncome": "None", "otherNonOperatingIncome": "-32000000", "depreciation": "None", "depreciationAndAmortization": "457000000", "incomeBeforeTax": "2897000000", "incomeTaxExpense": "978000000", "interestAndDebtExpense": "None", "netIncomeFromContinuingOperations": "1873000000", "comprehensiveIncomeNetOfTax": "None", "ebit": "3273000000", "ebitda": "3730000000", "netIncome": "1879000000"}, {"fiscalDateEnding": "2012-12-31", "reportedCurrency": "USD", "grossProfit": "6122000000", "totalRevenue": "14089000000", "costOfRevenue": "7967000000", "costofGoodsAndServicesSold": "7967000000", "operatingIncome": "2983000000", "sellingGeneralAndAdministrative": "2634000000", "researchAndDevelopment": "None", "operatingExpenses": "3109000000", "investmentIncomeNet": "None", "netInterestIncome": "None", "interestIncome": "None", "interestExpense": "402000000", "nonInterestIncome": "None", "otherNonOperatingIncome": "-55000000", "depreciation": "None", "depreciationAndAmortization": "475000000", "incomeBeforeTax": "2561000000", "incomeTaxExpense": "892000000", "interestAndDebtExpense": "None", "netIncomeFromContinuingOperations": "1634000000", "comprehensiveIncomeNetOfTax": "None", "ebit": "2963000000", "ebitda": "3438000000", "netIncome": "1574000000"}, {"fiscalDateEnding": "2011-12-31", "reportedCurrency": "USD", "grossProfit": "5878000000", "totalRevenue": "14245000000", "costOfRevenue": "8367000000", "costofGoodsAndServicesSold": "8367000000", "operatingIncome": "2529000000", "sellingGeneralAndAdministrative": "2755000000", "researchAndDevelopment": "None", "operatingExpenses": "3303000000", "investmentIncomeNet": "None", "netInterestIncome": "None", "interestIncome": "None", "interestExpense": "436000000", "nonInterestIncome": "None", "otherNonOperatingIncome": "-47000000", "depreciation": "None", "depreciationAndAmortization": "548000000", "incomeBeforeTax": "2083000000", "incomeTaxExpense": "755000000", "interestAndDebtExpense": "None", "netIncomeFromContinuingOperations": "1291000000", "comprehensiveIncomeNetOfTax": "None", "ebit": "2519000000", "ebitda": "3067000000", "netIncome": "1305000000"}, {"fiscalDateEnding": "2010-12-31", "reportedCurrency": "USD", "grossProfit": "5074500000", "totalRevenue": "14059800000", "costOfRevenue": "8985300000", "costofGoodsAndServicesSold": "8985300000", "operatingIncome": "1816300000", "sellingGeneralAndAdministrative": "2615300000", "researchAndDevelopment": "None", "operatingExpenses": "3177600000", "investmentIncomeNet": "None", "netInterestIncome": "None", "interestIncome": "None", "interestExpense": "528800000", "nonInterestIncome": "None", "otherNonOperatingIncome": "-100600000", "depreciation": "None", "depreciationAndAmortization": "562300000", "incomeBeforeTax": "1221500000", "incomeTaxExpense": "462700000", "interestAndDebtExpense": "None", "netIncomeFromContinuingOperations": "758800000", "comprehensiveIncomeNetOfTax": "None", "ebit": "1750300000", "ebitda": "2312600000", "netIncome": "724200000"}, {"fiscalDateEnding": "2009-12-31", "reportedCurrency": "USD", "grossProfit": "4314900000", "totalRevenue": "13014600000", "costOfRevenue": "8699700000", "costofGoodsAndServicesSold": "8699700000", "operatingIncome": "1011400000", "sellingGeneralAndAdministrative": "2488400000", "researchAndDevelopment": "None", "operatingExpenses": "3070700000", "investmentIncomeNet": "None", "netInterestIncome": "None", "interestIncome": "None", "interestExpense": "542000000", "nonInterestIncome": "None", "otherNonOperatingIncome": "-60100000", "depreciation": "None", "depreciationAndAmortization": "582300000", "incomeBeforeTax": "443000000", "incomeTaxExpense": "182800000", "interestAndDebtExpense": "None", "netIncomeFromContinuingOperations": "226500000", "comprehensiveIncomeNetOfTax": "None", "ebit": "985000000", "ebitda": "1567300000", "netIncome": "226500000"}, {"fiscalDateEnding": "2008-12-31", "reportedCurrency": "USD", "grossProfit": "5299700000", "totalRevenue": "13950400000", "costOfRevenue": "8650700000", "costofGoodsAndServicesSold": "8650700000", "operatingIncome": "-12158700000", "sellingGeneralAndAdministrative": "2608700000", "researchAndDevelopment": "None", "operatingExpenses": "26109100000", "investmentIncomeNet": "None", "netInterestIncome": "None", "interestIncome": "None", "interestExpense": "546600000", "nonInterestIncome": "None", "otherNonOperatingIncome": "None", "depreciation": "None", "depreciationAndAmortization": "531600000", "incomeBeforeTax": "-12575100000", "incomeTaxExpense": "-919300000", "interestAndDebtExpense": "None", "netIncomeFromContinuingOperations": "None", "comprehensiveIncomeNetOfTax": "None", "ebit": "-12028500000", "ebitda": "-11496900000", "netIncome": "-11673400000"}, {"fiscalDateEnding": "2007-12-31", "reportedCurrency": "USD", "grossProfit": "5743600000", "totalRevenue": "14072900000", "costOfRevenue": "8329300000", "costofGoodsAndServicesSold": "8329300000", "operatingIncome": "2621800000", "sellingGeneralAndAdministrative": "2666100000", "researchAndDevelopment": "None", "operatingExpenses": "3121800000", "investmentIncomeNet": "None", "netInterestIncome": "None", "interestIncome": "None", "interestExpense": "570900000", "nonInterestIncome": "None", "otherNonOperatingIncome": "None", "depreciation": "None", "depreciationAndAmortization": "460700000", "incomeBeforeTax": "2133000000", "incomeTaxExpense": "821500000", "interestAndDebtExpense": "None", "netIncomeFromContinuingOperations": "None", "comprehensiveIncomeNetOfTax": "None", "ebit": "2698900000", "ebitda": "3159600000", "netIncome": "1247000000"}, {"fiscalDateEnding": "2006-12-31", "reportedCurrency": "USD", "grossProfit": "5895400000", "totalRevenue": "14320200000", "costOfRevenue": "8424800000", "costofGoodsAndServicesSold": "8424800000", "operatingIncome": "2606400000", "sellingGeneralAndAdministrative": "2784300000", "researchAndDevelopment": "None", "operatingExpenses": "3289000000", "investmentIncomeNet": "None", "netInterestIncome": "None", "interestIncome": "None", "interestExpense": "565500000", "nonInterestIncome": "None", "otherNonOperatingIncome": "None", "depreciation": "None", "depreciationAndAmortization": "444900000", "incomeBeforeTax": "2132700000", "incomeTaxExpense": "652200000", "interestAndDebtExpense": "None", "netIncomeFromContinuingOperations": "None", "comprehensiveIncomeNetOfTax": "None", "ebit": "2606400000", "ebitda": "3051300000", "netIncome": "1660500000"}, {"fiscalDateEnding": "2005-12-31", "reportedCurrency": "USD", "grossProfit": "5864600000", "totalRevenue": "14536400000", "costOfRevenue": "8671800000", "costofGoodsAndServicesSold": "8671800000", "operatingIncome": "-6817900000", "sellingGeneralAndAdministrative": "2699400000", "researchAndDevelopment": "None", "operatingExpenses": "12682500000", "investmentIncomeNet": "None", "netInterestIncome": "None", "interestIncome": "None", "interestExpense": "720500000", "nonInterestIncome": "None", "otherNonOperatingIncome": "None", "depreciation": "None", "depreciationAndAmortization": "507100000", "incomeBeforeTax": "-7511700000", "incomeTaxExpense": "808100000", "interestAndDebtExpense": "None", "netIncomeFromContinuingOperations": "None", "comprehensiveIncomeNetOfTax": "None", "ebit": "-6910900000", "ebitda": "-6403800000", "netIncome": "-7089100000"}], "quarterlyReports": [{"fiscalDateEnding": "2024-12-31", "reportedCurrency": "USD", "grossProfit": "2292000000", "totalRevenue": "7984000000", "costOfRevenue": "5692000000", "costofGoodsAndServicesSold": "5692000000", "operatingIncome": "129000000", "sellingGeneralAndAdministrative": "1922000000", "researchAndDevelopment": "None", "operatingExpenses": "2163000000", "investmentIncomeNet": "None", "netInterestIncome": "-175000000", "interestIncome": "40000000", "interestExpense": "215000000", "nonInterestIncome": "None", "otherNonOperatingIncome": "None", "depreciation": "None", "depreciationAndAmortization": "95000000", "incomeBeforeTax": "-115000000", "incomeTaxExpense": "37000000", "interestAndDebtExpense": "None", "netIncomeFromContinuingOperations": "-222000000", "comprehensiveIncomeNetOfTax": "None", "ebit": "100000000", "ebitda": "195000000", "netIncome": "-224000000"}, {"fiscalDateEnding": "2024-09-30", "reportedCurrency": "USD", "grossProfit": "2389000000", "totalRevenue": "6731000000", "costOfRevenue": "4342000000", "costofGoodsAndServicesSold": "4342000000", "operatingIncome": "337000000", "sellingGeneralAndAdministrative": "1565000000", "researchAndDevelopment": "None", "operatingExpenses": "2052000000", "investmentIncomeNet": "None", "netInterestIncome": "-178000000", "interestIncome": "31000000", "interestExpense": "209000000", "nonInterestIncome": "None", "otherNonOperatingIncome": "None", "depreciation": "None", "depreciationAndAmortization": "96000000", "incomeBeforeTax": "120000000", "incomeTaxExpense": "-45000000", "interestAndDebtExpense": "None", "netIncomeFromContinuingOperations": "16000000", "comprehensiveIncomeNetOfTax": "None", "ebit": "329000000", "ebitda": "425000000", "netIncome": "165000000"}, {"fiscalDateEnding": "2024-06-30", "reportedCurrency": "USD", "grossProfit": "2345000000", "totalRevenue": "6813000000", "costOfRevenue": "4468000000", "costofGoodsAndServicesSold": "4468000000", "operatingIncome": "766000000", "sellingGeneralAndAdministrative": "1614000000", "researchAndDevelopment": "None", "operatingExpenses": "1579000000", "investmentIncomeNet": "None", "netInterestIncome": "-180000000", "interestIncome": "35000000", "interestExpense": "215000000", "nonInterestIncome": "None", "otherNonOperatingIncome": "None", "depreciation": "None", "depreciationAndAmortization": "101000000", "incomeBeforeTax": "-5547000000", "incomeTaxExpense": "-215000000", "interestAndDebtExpense": "None", "netIncomeFromContinuingOperations": "-5404000000", "comprehensiveIncomeNetOfTax": "None", "ebit": "-5332000000", "ebitda": "-5231000000", "netIncome": "-5413000000"}, {"fiscalDateEnding": "2024-03-31", "reportedCurrency": "USD", "grossProfit": "1531000000", "totalRevenue": "7685000000", "costOfRevenue": "6154000000", "costofGoodsAndServicesSold": "6154000000", "operatingIncome": "-417000000", "sellingGeneralAndAdministrative": "1696000000", "researchAndDevelopment": "None", "operatingExpenses": "1796000000", "investmentIncomeNet": "None", "netInterestIncome": "-176000000", "interestIncome": "45000000", "interestExpense": "221000000", "nonInterestIncome": "None", "otherNonOperatingIncome": "None", "depreciation": "None", "depreciationAndAmortization": "100000000", "incomeBeforeTax": "-635000000", "incomeTaxExpense": "-172000000", "interestAndDebtExpense": "None", "netIncomeFromContinuingOperations": "-553000000", "comprehensiveIncomeNetOfTax": "None", "ebit": "-414000000", "ebitda": "-314000000", "netIncome": "-554000000"}, {"fiscalDateEnding": "2023-12-31", "reportedCurrency": "USD", "grossProfit": "2385000000", "totalRevenue": "7638000000", "costOfRevenue": "5253000000", "costofGoodsAndServicesSold": "5253000000", "operatingIncome": "412000000", "sellingGeneralAndAdministrative": "2013000000", "researchAndDevelopment": "None", "operatingExpenses": "1973000000", "investmentIncomeNet": "None", "netInterestIncome": "-182000000", "interestIncome": "40000000", "interestExpense": "222000000", "nonInterestIncome": "None", "otherNonOperatingIncome": "None", "depreciation": "None", "depreciationAndAmortization": "108000000", "incomeBeforeTax": "183000000", "incomeTaxExpense": "75000000", "interestAndDebtExpense": "None", "netIncomeFromContinuingOperations": "7000000", "comprehensiveIncomeNetOfTax": "None", "ebit": "408000000", "ebitda": "516000000", "netIncome": "77000000"}, {"fiscalDateEnding": "2023-09-30", "reportedCurrency": "USD", "grossProfit": "2452000000", "totalRevenue": "7133000000", "costOfRevenue": "4681000000", "costofGoodsAndServicesSold": "4681000000", "operatingIncome": "621000000", "sellingGeneralAndAdministrative": "1774000000", "researchAndDevelopment": "None", "operatingExpenses": "1879000000", "investmentIncomeNet": "None", "netInterestIncome": "-203000000", "interestIncome": "29000000", "interestExpense": "232000000", "nonInterestIncome": "None", "otherNonOperatingIncome": "None", "depreciation": "None", "depreciationAndAmortization": "105000000", "incomeBeforeTax": "376000000", "incomeTaxExpense": "40000000", "interestAndDebtExpense": "None", "netIncomeFromContinuingOperations": "261000000", "comprehensiveIncomeNetOfTax": "None", "ebit": "573000000", "ebitda": "678000000", "netIncome": "295000000"}, {"fiscalDateEnding": "2023-06-30", "reportedCurrency": "USD", "grossProfit": "1692000000", "totalRevenue": "7616000000", "costOfRevenue": "5924000000", "costofGoodsAndServicesSold": "5924000000", "operatingIncome": "-250000000", "sellingGeneralAndAdministrative": "1821000000", "researchAndDevelopment": "None", "operatingExpenses": "1926000000", "investmentIncomeNet": "None", "netInterestIncome": "-207000000", "interestIncome": "33000000", "interestExpense": "240000000", "nonInterestIncome": "None", "otherNonOperatingIncome": "32000000", "depreciation": "None", "depreciationAndAmortization": "105000000", "incomeBeforeTax": "-349000000", "incomeTaxExpense": "-95000000", "interestAndDebtExpense": "None", "netIncomeFromContinuingOperations": "-363000000", "comprehensiveIncomeNetOfTax": "None", "ebit": "-109000000", "ebitda": "-4000000", "netIncome": "-299000000"}, {"fiscalDateEnding": "2023-03-31", "reportedCurrency": "USD", "grossProfit": "627000000", "totalRevenue": "7265000000", "costOfRevenue": "6638000000", "costofGoodsAndServicesSold": "6638000000", "operatingIncome": "-1263000000", "sellingGeneralAndAdministrative": "1790000000", "researchAndDevelopment": "None", "operatingExpenses": "1890000000", "investmentIncomeNet": "None", "netInterestIncome": "-191000000", "interestIncome": "35000000", "interestExpense": "226000000", "nonInterestIncome": "None", "otherNonOperatingIncome": "-86000000", "depreciation": "None", "depreciationAndAmortization": "100000000", "incomeBeforeTax": "-1463000000", "incomeTaxExpense": "-381000000", "interestAndDebtExpense": "None", "netIncomeFromContinuingOperations": "-1157000000", "comprehensiveIncomeNetOfTax": "None", "ebit": "-1237000000", "ebitda": "-1137000000", "netIncome": "-1082000000"}, {"fiscalDateEnding": "2022-12-31", "reportedCurrency": "USD", "grossProfit": "2648000000", "totalRevenue": "8131000000", "costOfRevenue": "5483000000", "costofGoodsAndServicesSold": "5483000000", "operatingIncome": "507000000", "sellingGeneralAndAdministrative": "2050000000", "researchAndDevelopment": "None", "operatingExpenses": "2173000000", "investmentIncomeNet": "None", "netInterestIncome": "-195000000", "interestIncome": "35000000", "interestExpense": "230000000", "nonInterestIncome": "None", "otherNonOperatingIncome": "-78000000", "depreciation": "None", "depreciationAndAmortization": "123000000", "incomeBeforeTax": "-46000000", "incomeTaxExpense": "-37000000", "interestAndDebtExpense": "None", "netIncomeFromContinuingOperations": "-89000000", "comprehensiveIncomeNetOfTax": "None", "ebit": "184000000", "ebitda": "307000000", "netIncome": "-9000000"}, {"fiscalDateEnding": "2022-09-30", "reportedCurrency": "USD", "grossProfit": "2456000000", "totalRevenue": "6916000000", "costOfRevenue": "4460000000", "costofGoodsAndServicesSold": "4460000000", "operatingIncome": "525000000", "sellingGeneralAndAdministrative": "1670000000", "researchAndDevelopment": "None", "operatingExpenses": "6391000000", "investmentIncomeNet": "None", "netInterestIncome": "-198000000", "interestIncome": "33000000", "interestExpense": "231000000", "nonInterestIncome": "None", "otherNonOperatingIncome": "-70000000", "depreciation": "None", "depreciationAndAmortization": "92000000", "incomeBeforeTax": "323000000", "incomeTaxExpense": "101000000", "interestAndDebtExpense": "None", "netIncomeFromContinuingOperations": "164000000", "comprehensiveIncomeNetOfTax": "None", "ebit": "563000000", "ebitda": "655000000", "netIncome": "231000000"}, {"fiscalDateEnding": "2022-06-30", "reportedCurrency": "USD", "grossProfit": "2673000000", "totalRevenue": "7779000000", "costOfRevenue": "5106000000", "costofGoodsAndServicesSold": "5106000000", "operatingIncome": "819000000", "sellingGeneralAndAdministrative": "1710000000", "researchAndDevelopment": "None", "operatingExpenses": "6960000000", "investmentIncomeNet": "None", "netInterestIncome": "-211000000", "interestIncome": "19000000", "interestExpense": "230000000", "nonInterestIncome": "None", "otherNonOperatingIncome": "-99000000", "depreciation": "None", "depreciationAndAmortization": "94000000", "incomeBeforeTax": "519000000", "incomeTaxExpense": "129000000", "interestAndDebtExpense": "None", "netIncomeFromContinuingOperations": "361000000", "comprehensiveIncomeNetOfTax": "None", "ebit": "778000000", "ebitda": "872000000", "netIncome": "419000000"}, {"fiscalDateEnding": "2022-03-31", "reportedCurrency": "USD", "grossProfit": "2532000000", "totalRevenue": "7328000000", "costOfRevenue": "4796000000", "costofGoodsAndServicesSold": "4796000000", "operatingIncome": "775000000", "sellingGeneralAndAdministrative": "1619000000", "researchAndDevelopment": "None", "operatingExpenses": "6586000000", "investmentIncomeNet": "None", "netInterestIncome": "-219000000", "interestIncome": "21000000", "interestExpense": "240000000", "nonInterestIncome": "None", "otherNonOperatingIncome": "-102000000", "depreciation": "None", "depreciationAndAmortization": "96000000", "incomeBeforeTax": "470000000", "incomeTaxExpense": "34000000", "interestAndDebtExpense": "None", "netIncomeFromContinuingOperations": "399000000", "comprehensiveIncomeNetOfTax": "None", "ebit": "707000000", "ebitda": "803000000", "netIncome": "433000000"}, {"fiscalDateEnding": "2021-12-31", "reportedCurrency": "USD", "grossProfit": "2548000000", "totalRevenue": "8000000000", "costOfRevenue": "5452000000", "costofGoodsAndServicesSold": "5452000000", "operatingIncome": "2664000000", "sellingGeneralAndAdministrative": "1981000000", "researchAndDevelopment": "None", "operatingExpenses": "5336000000", "investmentIncomeNet": "None", "netInterestIncome": "-225000000", "interestIncome": "16000000", "interestExpense": "241000000", "nonInterestIncome": "None", "otherNonOperatingIncome": "-17000000", "depreciation": "None", "depreciationAndAmortization": "101000000", "incomeBeforeTax": "2417000000", "incomeTaxExpense": "334000000", "interestAndDebtExpense": "None", "netIncomeFromContinuingOperations": "2072000000", "comprehensiveIncomeNetOfTax": "None", "ebit": "2633000000", "ebitda": "2734000000", "netIncome": "2058000000"}, {"fiscalDateEnding": "2021-09-30", "reportedCurrency": "USD", "grossProfit": "2546000000", "totalRevenue": "6610000000", "costOfRevenue": "4064000000", "costofGoodsAndServicesSold": "4064000000", "operatingIncome": "879000000", "sellingGeneralAndAdministrative": "1526000000", "researchAndDevelopment": "None", "operatingExpenses": "5731000000", "investmentIncomeNet": "None", "netInterestIncome": "-232000000", "interestIncome": "11000000", "interestExpense": "243000000", "nonInterestIncome": "None", "otherNonOperatingIncome": "-38000000", "depreciation": "None", "depreciationAndAmortization": "95000000", "incomeBeforeTax": "616000000", "incomeTaxExpense": "120000000", "interestAndDebtExpense": "None", "netIncomeFromContinuingOperations": "478000000", "comprehensiveIncomeNetOfTax": "None", "ebit": "901000000", "ebitda": "996000000", "netIncome": "538000000"}, {"fiscalDateEnding": "2021-06-30", "reportedCurrency": "USD", "grossProfit": "2699000000", "totalRevenue": "6564000000", "costOfRevenue": "3865000000", "costofGoodsAndServicesSold": "3865000000", "operatingIncome": "1226000000", "sellingGeneralAndAdministrative": "1469000000", "researchAndDevelopment": "None", "operatingExpenses": "5454000000", "investmentIncomeNet": "None", "netInterestIncome": "-230000000", "interestIncome": "13000000", "interestExpense": "243000000", "nonInterestIncome": "None", "otherNonOperatingIncome": "-9000000", "depreciation": "None", "depreciationAndAmortization": "95000000", "incomeBeforeTax": "1018000000", "incomeTaxExpense": "-34000000", "interestAndDebtExpense": "None", "netIncomeFromContinuingOperations": "1008000000", "comprehensiveIncomeNetOfTax": "None", "ebit": "1245000000", "ebitda": "1340000000", "netIncome": "1036000000"}, {"fiscalDateEnding": "2021-03-31", "reportedCurrency": "USD", "grossProfit": "3049000000", "totalRevenue": "7412000000", "costOfRevenue": "4363000000", "costofGoodsAndServicesSold": "4363000000", "operatingIncome": "1528000000", "sellingGeneralAndAdministrative": "1422000000", "researchAndDevelopment": "None", "operatingExpenses": "5884000000", "investmentIncomeNet": "None", "netInterestIncome": "-246000000", "interestIncome": "13000000", "interestExpense": "259000000", "nonInterestIncome": "None", "otherNonOperatingIncome": "-132000000", "depreciation": "None", "depreciationAndAmortization": "99000000", "incomeBeforeTax": "1155000000", "incomeTaxExpense": "226000000", "interestAndDebtExpense": "None", "netIncomeFromContinuingOperations": "911000000", "comprehensiveIncomeNetOfTax": "None", "ebit": "1396000000", "ebitda": "1495000000", "netIncome": "911000000"}, {"fiscalDateEnding": "2020-12-31", "reportedCurrency": "USD", "grossProfit": "2417000000", "totalRevenue": "6225000000", "costOfRevenue": "3808000000", "costofGoodsAndServicesSold": "3808000000", "operatingIncome": "977000000", "sellingGeneralAndAdministrative": "1399000000", "researchAndDevelopment": "None", "operatingExpenses": "1280000000", "investmentIncomeNet": "None", "netInterestIncome": "-247000000", "interestIncome": "21000000", "interestExpense": "268000000", "nonInterestIncome": "None", "otherNonOperatingIncome": "175000000", "depreciation": "None", "depreciationAndAmortization": "95000000", "incomeBeforeTax": "882000000", "incomeTaxExpense": "158000000", "interestAndDebtExpense": "None", "netIncomeFromContinuingOperations": "726000000", "comprehensiveIncomeNetOfTax": "None", "ebit": "1187000000", "ebitda": "1282000000", "netIncome": "810000000"}, {"fiscalDateEnding": "2020-09-30", "reportedCurrency": "USD", "grossProfit": "2482000000", "totalRevenue": "6116000000", "costOfRevenue": "3634000000", "costofGoodsAndServicesSold": "3634000000", "operatingIncome": "959000000", "sellingGeneralAndAdministrative": "1391000000", "researchAndDevelopment": "None", "operatingExpenses": "1489000000", "investmentIncomeNet": "None", "netInterestIncome": "-245000000", "interestIncome": "14000000", "interestExpense": "259000000", "nonInterestIncome": "None", "otherNonOperatingIncome": "-38000000", "depreciation": "None", "depreciationAndAmortization": "97000000", "incomeBeforeTax": "671000000", "incomeTaxExpense": "38000000", "interestAndDebtExpense": "None", "netIncomeFromContinuingOperations": "624000000", "comprehensiveIncomeNetOfTax": "None", "ebit": "936000000", "ebitda": "1033000000", "netIncome": "615000000"}, {"fiscalDateEnding": "2020-06-30", "reportedCurrency": "USD", "grossProfit": "2790000000", "totalRevenue": "6275000000", "costOfRevenue": "3485000000", "costofGoodsAndServicesSold": "3485000000", "operatingIncome": "1286000000", "sellingGeneralAndAdministrative": "1200000000", "researchAndDevelopment": "None", "operatingExpenses": "1346000000", "investmentIncomeNet": "None", "netInterestIncome": "-252000000", "interestIncome": "11000000", "interestExpense": "263000000", "nonInterestIncome": "None", "otherNonOperatingIncome": "-98000000", "depreciation": "None", "depreciationAndAmortization": "122000000", "incomeBeforeTax": "937000000", "incomeTaxExpense": "202000000", "interestAndDebtExpense": "None", "netIncomeFromContinuingOperations": "723000000", "comprehensiveIncomeNetOfTax": "None", "ebit": "1202000000", "ebitda": "1324000000", "netIncome": "481000000"}, {"fiscalDateEnding": "2020-03-31", "reportedCurrency": "USD", "grossProfit": "2604000000", "totalRevenue": "6669000000", "costOfRevenue": "4065000000", "costofGoodsAndServicesSold": "4065000000", "operatingIncome": "923000000", "sellingGeneralAndAdministrative": "1315000000", "researchAndDevelopment": "None", "operatingExpenses": "1454000000", "investmentIncomeNet": "None", "netInterestIncome": "-227000000", "interestIncome": "14000000", "interestExpense": "241000000", "nonInterestIncome": "None", "otherNonOperatingIncome": "-28000000", "depreciation": "None", "depreciationAndAmortization": "112000000", "incomeBeforeTax": "657000000", "incomeTaxExpense": "137000000", "interestAndDebtExpense": "None", "netIncomeFromContinuingOperations": "511000000", "comprehensiveIncomeNetOfTax": "None", "ebit": "1132000000", "ebitda": "1244000000", "netIncome": "516000000"}, {"fiscalDateEnding": "2019-12-31", "reportedCurrency": "USD", "grossProfit": "6653000000", "totalRevenue": "16541000000", "costOfRevenue": "9888000000", "costofGoodsAndServicesSold": "9888000000", "operatingIncome": "1849000000", "sellingGeneralAndAdministrative": "3945000000", "researchAndDevelopment": "None", "operatingExpenses": "4230000000", "investmentIncomeNet": "None", "netInterestIncome": "-588000000", "interestIncome": "28000000", "interestExpense": "616000000", "nonInterestIncome": "None", "otherNonOperatingIncome": "None", "depreciation": "None", "depreciationAndAmortization": "285000000", "incomeBeforeTax": "1295000000", "incomeTaxExpense": "335000000", "interestAndDebtExpense": "None", "netIncomeFromContinuingOperations": "959000000", "comprehensiveIncomeNetOfTax": "None", "ebit": "1911000000", "ebitda": "2196000000", "netIncome": "966000000"}, {"fiscalDateEnding": "2019-09-30", "reportedCurrency": "USD", "grossProfit": "1217000000", "totalRevenue": "3295000000", "costOfRevenue": "2078000000", "costofGoodsAndServicesSold": "2078000000", "operatingIncome": "501000000", "sellingGeneralAndAdministrative": "584000000", "researchAndDevelopment": "None", "operatingExpenses": "636000000", "investmentIncomeNet": "None", "netInterestIncome": "-102000000", "interestIncome": "12000000", "interestExpense": "114000000", "nonInterestIncome": "None", "otherNonOperatingIncome": "-35000000", "depreciation": "None", "depreciationAndAmortization": "108000000", "incomeBeforeTax": "375000000", "incomeTaxExpense": "33000000", "interestAndDebtExpense": "None", "netIncomeFromContinuingOperations": "342000000", "comprehensiveIncomeNetOfTax": "None", "ebit": "1131000000", "ebitda": "1239000000", "netIncome": "319000000"}, {"fiscalDateEnding": "2019-06-30", "reportedCurrency": "USD", "grossProfit": "1300000000", "totalRevenue": "3809000000", "costOfRevenue": "2509000000", "costofGoodsAndServicesSold": "2509000000", "operatingIncome": "695000000", "sellingGeneralAndAdministrative": "545000000", "researchAndDevelopment": "None", "operatingExpenses": "598000000", "investmentIncomeNet": "None", "netInterestIncome": "-103000000", "interestIncome": "12000000", "interestExpense": "115000000", "nonInterestIncome": "None", "otherNonOperatingIncome": "-21000000", "depreciation": "None", "depreciationAndAmortization": "109000000", "incomeBeforeTax": "571000000", "incomeTaxExpense": "119000000", "interestAndDebtExpense": "None", "netIncomeFromContinuingOperations": "452000000", "comprehensiveIncomeNetOfTax": "None", "ebit": "1427000000", "ebitda": "1536000000", "netIncome": "440000000"}, {"fiscalDateEnding": "2019-03-31", "reportedCurrency": "USD", "grossProfit": "1419000000", "totalRevenue": "4167000000", "costOfRevenue": "2748000000", "costofGoodsAndServicesSold": "2748000000", "operatingIncome": "1228000000", "sellingGeneralAndAdministrative": "573000000", "researchAndDevelopment": "None", "operatingExpenses": "626000000", "investmentIncomeNet": "None", "netInterestIncome": "-103000000", "interestIncome": "191000000", "interestExpense": "117000000", "nonInterestIncome": "None", "otherNonOperatingIncome": "-24000000", "depreciation": "None", "depreciationAndAmortization": "106000000", "incomeBeforeTax": "1104000000", "incomeTaxExpense": "-496000000", "interestAndDebtExpense": "None", "netIncomeFromContinuingOperations": "1600000000", "comprehensiveIncomeNetOfTax": "None", "ebit": "1357000000", "ebitda": "1463000000", "netIncome": "1959000000"}, {"fiscalDateEnding": "2018-12-31", "reportedCurrency": "USD", "grossProfit": "1419000000", "totalRevenue": "4024000000", "costOfRevenue": "2605000000", "costofGoodsAndServicesSold": "2605000000", "operatingIncome": "647000000", "sellingGeneralAndAdministrative": "612000000", "researchAndDevelopment": "None", "operatingExpenses": "667000000", "investmentIncomeNet": "None", "netInterestIncome": "None", "interestIncome": "None", "interestExpense": "118000000", "nonInterestIncome": "None", "otherNonOperatingIncome": "None", "depreciation": "None", "depreciationAndAmortization": "55000000", "incomeBeforeTax": "526000000", "incomeTaxExpense": "-39000000", "interestAndDebtExpense": "None", "netIncomeFromContinuingOperations": "561000000", "comprehensiveIncomeNetOfTax": "None", "ebit": "644000000", "ebitda": "699000000", "netIncome": "561000000"}, {"fiscalDateEnding": "2018-09-30", "reportedCurrency": "USD", "grossProfit": "1341000000", "totalRevenue": "3263000000", "costOfRevenue": "1922000000", "costofGoodsAndServicesSold": "1922000000", "operatingIncome": "690000000", "sellingGeneralAndAdministrative": "549000000", "researchAndDevelopment": "None", "operatingExpenses": "605000000", "investmentIncomeNet": "None", "netInterestIncome": "None", "interestIncome": "None", "interestExpense": "115000000", "nonInterestIncome": "None", "otherNonOperatingIncome": "-23000000", "depreciation": "None", "depreciationAndAmortization": "56000000", "incomeBeforeTax": "570000000", "incomeTaxExpense": "64000000", "interestAndDebtExpense": "None", "netIncomeFromContinuingOperations": "506000000", "comprehensiveIncomeNetOfTax": "None", "ebit": "720000000", "ebitda": "776000000", "netIncome": "488000000"}, {"fiscalDateEnding": "2018-06-30", "reportedCurrency": "USD", "grossProfit": "1282000000", "totalRevenue": "3466000000", "costOfRevenue": "2184000000", "costofGoodsAndServicesSold": "2184000000", "operatingIncome": "659000000", "sellingGeneralAndAdministrative": "532000000", "researchAndDevelopment": "None", "operatingExpenses": "588000000", "investmentIncomeNet": "None", "netInterestIncome": "None", "interestIncome": "None", "interestExpense": "116000000", "nonInterestIncome": "None", "otherNonOperatingIncome": "-30000000", "depreciation": "None", "depreciationAndAmortization": "56000000", "incomeBeforeTax": "533000000", "incomeTaxExpense": "113000000", "interestAndDebtExpense": "None", "netIncomeFromContinuingOperations": "420000000", "comprehensiveIncomeNetOfTax": "None", "ebit": "678000000", "ebitda": "734000000", "netIncome": "400000000"}, {"fiscalDateEnding": "2018-03-31", "reportedCurrency": "USD", "grossProfit": "1361000000", "totalRevenue": "3761000000", "costOfRevenue": "2400000000", "costofGoodsAndServicesSold": "2400000000", "operatingIncome": "772000000", "sellingGeneralAndAdministrative": "524000000", "researchAndDevelopment": "None", "operatingExpenses": "580000000", "investmentIncomeNet": "None", "netInterestIncome": "None", "interestIncome": "None", "interestExpense": "118000000", "nonInterestIncome": "None", "otherNonOperatingIncome": "-8000000", "depreciation": "None", "depreciationAndAmortization": "56000000", "incomeBeforeTax": "660000000", "incomeTaxExpense": "135000000", "interestAndDebtExpense": "None", "netIncomeFromContinuingOperations": "525000000", "comprehensiveIncomeNetOfTax": "None", "ebit": "778000000", "ebitda": "834000000", "netIncome": "511000000"}, {"fiscalDateEnding": "2017-12-31", "reportedCurrency": "USD", "grossProfit": "1423000000", "totalRevenue": "3921000000", "costOfRevenue": "2498000000", "costofGoodsAndServicesSold": "2498000000", "operatingIncome": "343000000", "sellingGeneralAndAdministrative": "979000000", "researchAndDevelopment": "None", "operatingExpenses": "1017000000", "investmentIncomeNet": "None", "netInterestIncome": "None", "interestIncome": "None", "interestExpense": "121000000", "nonInterestIncome": "None", "otherNonOperatingIncome": "-28000000", "depreciation": "None", "depreciationAndAmortization": "57000000", "incomeBeforeTax": "186000000", "incomeTaxExpense": "154000000", "interestAndDebtExpense": "None", "netIncomeFromContinuingOperations": "32000000", "comprehensiveIncomeNetOfTax": "None", "ebit": "307000000", "ebitda": "364000000", "netIncome": "-41000000"}, {"fiscalDateEnding": "2017-09-30", "reportedCurrency": "USD", "grossProfit": "1309000000", "totalRevenue": "3171000000", "costOfRevenue": "1862000000", "costofGoodsAndServicesSold": "1862000000", "operatingIncome": "707000000", "sellingGeneralAndAdministrative": "547000000", "researchAndDevelopment": "None", "operatingExpenses": "602000000", "investmentIncomeNet": "None", "netInterestIncome": "None", "interestIncome": "None", "interestExpense": "116000000", "nonInterestIncome": "None", "otherNonOperatingIncome": "-1000000", "depreciation": "None", "depreciationAndAmortization": "55000000", "incomeBeforeTax": "606000000", "incomeTaxExpense": "172000000", "interestAndDebtExpense": "None", "netIncomeFromContinuingOperations": "434000000", "comprehensiveIncomeNetOfTax": "None", "ebit": "707000000", "ebitda": "762000000", "netIncome": "592000000"}, {"fiscalDateEnding": "2017-06-30", "reportedCurrency": "USD", "grossProfit": "1253000000", "totalRevenue": "3257000000", "costOfRevenue": "2004000000", "costofGoodsAndServicesSold": "2004000000", "operatingIncome": "669000000", "sellingGeneralAndAdministrative": "528000000", "researchAndDevelopment": "None", "operatingExpenses": "584000000", "investmentIncomeNet": "None", "netInterestIncome": "None", "interestIncome": "None", "interestExpense": "111000000", "nonInterestIncome": "None", "otherNonOperatingIncome": "8000000", "depreciation": "None", "depreciationAndAmortization": "56000000", "incomeBeforeTax": "578000000", "incomeTaxExpense": "169000000", "interestAndDebtExpense": "None", "netIncomeFromContinuingOperations": "409000000", "comprehensiveIncomeNetOfTax": "None", "ebit": "689000000", "ebitda": "745000000", "netIncome": "58000000"}, {"fiscalDateEnding": "2017-03-31", "reportedCurrency": "USD", "grossProfit": "1269000000", "totalRevenue": "3343000000", "costOfRevenue": "2074000000", "costofGoodsAndServicesSold": "2074000000", "operatingIncome": "704000000", "sellingGeneralAndAdministrative": "510000000", "researchAndDevelopment": "None", "operatingExpenses": "565000000", "investmentIncomeNet": "None", "netInterestIncome": "None", "interestIncome": "None", "interestExpense": "109000000", "nonInterestIncome": "None", "otherNonOperatingIncome": "-3000000", "depreciation": "None", "depreciationAndAmortization": "55000000", "incomeBeforeTax": "609000000", "incomeTaxExpense": "138000000", "interestAndDebtExpense": "None", "netIncomeFromContinuingOperations": "471000000", "comprehensiveIncomeNetOfTax": "None", "ebit": "718000000", "ebitda": "773000000", "netIncome": "-252000000"}, {"fiscalDateEnding": "2016-12-31", "reportedCurrency": "USD", "grossProfit": "1676000000", "totalRevenue": "3518000000", "costOfRevenue": "1842000000", "costofGoodsAndServicesSold": "1842000000", "operatingIncome": "484000000", "sellingGeneralAndAdministrative": "448000000", "researchAndDevelopment": "None", "operatingExpenses": "485000000", "investmentIncomeNet": "None", "netInterestIncome": "None", "interestIncome": "None", "interestExpense": "107000000", "nonInterestIncome": "None", "otherNonOperatingIncome": "-17000000", "depreciation": "None", "depreciationAndAmortization": "37000000", "incomeBeforeTax": "382000000", "incomeTaxExpense": "104000000", "interestAndDebtExpense": "None", "netIncomeFromContinuingOperations": "-203000000", "comprehensiveIncomeNetOfTax": "None", "ebit": "272000000", "ebitda": "309000000", "netIncome": "-113000000"}, {"fiscalDateEnding": "2016-09-30", "reportedCurrency": "USD", "grossProfit": "1499000000", "totalRevenue": "3396000000", "costOfRevenue": "1897000000", "costofGoodsAndServicesSold": "1897000000", "operatingIncome": "798000000", "sellingGeneralAndAdministrative": "640000000", "researchAndDevelopment": "None", "operatingExpenses": "701000000", "investmentIncomeNet": "None", "netInterestIncome": "None", "interestIncome": "None", "interestExpense": "104000000", "nonInterestIncome": "None", "otherNonOperatingIncome": "9000000", "depreciation": "None", "depreciationAndAmortization": "61000000", "incomeBeforeTax": "703000000", "incomeTaxExpense": "176000000", "interestAndDebtExpense": "None", "netIncomeFromContinuingOperations": "879000000", "comprehensiveIncomeNetOfTax": "None", "ebit": "807000000", "ebitda": "868000000", "netIncome": "478000000"}, {"fiscalDateEnding": "2016-06-30", "reportedCurrency": "USD", "grossProfit": "1426000000", "totalRevenue": "3287000000", "costOfRevenue": "1861000000", "costofGoodsAndServicesSold": "1861000000", "operatingIncome": "733000000", "sellingGeneralAndAdministrative": "630000000", "researchAndDevelopment": "None", "operatingExpenses": "693000000", "investmentIncomeNet": "None", "netInterestIncome": "None", "interestIncome": "None", "interestExpense": "100000000", "nonInterestIncome": "None", "otherNonOperatingIncome": "-5000000", "depreciation": "None", "depreciationAndAmortization": "63000000", "incomeBeforeTax": "637000000", "incomeTaxExpense": "205000000", "interestAndDebtExpense": "None", "netIncomeFromContinuingOperations": "432000000", "comprehensiveIncomeNetOfTax": "None", "ebit": "645000000", "ebitda": "708000000", "netIncome": "423000000"}, {"fiscalDateEnding": "2016-03-31", "reportedCurrency": "USD", "grossProfit": "1493000000", "totalRevenue": "3849000000", "costOfRevenue": "2356000000", "costofGoodsAndServicesSold": "2356000000", "operatingIncome": "821000000", "sellingGeneralAndAdministrative": "617000000", "researchAndDevelopment": "None", "operatingExpenses": "672000000", "investmentIncomeNet": "None", "netInterestIncome": "None", "interestIncome": "None", "interestExpense": "100000000", "nonInterestIncome": "None", "otherNonOperatingIncome": "-17000000", "depreciation": "None", "depreciationAndAmortization": "64000000", "incomeBeforeTax": "725000000", "incomeTaxExpense": "231000000", "interestAndDebtExpense": "None", "netIncomeFromContinuingOperations": "494000000", "comprehensiveIncomeNetOfTax": "None", "ebit": "758000000", "ebitda": "822000000", "netIncome": "473000000"}, {"fiscalDateEnding": "2015-12-31", "reportedCurrency": "USD", "grossProfit": "1477000000", "totalRevenue": "3910000000", "costOfRevenue": "2433000000", "costofGoodsAndServicesSold": "2433000000", "operatingIncome": "357000000", "sellingGeneralAndAdministrative": "665000000", "researchAndDevelopment": "None", "operatingExpenses": "730000000", "investmentIncomeNet": "None", "netInterestIncome": "None", "interestIncome": "None", "interestExpense": "103000000", "nonInterestIncome": "None", "otherNonOperatingIncome": "None", "depreciation": "None", "depreciationAndAmortization": "65000000", "incomeBeforeTax": "257000000", "incomeTaxExpense": "8000000", "interestAndDebtExpense": "None", "netIncomeFromContinuingOperations": "None", "comprehensiveIncomeNetOfTax": "None", "ebit": "360000000", "ebitda": "425000000", "netIncome": "261000000"}, {"fiscalDateEnding": "2015-09-30", "reportedCurrency": "USD", "grossProfit": "1415000000", "totalRevenue": "3257000000", "costOfRevenue": "1842000000", "costofGoodsAndServicesSold": "1842000000", "operatingIncome": "753000000", "sellingGeneralAndAdministrative": "597000000", "researchAndDevelopment": "None", "operatingExpenses": "662000000", "investmentIncomeNet": "None", "netInterestIncome": "None", "interestIncome": "None", "interestExpense": "102000000", "nonInterestIncome": "None", "otherNonOperatingIncome": "None", "depreciation": "None", "depreciationAndAmortization": "65000000", "incomeBeforeTax": "653000000", "incomeTaxExpense": "211000000", "interestAndDebtExpense": "None", "netIncomeFromContinuingOperations": "None", "comprehensiveIncomeNetOfTax": "None", "ebit": "753000000", "ebitda": "818000000", "netIncome": "426000000"}, {"fiscalDateEnding": "2015-06-30", "reportedCurrency": "USD", "grossProfit": "1312000000", "totalRevenue": "3219000000", "costOfRevenue": "1907000000", "costofGoodsAndServicesSold": "1907000000", "operatingIncome": "586000000", "sellingGeneralAndAdministrative": "605000000", "researchAndDevelopment": "None", "operatingExpenses": "671000000", "investmentIncomeNet": "None", "netInterestIncome": "None", "interestIncome": "None", "interestExpense": "94000000", "nonInterestIncome": "None", "otherNonOperatingIncome": "5000000", "depreciation": "None", "depreciationAndAmortization": "66000000", "incomeBeforeTax": "503000000", "incomeTaxExpense": "165000000", "interestAndDebtExpense": "None", "netIncomeFromContinuingOperations": "338000000", "comprehensiveIncomeNetOfTax": "None", "ebit": "641000000", "ebitda": "707000000", "netIncome": "332000000"}, {"fiscalDateEnding": "2015-03-31", "reportedCurrency": "USD", "grossProfit": "1358000000", "totalRevenue": "3500000000", "costOfRevenue": "2142000000", "costofGoodsAndServicesSold": "2142000000", "operatingIncome": "702000000", "sellingGeneralAndAdministrative": "588000000", "researchAndDevelopment": "None", "operatingExpenses": "656000000", "investmentIncomeNet": "None", "netInterestIncome": "None", "interestIncome": "None", "interestExpense": "93000000", "nonInterestIncome": "None", "otherNonOperatingIncome": "-12000000", "depreciation": "None", "depreciationAndAmortization": "68000000", "incomeBeforeTax": "610000000", "incomeTaxExpense": "203000000", "interestAndDebtExpense": "None", "netIncomeFromContinuingOperations": "407000000", "comprehensiveIncomeNetOfTax": "None", "ebit": "702000000", "ebitda": "770000000", "netIncome": "394000000"}, {"fiscalDateEnding": "2014-12-31", "reportedCurrency": "USD", "grossProfit": "1447000000", "totalRevenue": "3681000000", "costOfRevenue": "2234000000", "costofGoodsAndServicesSold": "2234000000", "operatingIncome": "707000000", "sellingGeneralAndAdministrative": "669000000", "researchAndDevelopment": "None", "operatingExpenses": "740000000", "investmentIncomeNet": "None", "netInterestIncome": "None", "interestIncome": "None", "interestExpense": "87000000", "nonInterestIncome": "None", "otherNonOperatingIncome": "None", "depreciation": "None", "depreciationAndAmortization": "71000000", "incomeBeforeTax": "603000000", "incomeTaxExpense": "201000000", "interestAndDebtExpense": "None", "netIncomeFromContinuingOperations": "None", "comprehensiveIncomeNetOfTax": "None", "ebit": "707000000", "ebitda": "778000000", "netIncome": "413000000"}, {"fiscalDateEnding": "2014-09-30", "reportedCurrency": "USD", "grossProfit": "1431000000", "totalRevenue": "3367000000", "costOfRevenue": "1936000000", "costofGoodsAndServicesSold": "1936000000", "operatingIncome": "668000000", "sellingGeneralAndAdministrative": "617000000", "researchAndDevelopment": "None", "operatingExpenses": "685000000", "investmentIncomeNet": "None", "netInterestIncome": "None", "interestIncome": "None", "interestExpense": "89000000", "nonInterestIncome": "None", "otherNonOperatingIncome": "-397000000", "depreciation": "None", "depreciationAndAmortization": "68000000", "incomeBeforeTax": "210000000", "incomeTaxExpense": "110000000", "interestAndDebtExpense": "None", "netIncomeFromContinuingOperations": "100000000", "comprehensiveIncomeNetOfTax": "None", "ebit": "746000000", "ebitda": "814000000", "netIncome": "1639000000"}, {"fiscalDateEnding": "2014-06-30", "reportedCurrency": "USD", "grossProfit": "1390000000", "totalRevenue": "3188000000", "costOfRevenue": "1798000000", "costofGoodsAndServicesSold": "1798000000", "operatingIncome": "730000000", "sellingGeneralAndAdministrative": "589000000", "researchAndDevelopment": "None", "operatingExpenses": "660000000", "investmentIncomeNet": "None", "netInterestIncome": "None", "interestIncome": "None", "interestExpense": "94000000", "nonInterestIncome": "None", "otherNonOperatingIncome": "-1000000", "depreciation": "None", "depreciationAndAmortization": "30000000", "incomeBeforeTax": "645000000", "incomeTaxExpense": "217000000", "interestAndDebtExpense": "None", "netIncomeFromContinuingOperations": "428000000", "comprehensiveIncomeNetOfTax": "None", "ebit": "771000000", "ebitda": "801000000", "netIncome": "439000000"}, {"fiscalDateEnding": "2014-03-31", "reportedCurrency": "USD", "grossProfit": "1572000000", "totalRevenue": "3856000000", "costOfRevenue": "2284000000", "costofGoodsAndServicesSold": "2284000000", "operatingIncome": "818000000", "sellingGeneralAndAdministrative": "642000000", "researchAndDevelopment": "None", "operatingExpenses": "754000000", "investmentIncomeNet": "None", "netInterestIncome": "None", "interestIncome": "None", "interestExpense": "106000000", "nonInterestIncome": "None", "otherNonOperatingIncome": "-2000000", "depreciation": "None", "depreciationAndAmortization": "112000000", "incomeBeforeTax": "720000000", "incomeTaxExpense": "242000000", "interestAndDebtExpense": "None", "netIncomeFromContinuingOperations": "468000000", "comprehensiveIncomeNetOfTax": "None", "ebit": "750000000", "ebitda": "862000000", "netIncome": "468000000"}, {"fiscalDateEnding": "2013-12-31", "reportedCurrency": "USD", "grossProfit": "1608000000", "totalRevenue": "3911000000", "costOfRevenue": "2303000000", "costofGoodsAndServicesSold": "2303000000", "operatingIncome": "793000000", "sellingGeneralAndAdministrative": "681000000", "researchAndDevelopment": "None", "operatingExpenses": "795000000", "investmentIncomeNet": "None", "netInterestIncome": "None", "interestIncome": "None", "interestExpense": "95000000", "nonInterestIncome": "None", "otherNonOperatingIncome": "None", "depreciation": "None", "depreciationAndAmortization": "114000000", "incomeBeforeTax": "708000000", "incomeTaxExpense": "234000000", "interestAndDebtExpense": "None", "netIncomeFromContinuingOperations": "None", "comprehensiveIncomeNetOfTax": "None", "ebit": "803000000", "ebitda": "917000000", "netIncome": "470000000"}, {"fiscalDateEnding": "2013-09-30", "reportedCurrency": "USD", "grossProfit": "1662000000", "totalRevenue": "3634000000", "costOfRevenue": "1972000000", "costofGoodsAndServicesSold": "1972000000", "operatingIncome": "828000000", "sellingGeneralAndAdministrative": "721000000", "researchAndDevelopment": "None", "operatingExpenses": "834000000", "investmentIncomeNet": "None", "netInterestIncome": "None", "interestIncome": "None", "interestExpense": "93000000", "nonInterestIncome": "None", "otherNonOperatingIncome": "-12000000", "depreciation": "None", "depreciationAndAmortization": "113000000", "incomeBeforeTax": "744000000", "incomeTaxExpense": "254000000", "interestAndDebtExpense": "None", "netIncomeFromContinuingOperations": "469000000", "comprehensiveIncomeNetOfTax": "None", "ebit": "721000000", "ebitda": "834000000", "netIncome": "494000000"}, {"fiscalDateEnding": "2013-06-30", "reportedCurrency": "USD", "grossProfit": "1635000000", "totalRevenue": "3699000000", "costOfRevenue": "2064000000", "costofGoodsAndServicesSold": "2064000000", "operatingIncome": "838000000", "sellingGeneralAndAdministrative": "683000000", "researchAndDevelopment": "None", "operatingExpenses": "797000000", "investmentIncomeNet": "None", "netInterestIncome": "None", "interestIncome": "None", "interestExpense": "93000000", "nonInterestIncome": "None", "otherNonOperatingIncome": "-13000000", "depreciation": "None", "depreciationAndAmortization": "114000000", "incomeBeforeTax": "740000000", "incomeTaxExpense": "256000000", "interestAndDebtExpense": "None", "netIncomeFromContinuingOperations": "476000000", "comprehensiveIncomeNetOfTax": "None", "ebit": "647000000", "ebitda": "761000000", "netIncome": "472000000"}, {"fiscalDateEnding": "2013-03-31", "reportedCurrency": "USD", "grossProfit": "1566000000", "totalRevenue": "4040000000", "costOfRevenue": "2474000000", "costofGoodsAndServicesSold": "2474000000", "operatingIncome": "800000000", "sellingGeneralAndAdministrative": "650000000", "researchAndDevelopment": "None", "operatingExpenses": "766000000", "investmentIncomeNet": "None", "netInterestIncome": "None", "interestIncome": "None", "interestExpense": "95000000", "nonInterestIncome": "None", "otherNonOperatingIncome": "None", "depreciation": "None", "depreciationAndAmortization": "116000000", "incomeBeforeTax": "705000000", "incomeTaxExpense": "234000000", "interestAndDebtExpense": "None", "netIncomeFromContinuingOperations": "None", "comprehensiveIncomeNetOfTax": "None", "ebit": "800000000", "ebitda": "916000000", "netIncome": "443000000"}, {"fiscalDateEnding": "2012-12-31", "reportedCurrency": "USD", "grossProfit": "1910000000", "totalRevenue": "3698000000", "costOfRevenue": "1788000000", "costofGoodsAndServicesSold": "1788000000", "operatingIncome": "726000000", "sellingGeneralAndAdministrative": "578000000", "researchAndDevelopment": "None", "operatingExpenses": "663000000", "investmentIncomeNet": "None", "netInterestIncome": "None", "interestIncome": "None", "interestExpense": "94000000", "nonInterestIncome": "None", "otherNonOperatingIncome": "None", "depreciation": "None", "depreciationAndAmortization": "85000000", "incomeBeforeTax": "635000000", "incomeTaxExpense": "227000000", "interestAndDebtExpense": "None", "netIncomeFromContinuingOperations": "None", "comprehensiveIncomeNetOfTax": "None", "ebit": "796000000", "ebitda": "881000000", "netIncome": "393000000"}, {"fiscalDateEnding": "2012-09-30", "reportedCurrency": "USD", "grossProfit": "1577000000", "totalRevenue": "3418000000", "costOfRevenue": "1841000000", "costofGoodsAndServicesSold": "1841000000", "operatingIncome": "771000000", "sellingGeneralAndAdministrative": "645000000", "researchAndDevelopment": "None", "operatingExpenses": "806000000", "investmentIncomeNet": "None", "netInterestIncome": "None", "interestIncome": "None", "interestExpense": "95000000", "nonInterestIncome": "None", "otherNonOperatingIncome": "-66000000", "depreciation": "None", "depreciationAndAmortization": "127000000", "incomeBeforeTax": "624000000", "incomeTaxExpense": "219000000", "interestAndDebtExpense": "None", "netIncomeFromContinuingOperations": "405000000", "comprehensiveIncomeNetOfTax": "None", "ebit": "718000000", "ebitda": "845000000", "netIncome": "391000000"}, {"fiscalDateEnding": "2012-06-30", "reportedCurrency": "USD", "grossProfit": "1599000000", "totalRevenue": "3476000000", "costOfRevenue": "1877000000", "costofGoodsAndServicesSold": "1877000000", "operatingIncome": "769000000", "sellingGeneralAndAdministrative": "665000000", "researchAndDevelopment": "None", "operatingExpenses": "830000000", "investmentIncomeNet": "None", "netInterestIncome": "None", "interestIncome": "None", "interestExpense": "104000000", "nonInterestIncome": "None", "otherNonOperatingIncome": "-13000000", "depreciation": "None", "depreciationAndAmortization": "132000000", "incomeBeforeTax": "663000000", "incomeTaxExpense": "225000000", "interestAndDebtExpense": "None", "netIncomeFromContinuingOperations": "438000000", "comprehensiveIncomeNetOfTax": "None", "ebit": "770000000", "ebitda": "902000000", "netIncome": "427000000"}, {"fiscalDateEnding": "2012-03-31", "reportedCurrency": "USD", "grossProfit": "1463000000", "totalRevenue": "3924000000", "costOfRevenue": "2461000000", "costofGoodsAndServicesSold": "2461000000", "operatingIncome": "642000000", "sellingGeneralAndAdministrative": "642000000", "researchAndDevelopment": "None", "operatingExpenses": "810000000", "investmentIncomeNet": "None", "netInterestIncome": "None", "interestIncome": "None", "interestExpense": "110000000", "nonInterestIncome": "None", "otherNonOperatingIncome": "34000000", "depreciation": "None", "depreciationAndAmortization": "131000000", "incomeBeforeTax": "571000000", "incomeTaxExpense": "203000000", "interestAndDebtExpense": "None", "netIncomeFromContinuingOperations": "368000000", "comprehensiveIncomeNetOfTax": "None", "ebit": "655000000", "ebitda": "786000000", "netIncome": "363000000"}, {"fiscalDateEnding": "2011-12-31", "reportedCurrency": "USD", "grossProfit": "1533000000", "totalRevenue": "3784000000", "costOfRevenue": "2251000000", "costofGoodsAndServicesSold": "2251000000", "operatingIncome": "655000000", "sellingGeneralAndAdministrative": "696000000", "researchAndDevelopment": "None", "operatingExpenses": "832000000", "investmentIncomeNet": "None", "netInterestIncome": "None", "interestIncome": "None", "interestExpense": "106000000", "nonInterestIncome": "None", "otherNonOperatingIncome": "-7000000", "depreciation": "None", "depreciationAndAmortization": "136000000", "incomeBeforeTax": "541000000", "incomeTaxExpense": "186000000", "interestAndDebtExpense": "None", "netIncomeFromContinuingOperations": "318000000", "comprehensiveIncomeNetOfTax": "None", "ebit": "647000000", "ebitda": "783000000", "netIncome": "370000000"}, {"fiscalDateEnding": "2011-09-30", "reportedCurrency": "USD", "grossProfit": "1555000000", "totalRevenue": "3365000000", "costOfRevenue": "1810000000", "costofGoodsAndServicesSold": "1810000000", "operatingIncome": "703000000", "sellingGeneralAndAdministrative": "718000000", "researchAndDevelopment": "None", "operatingExpenses": "852000000", "investmentIncomeNet": "None", "netInterestIncome": "None", "interestIncome": "None", "interestExpense": "110000000", "nonInterestIncome": "None", "otherNonOperatingIncome": "-38000000", "depreciation": "None", "depreciationAndAmortization": "134000000", "incomeBeforeTax": "574000000", "incomeTaxExpense": "217000000", "interestAndDebtExpense": "None", "netIncomeFromContinuingOperations": "357000000", "comprehensiveIncomeNetOfTax": "None", "ebit": "684000000", "ebitda": "818000000", "netIncome": "338000000"}, {"fiscalDateEnding": "2011-06-30", "reportedCurrency": "USD", "grossProfit": "1556000000", "totalRevenue": "3586000000", "costOfRevenue": "2030000000", "costofGoodsAndServicesSold": "2030000000", "operatingIncome": "734000000", "sellingGeneralAndAdministrative": "683000000", "researchAndDevelopment": "None", "operatingExpenses": "822000000", "investmentIncomeNet": "None", "netInterestIncome": "None", "interestIncome": "None", "interestExpense": "110000000", "nonInterestIncome": "None", "otherNonOperatingIncome": "1000000", "depreciation": "None", "depreciationAndAmortization": "139000000", "incomeBeforeTax": "630000000", "incomeTaxExpense": "230000000", "interestAndDebtExpense": "None", "netIncomeFromContinuingOperations": "400000000", "comprehensiveIncomeNetOfTax": "None", "ebit": "740000000", "ebitda": "879000000", "netIncome": "395000000"}, {"fiscalDateEnding": "2011-03-31", "reportedCurrency": "USD", "grossProfit": "1234000000", "totalRevenue": "3510000000", "costOfRevenue": "2276000000", "costofGoodsAndServicesSold": "2276000000", "operatingIncome": "437000000", "sellingGeneralAndAdministrative": "658000000", "researchAndDevelopment": "None", "operatingExpenses": "797000000", "investmentIncomeNet": "None", "netInterestIncome": "None", "interestIncome": "None", "interestExpense": "110000000", "nonInterestIncome": "None", "otherNonOperatingIncome": "-3000000", "depreciation": "None", "depreciationAndAmortization": "139000000", "incomeBeforeTax": "338000000", "incomeTaxExpense": "122000000", "interestAndDebtExpense": "None", "netIncomeFromContinuingOperations": "216000000", "comprehensiveIncomeNetOfTax": "None", "ebit": "448000000", "ebitda": "587000000", "netIncome": "202000000"}, {"fiscalDateEnding": "2010-12-31", "reportedCurrency": "USD", "grossProfit": "1472700000", "totalRevenue": "3900400000", "costOfRevenue": "2427700000", "costofGoodsAndServicesSold": "2427700000", "operatingIncome": "616700000", "sellingGeneralAndAdministrative": "702600000", "researchAndDevelopment": "None", "operatingExpenses": "841400000", "investmentIncomeNet": "None", "netInterestIncome": "None", "interestIncome": "None", "interestExpense": "129400000", "nonInterestIncome": "None", "otherNonOperatingIncome": "-32900000", "depreciation": "None", "depreciationAndAmortization": "138800000", "incomeBeforeTax": "458300000", "incomeTaxExpense": "171400000", "interestAndDebtExpense": "None", "netIncomeFromContinuingOperations": "286900000", "comprehensiveIncomeNetOfTax": "None", "ebit": "633200000", "ebitda": "772000000", "netIncome": "283000000"}, {"fiscalDateEnding": "2010-09-30", "reportedCurrency": "USD", "grossProfit": "1381500000", "totalRevenue": "3297500000", "costOfRevenue": "1916000000", "costofGoodsAndServicesSold": "1916000000", "operatingIncome": "611200000", "sellingGeneralAndAdministrative": "624000000", "researchAndDevelopment": "None", "operatingExpenses": "763000000", "investmentIncomeNet": "None", "netInterestIncome": "None", "interestIncome": "None", "interestExpense": "127800000", "nonInterestIncome": "None", "otherNonOperatingIncome": "12500000", "depreciation": "None", "depreciationAndAmortization": "139200000", "incomeBeforeTax": "508800000", "incomeTaxExpense": "178600000", "interestAndDebtExpense": "None", "netIncomeFromContinuingOperations": "330200000", "comprehensiveIncomeNetOfTax": "None", "ebit": "635800000", "ebitda": "775000000", "netIncome": "317000000"}, {"fiscalDateEnding": "2010-06-30", "reportedCurrency": "USD", "grossProfit": "1253300000", "totalRevenue": "3331000000", "costOfRevenue": "2077700000", "costofGoodsAndServicesSold": "2077700000", "operatingIncome": "435000000", "sellingGeneralAndAdministrative": "673100000", "researchAndDevelopment": "None", "operatingExpenses": "816600000", "investmentIncomeNet": "None", "netInterestIncome": "None", "interestIncome": "None", "interestExpense": "133600000", "nonInterestIncome": "None", "otherNonOperatingIncome": "-59600000", "depreciation": "None", "depreciationAndAmortization": "143500000", "incomeBeforeTax": "248600000", "incomeTaxExpense": "91700000", "interestAndDebtExpense": "None", "netIncomeFromContinuingOperations": "156900000", "comprehensiveIncomeNetOfTax": "None", "ebit": "437800000", "ebitda": "581300000", "netIncome": "150000000"}, {"fiscalDateEnding": "2010-03-31", "reportedCurrency": "USD", "grossProfit": "967400000", "totalRevenue": "3530900000", "costOfRevenue": "2563500000", "costofGoodsAndServicesSold": "2563500000", "operatingIncome": "153400000", "sellingGeneralAndAdministrative": "616100000", "researchAndDevelopment": "None", "operatingExpenses": "756900000", "investmentIncomeNet": "None", "netInterestIncome": "None", "interestIncome": "None", "interestExpense": "138000000", "nonInterestIncome": "None", "otherNonOperatingIncome": "-20600000", "depreciation": "None", "depreciationAndAmortization": "140800000", "incomeBeforeTax": "5800000", "incomeTaxExpense": "21000000", "interestAndDebtExpense": "None", "netIncomeFromContinuingOperations": "-15200000", "comprehensiveIncomeNetOfTax": "None", "ebit": "144200000", "ebitda": "285000000", "netIncome": "-26200000"}, {"fiscalDateEnding": "2009-12-31", "reportedCurrency": "USD", "grossProfit": "1228500000", "totalRevenue": "3498400000", "costOfRevenue": "2269900000", "costofGoodsAndServicesSold": "2269900000", "operatingIncome": "243500000", "sellingGeneralAndAdministrative": "646100000", "researchAndDevelopment": "None", "operatingExpenses": "793500000", "investmentIncomeNet": "None", "netInterestIncome": "None", "interestIncome": "None", "interestExpense": "139500000", "nonInterestIncome": "None", "otherNonOperatingIncome": "None", "depreciation": "None", "depreciationAndAmortization": "147400000", "incomeBeforeTax": "103500000", "incomeTaxExpense": "37400000", "interestAndDebtExpense": "None", "netIncomeFromContinuingOperations": "None", "comprehensiveIncomeNetOfTax": "None", "ebit": "243000000", "ebitda": "390400000", "netIncome": "58800000"}, {"fiscalDateEnding": "2009-09-30", "reportedCurrency": "USD", "grossProfit": "1217700000", "totalRevenue": "3350000000", "costOfRevenue": "2132300000", "costofGoodsAndServicesSold": "2132300000", "operatingIncome": "418200000", "sellingGeneralAndAdministrative": "620400000", "researchAndDevelopment": "None", "operatingExpenses": "767800000", "investmentIncomeNet": "None", "netInterestIncome": "None", "interestIncome": "None", "interestExpense": "135400000", "nonInterestIncome": "None", "otherNonOperatingIncome": "4500000", "depreciation": "None", "depreciationAndAmortization": "147400000", "incomeBeforeTax": "299400000", "incomeTaxExpense": "79700000", "interestAndDebtExpense": "None", "netIncomeFromContinuingOperations": "219700000", "comprehensiveIncomeNetOfTax": "None", "ebit": "434800000", "ebitda": "582200000", "netIncome": "207600000"}, {"fiscalDateEnding": "2009-06-30", "reportedCurrency": "USD", "grossProfit": "1021900000", "totalRevenue": "3006300000", "costOfRevenue": "1984400000", "costofGoodsAndServicesSold": "1984400000", "operatingIncome": "242200000", "sellingGeneralAndAdministrative": "625700000", "researchAndDevelopment": "None", "operatingExpenses": "770900000", "investmentIncomeNet": "None", "netInterestIncome": "None", "interestIncome": "None", "interestExpense": "133900000", "nonInterestIncome": "None", "otherNonOperatingIncome": "-36000000", "depreciation": "None", "depreciationAndAmortization": "145200000", "incomeBeforeTax": "75400000", "incomeTaxExpense": "56900000", "interestAndDebtExpense": "None", "netIncomeFromContinuingOperations": "18500000", "comprehensiveIncomeNetOfTax": "None", "ebit": "209300000", "ebitda": "354500000", "netIncome": "15400000"}, {"fiscalDateEnding": "2009-03-31", "reportedCurrency": "USD", "grossProfit": "846800000", "totalRevenue": "3159900000", "costOfRevenue": "2313100000", "costofGoodsAndServicesSold": "2313100000", "operatingIncome": "107500000", "sellingGeneralAndAdministrative": "597000000", "researchAndDevelopment": "None", "operatingExpenses": "739300000", "investmentIncomeNet": "None", "netInterestIncome": "None", "interestIncome": "None", "interestExpense": "133200000", "nonInterestIncome": "None", "otherNonOperatingIncome": "None", "depreciation": "None", "depreciationAndAmortization": "142300000", "incomeBeforeTax": "-35300000", "incomeTaxExpense": "8800000", "interestAndDebtExpense": "None", "netIncomeFromContinuingOperations": "None", "comprehensiveIncomeNetOfTax": "None", "ebit": "109800000", "ebitda": "252100000", "netIncome": "-55300000"}, {"fiscalDateEnding": "2008-12-31", "reportedCurrency": "USD", "grossProfit": "1275000000", "totalRevenue": "3526900000", "costOfRevenue": "2251900000", "costofGoodsAndServicesSold": "2251900000", "operatingIncome": "298200000", "sellingGeneralAndAdministrative": "678600000", "researchAndDevelopment": "None", "operatingExpenses": "-13287900000", "investmentIncomeNet": "None", "netInterestIncome": "None", "interestIncome": "None", "interestExpense": "546600000", "nonInterestIncome": "None", "otherNonOperatingIncome": "None", "depreciation": "None", "depreciationAndAmortization": "150700000", "incomeBeforeTax": "167000000", "incomeTaxExpense": "28600000", "interestAndDebtExpense": "None", "netIncomeFromContinuingOperations": "None", "comprehensiveIncomeNetOfTax": "None", "ebit": "375000000", "ebitda": "525700000", "netIncome": "136100000"}, {"fiscalDateEnding": "2008-09-30", "reportedCurrency": "USD", "grossProfit": "1325500000", "totalRevenue": "3375700000", "costOfRevenue": "2050200000", "costofGoodsAndServicesSold": "2050200000", "operatingIncome": "-13618100000", "sellingGeneralAndAdministrative": "680800000", "researchAndDevelopment": "None", "operatingExpenses": "14937700000", "investmentIncomeNet": "None", "netInterestIncome": "None", "interestIncome": "None", "interestExpense": "134800000", "nonInterestIncome": "None", "otherNonOperatingIncome": "None", "depreciation": "None", "depreciationAndAmortization": "139700000", "incomeBeforeTax": "-13787800000", "incomeTaxExpense": "-1332100000", "interestAndDebtExpense": "None", "netIncomeFromContinuingOperations": "None", "comprehensiveIncomeNetOfTax": "None", "ebit": "-13612200000", "ebitda": "-13472500000", "netIncome": "-12462200000"}, {"fiscalDateEnding": "2008-06-30", "reportedCurrency": "USD", "grossProfit": "1431400000", "totalRevenue": "3393700000", "costOfRevenue": "1962300000", "costofGoodsAndServicesSold": "1962300000", "operatingIncome": "637000000", "sellingGeneralAndAdministrative": "668400000", "researchAndDevelopment": "None", "operatingExpenses": "791800000", "investmentIncomeNet": "None", "netInterestIncome": "None", "interestIncome": "None", "interestExpense": "134300000", "nonInterestIncome": "None", "otherNonOperatingIncome": "None", "depreciation": "None", "depreciationAndAmortization": "123400000", "incomeBeforeTax": "642800000", "incomeTaxExpense": "232900000", "interestAndDebtExpense": "None", "netIncomeFromContinuingOperations": "None", "comprehensiveIncomeNetOfTax": "None", "ebit": "639600000", "ebitda": "763000000", "netIncome": "408400000"}, {"fiscalDateEnding": "2008-03-31", "reportedCurrency": "USD", "grossProfit": "1267800000", "totalRevenue": "3654100000", "costOfRevenue": "2386300000", "costofGoodsAndServicesSold": "2386300000", "operatingIncome": "524200000", "sellingGeneralAndAdministrative": "580900000", "researchAndDevelopment": "None", "operatingExpenses": "698700000", "investmentIncomeNet": "None", "netInterestIncome": "None", "interestIncome": "None", "interestExpense": "138700000", "nonInterestIncome": "None", "otherNonOperatingIncome": "None", "depreciation": "None", "depreciationAndAmortization": "117800000", "incomeBeforeTax": "402900000", "incomeTaxExpense": "151300000", "interestAndDebtExpense": "None", "netIncomeFromContinuingOperations": "None", "comprehensiveIncomeNetOfTax": "None", "ebit": "569100000", "ebitda": "686900000", "netIncome": "244300000"}, {"fiscalDateEnding": "2007-12-31", "reportedCurrency": "USD", "grossProfit": "1522300000", "totalRevenue": "3758800000", "costOfRevenue": "2236500000", "costofGoodsAndServicesSold": "2236500000", "operatingIncome": "704800000", "sellingGeneralAndAdministrative": "698300000", "researchAndDevelopment": "None", "operatingExpenses": "817500000", "investmentIncomeNet": "None", "netInterestIncome": "None", "interestIncome": "None", "interestExpense": "570900000", "nonInterestIncome": "None", "otherNonOperatingIncome": "None", "depreciation": "None", "depreciationAndAmortization": "124200000", "incomeBeforeTax": "545400000", "incomeTaxExpense": "211100000", "interestAndDebtExpense": "None", "netIncomeFromContinuingOperations": "None", "comprehensiveIncomeNetOfTax": "None", "ebit": "704800000", "ebitda": "829000000", "netIncome": "286200000"}, {"fiscalDateEnding": "2007-09-30", "reportedCurrency": "USD", "grossProfit": "1426400000", "totalRevenue": "3281400000", "costOfRevenue": "1855000000", "costofGoodsAndServicesSold": "1855000000", "operatingIncome": "645800000", "sellingGeneralAndAdministrative": "668800000", "researchAndDevelopment": "None", "operatingExpenses": "780600000", "investmentIncomeNet": "None", "netInterestIncome": "None", "interestIncome": "None", "interestExpense": "141700000", "nonInterestIncome": "None", "otherNonOperatingIncome": "None", "depreciation": "None", "depreciationAndAmortization": "111800000", "incomeBeforeTax": "525800000", "incomeTaxExpense": "172500000", "interestAndDebtExpense": "None", "netIncomeFromContinuingOperations": "None", "comprehensiveIncomeNetOfTax": "None", "ebit": "645800000", "ebitda": "757600000", "netIncome": "343300000"}, {"fiscalDateEnding": "2007-06-30", "reportedCurrency": "USD", "grossProfit": "1532900000", "totalRevenue": "3374900000", "costOfRevenue": "1842000000", "costofGoodsAndServicesSold": "1842000000", "operatingIncome": "749900000", "sellingGeneralAndAdministrative": "673500000", "researchAndDevelopment": "None", "operatingExpenses": "783000000", "investmentIncomeNet": "None", "netInterestIncome": "None", "interestIncome": "None", "interestExpense": "145500000", "nonInterestIncome": "None", "otherNonOperatingIncome": "None", "depreciation": "None", "depreciationAndAmortization": "109500000", "incomeBeforeTax": "642500000", "incomeTaxExpense": "233700000", "interestAndDebtExpense": "None", "netIncomeFromContinuingOperations": "None", "comprehensiveIncomeNetOfTax": "None", "ebit": "749900000", "ebitda": "859400000", "netIncome": "404000000"}, {"fiscalDateEnding": "2007-03-31", "reportedCurrency": "USD", "grossProfit": "1262000000", "totalRevenue": "3657800000", "costOfRevenue": "2395800000", "costofGoodsAndServicesSold": "2395800000", "operatingIncome": "521300000", "sellingGeneralAndAdministrative": "625500000", "researchAndDevelopment": "None", "operatingExpenses": "740700000", "investmentIncomeNet": "None", "netInterestIncome": "None", "interestIncome": "None", "interestExpense": "139800000", "nonInterestIncome": "None", "otherNonOperatingIncome": "None", "depreciation": "None", "depreciationAndAmortization": "115200000", "incomeBeforeTax": "419300000", "incomeTaxExpense": "204200000", "interestAndDebtExpense": "None", "netIncomeFromContinuingOperations": "None", "comprehensiveIncomeNetOfTax": "None", "ebit": "521300000", "ebitda": "636500000", "netIncome": "213500000"}, {"fiscalDateEnding": "2006-12-31", "reportedCurrency": "USD", "grossProfit": "1581700000", "totalRevenue": "3882900000", "costOfRevenue": "2301200000", "costofGoodsAndServicesSold": "2301200000", "operatingIncome": "681500000", "sellingGeneralAndAdministrative": "721600000", "researchAndDevelopment": "None", "operatingExpenses": "900200000", "investmentIncomeNet": "None", "netInterestIncome": "None", "interestIncome": "None", "interestExpense": "565500000", "nonInterestIncome": "None", "otherNonOperatingIncome": "None", "depreciation": "None", "depreciationAndAmortization": "118800000", "incomeBeforeTax": "593800000", "incomeTaxExpense": "164600000", "interestAndDebtExpense": "None", "netIncomeFromContinuingOperations": "None", "comprehensiveIncomeNetOfTax": "None", "ebit": "681500000", "ebitda": "800300000", "netIncome": "335000000"}, {"fiscalDateEnding": "2006-09-30", "reportedCurrency": "USD", "grossProfit": "1456900000", "totalRevenue": "3378800000", "costOfRevenue": "1921900000", "costofGoodsAndServicesSold": "1921900000", "operatingIncome": "646400000", "sellingGeneralAndAdministrative": "701000000", "researchAndDevelopment": "None", "operatingExpenses": "810500000", "investmentIncomeNet": "None", "netInterestIncome": "None", "interestIncome": "None", "interestExpense": "140100000", "nonInterestIncome": "None", "otherNonOperatingIncome": "None", "depreciation": "None", "depreciationAndAmortization": "109500000", "incomeBeforeTax": "538500000", "incomeTaxExpense": "208400000", "interestAndDebtExpense": "None", "netIncomeFromContinuingOperations": "None", "comprehensiveIncomeNetOfTax": "None", "ebit": "646400000", "ebitda": "755900000", "netIncome": "316900000"}, {"fiscalDateEnding": "2006-06-30", "reportedCurrency": "USD", "grossProfit": "1573000000", "totalRevenue": "3483100000", "costOfRevenue": "1910100000", "costofGoodsAndServicesSold": "1910100000", "operatingIncome": "750300000", "sellingGeneralAndAdministrative": "714100000", "researchAndDevelopment": "None", "operatingExpenses": "822700000", "investmentIncomeNet": "None", "netInterestIncome": "None", "interestIncome": "None", "interestExpense": "140800000", "nonInterestIncome": "None", "otherNonOperatingIncome": "None", "depreciation": "None", "depreciationAndAmortization": "93500000", "incomeBeforeTax": "610800000", "incomeTaxExpense": "118000000", "interestAndDebtExpense": "None", "netIncomeFromContinuingOperations": "None", "comprehensiveIncomeNetOfTax": "None", "ebit": "765400000", "ebitda": "858900000", "netIncome": "781700000"}, {"fiscalDateEnding": "2006-03-31", "reportedCurrency": "USD", "grossProfit": "1284800000", "totalRevenue": "3581800000", "costOfRevenue": "2297000000", "costofGoodsAndServicesSold": "2297000000", "operatingIncome": "511200000", "sellingGeneralAndAdministrative": "650500000", "researchAndDevelopment": "None", "operatingExpenses": "773600000", "investmentIncomeNet": "None", "netInterestIncome": "None", "interestIncome": "None", "interestExpense": "144300000", "nonInterestIncome": "None", "otherNonOperatingIncome": "None", "depreciation": "None", "depreciationAndAmortization": "123100000", "incomeBeforeTax": "372700000", "incomeTaxExpense": "151900000", "interestAndDebtExpense": "None", "netIncomeFromContinuingOperations": "None", "comprehensiveIncomeNetOfTax": "None", "ebit": "528200000", "ebitda": "651300000", "netIncome": "226900000"}, {"fiscalDateEnding": "2005-12-31", "reportedCurrency": "USD", "grossProfit": "-2050900000", "totalRevenue": "-2785100000", "costOfRevenue": "-734200000", "costofGoodsAndServicesSold": "-734200000", "operatingIncome": "-10793800000", "sellingGeneralAndAdministrative": "687500000", "researchAndDevelopment": "None", "operatingExpenses": "8742900000", "investmentIncomeNet": "None", "netInterestIncome": "None", "interestIncome": "None", "interestExpense": "720500000", "nonInterestIncome": "None", "otherNonOperatingIncome": "None", "depreciation": "None", "depreciationAndAmortization": "-45600000", "incomeBeforeTax": "-10977500000", "incomeTaxExpense": "-580700000", "interestAndDebtExpense": "None", "netIncomeFromContinuingOperations": "None", "comprehensiveIncomeNetOfTax": "None", "ebit": "-10793800000", "ebitda": "-10839400000", "netIncome": "-9136400000"}, {"fiscalDateEnding": "2005-09-30", "reportedCurrency": "USD", "grossProfit": "2775300000", "totalRevenue": "5942900000", "costOfRevenue": "3167600000", "costofGoodsAndServicesSold": "3167600000", "operatingIncome": "1406400000", "sellingGeneralAndAdministrative": "1181500000", "researchAndDevelopment": "None", "operatingExpenses": "1368900000", "investmentIncomeNet": "None", "netInterestIncome": "None", "interestIncome": "None", "interestExpense": "176400000", "nonInterestIncome": "None", "otherNonOperatingIncome": "None", "depreciation": "None", "depreciationAndAmortization": "187400000", "incomeBeforeTax": "1236700000", "incomeTaxExpense": "507800000", "interestAndDebtExpense": "None", "netIncomeFromContinuingOperations": "None", "comprehensiveIncomeNetOfTax": "None", "ebit": "1406400000", "ebitda": "1593800000", "netIncome": "708500000"}, {"fiscalDateEnding": "2005-06-30", "reportedCurrency": "USD", "grossProfit": "2730600000", "totalRevenue": "5876100000", "costOfRevenue": "3145500000", "costofGoodsAndServicesSold": "3145500000", "operatingIncome": "1426700000", "sellingGeneralAndAdministrative": "1121200000", "researchAndDevelopment": "None", "operatingExpenses": "1303900000", "investmentIncomeNet": "None", "netInterestIncome": "None", "interestIncome": "None", "interestExpense": "181800000", "nonInterestIncome": "None", "otherNonOperatingIncome": "None", "depreciation": "None", "depreciationAndAmortization": "171900000", "incomeBeforeTax": "1230100000", "incomeTaxExpense": "474600000", "interestAndDebtExpense": "None", "netIncomeFromContinuingOperations": "None", "comprehensiveIncomeNetOfTax": "None", "ebit": "744500000", "ebitda": "916400000", "netIncome": "753800000"}, {"fiscalDateEnding": "2005-03-31", "reportedCurrency": "USD", "grossProfit": "2386900000", "totalRevenue": "5576700000", "costOfRevenue": "3189800000", "costofGoodsAndServicesSold": "3189800000", "operatingIncome": "1125800000", "sellingGeneralAndAdministrative": "1067700000", "researchAndDevelopment": "None", "operatingExpenses": "1261100000", "investmentIncomeNet": "None", "netInterestIncome": "None", "interestIncome": "None", "interestExpense": "182300000", "nonInterestIncome": "None", "otherNonOperatingIncome": "None", "depreciation": "None", "depreciationAndAmortization": "193400000", "incomeBeforeTax": "980900000", "incomeTaxExpense": "400200000", "interestAndDebtExpense": "None", "netIncomeFromContinuingOperations": "None", "comprehensiveIncomeNetOfTax": "None", "ebit": "1125800000", "ebitda": "1319200000", "netIncome": "585000000"}, {"fiscalDateEnding": "2004-12-31", "reportedCurrency": "USD", "grossProfit": "2600700000", "totalRevenue": "6296400000", "costOfRevenue": "3695700000", "costofGoodsAndServicesSold": "3695700000", "operatingIncome": "-16738900000", "sellingGeneralAndAdministrative": "1128500000", "researchAndDevelopment": "None", "operatingExpenses": "19339600000", "investmentIncomeNet": "None", "netInterestIncome": "None", "interestIncome": "None", "interestExpense": "718900000", "nonInterestIncome": "None", "otherNonOperatingIncome": "None", "depreciation": "None", "depreciationAndAmortization": "214000000", "incomeBeforeTax": "-16935100000", "incomeTaxExpense": "195800000", "interestAndDebtExpense": "None", "netIncomeFromContinuingOperations": "None", "comprehensiveIncomeNetOfTax": "None", "ebit": "-16738900000", "ebitda": "-16524900000", "netIncome": "-18438900000"}]}