{"symbol": "AIG", "annualReports": [{"fiscalDateEnding": "2024-12-31", "reportedCurrency": "USD", "grossProfit": "27274000000", "totalRevenue": "27274000000", "costOfRevenue": "None", "costofGoodsAndServicesSold": "None", "operatingIncome": "3870000000", "sellingGeneralAndAdministrative": "5529000000", "researchAndDevelopment": "None", "operatingExpenses": "23404000000", "investmentIncomeNet": "None", "netInterestIncome": "-462000000", "interestIncome": "229000000", "interestExpense": "462000000", "nonInterestIncome": "None", "otherNonOperatingIncome": "None", "depreciation": "None", "depreciationAndAmortization": "3597000000", "incomeBeforeTax": "3870000000", "incomeTaxExpense": "1170000000", "interestAndDebtExpense": "None", "netIncomeFromContinuingOperations": "2700000000", "comprehensiveIncomeNetOfTax": "None", "ebit": "3870000000", "ebitda": "7467000000", "netIncome": "-1404000000"}, {"fiscalDateEnding": "2023-12-31", "reportedCurrency": "USD", "grossProfit": "47251000000", "totalRevenue": "47251000000", "costOfRevenue": "8990000000", "costofGoodsAndServicesSold": "8990000000", "operatingIncome": "3878000000", "sellingGeneralAndAdministrative": "8499000000", "researchAndDevelopment": "None", "operatingExpenses": "33934000000", "investmentIncomeNet": "None", "netInterestIncome": "-1136000000", "interestIncome": "1666000000", "interestExpense": "1136000000", "nonInterestIncome": "None", "otherNonOperatingIncome": "None", "depreciation": "None", "depreciationAndAmortization": "4214000000", "incomeBeforeTax": "3858000000", "incomeTaxExpense": "-20000000", "interestAndDebtExpense": "None", "netIncomeFromContinuingOperations": "3878000000", "comprehensiveIncomeNetOfTax": "None", "ebit": "3858000000", "ebitda": "8072000000", "netIncome": "3643000000"}, {"fiscalDateEnding": "2022-12-31", "reportedCurrency": "USD", "grossProfit": "47242000000", "totalRevenue": "54768000000", "costOfRevenue": "7526000000", "costofGoodsAndServicesSold": "7526000000", "operatingIncome": "16379000000", "sellingGeneralAndAdministrative": "9122000000", "researchAndDevelopment": "None", "operatingExpenses": "35966000000", "investmentIncomeNet": "None", "netInterestIncome": "-1125000000", "interestIncome": "2162000000", "interestExpense": "1125000000", "nonInterestIncome": "None", "otherNonOperatingIncome": "None", "depreciation": "None", "depreciationAndAmortization": "4409000000", "incomeBeforeTax": "14299000000", "incomeTaxExpense": "3025000000", "interestAndDebtExpense": "None", "netIncomeFromContinuingOperations": "11276000000", "comprehensiveIncomeNetOfTax": "None", "ebit": "14299000000", "ebitda": "18708000000", "netIncome": "10227000000"}, {"fiscalDateEnding": "2021-12-31", "reportedCurrency": "USD", "grossProfit": "43267000000", "totalRevenue": "51959000000", "costOfRevenue": "8692000000", "costofGoodsAndServicesSold": "8692000000", "operatingIncome": "13347000000", "sellingGeneralAndAdministrative": "8728000000", "researchAndDevelopment": "None", "operatingExpenses": "33344000000", "investmentIncomeNet": "None", "netInterestIncome": "-1305000000", "interestIncome": "1305000000", "interestExpense": "1305000000", "nonInterestIncome": "None", "otherNonOperatingIncome": "None", "depreciation": "None", "depreciationAndAmortization": "4542000000", "incomeBeforeTax": "13347000000", "incomeTaxExpense": "2441000000", "interestAndDebtExpense": "None", "netIncomeFromContinuingOperations": "9923000000", "comprehensiveIncomeNetOfTax": "None", "ebit": "13347000000", "ebitda": "17889000000", "netIncome": "10367000000"}, {"fiscalDateEnding": "2020-12-31", "reportedCurrency": "USD", "grossProfit": "43839000000", "totalRevenue": "43839000000", "costOfRevenue": "8396000000", "costofGoodsAndServicesSold": "8396000000", "operatingIncome": "-7293000000", "sellingGeneralAndAdministrative": "8396000000", "researchAndDevelopment": "None", "operatingExpenses": "51132000000", "investmentIncomeNet": "None", "netInterestIncome": "-1457000000", "interestIncome": "1989000000", "interestExpense": "1457000000", "nonInterestIncome": "None", "otherNonOperatingIncome": "None", "depreciation": "None", "depreciationAndAmortization": "4120000000", "incomeBeforeTax": "-7293000000", "incomeTaxExpense": "-1460000000", "interestAndDebtExpense": "None", "netIncomeFromContinuingOperations": "-5833000000", "comprehensiveIncomeNetOfTax": "None", "ebit": "-7293000000", "ebitda": "-3173000000", "netIncome": "-5944000000"}, {"fiscalDateEnding": "2019-12-31", "reportedCurrency": "USD", "grossProfit": "49792000000", "totalRevenue": "49792000000", "costOfRevenue": "9082000000", "costofGoodsAndServicesSold": "9082000000", "operatingIncome": "5287000000", "sellingGeneralAndAdministrative": "8537000000", "researchAndDevelopment": "None", "operatingExpenses": "44505000000", "investmentIncomeNet": "None", "netInterestIncome": "-1417000000", "interestIncome": "2030000000", "interestExpense": "1417000000", "nonInterestIncome": "None", "otherNonOperatingIncome": "None", "depreciation": "None", "depreciationAndAmortization": "5006000000", "incomeBeforeTax": "5287000000", "incomeTaxExpense": "1166000000", "interestAndDebtExpense": "None", "netIncomeFromContinuingOperations": "4121000000", "comprehensiveIncomeNetOfTax": "None", "ebit": "5287000000", "ebitda": "10293000000", "netIncome": "3348000000"}, {"fiscalDateEnding": "2018-12-31", "reportedCurrency": "USD", "grossProfit": "47481000000", "totalRevenue": "47481000000", "costOfRevenue": "9302000000", "costofGoodsAndServicesSold": "9302000000", "operatingIncome": "257000000", "sellingGeneralAndAdministrative": "9302000000", "researchAndDevelopment": "0", "operatingExpenses": "47224000000", "investmentIncomeNet": "None", "netInterestIncome": "-1309000000", "interestIncome": "1309000000", "interestExpense": "1309000000", "nonInterestIncome": "None", "otherNonOperatingIncome": "None", "depreciation": "None", "depreciationAndAmortization": "5362000000", "incomeBeforeTax": "257000000", "incomeTaxExpense": "154000000", "interestAndDebtExpense": "None", "netIncomeFromContinuingOperations": "103000000", "comprehensiveIncomeNetOfTax": "None", "ebit": "257000000", "ebitda": "5619000000", "netIncome": "-6000000"}, {"fiscalDateEnding": "2017-12-31", "reportedCurrency": "USD", "grossProfit": "49930000000", "totalRevenue": "49930000000", "costOfRevenue": "9107000000", "costofGoodsAndServicesSold": "9107000000", "operatingIncome": "1466000000", "sellingGeneralAndAdministrative": "9107000000", "researchAndDevelopment": "0", "operatingExpenses": "48464000000", "investmentIncomeNet": "None", "netInterestIncome": "-1168000000", "interestIncome": "1168000000", "interestExpense": "1168000000", "nonInterestIncome": "None", "otherNonOperatingIncome": "None", "depreciation": "None", "depreciationAndAmortization": "3874000000", "incomeBeforeTax": "1466000000", "incomeTaxExpense": "7526000000", "interestAndDebtExpense": "None", "netIncomeFromContinuingOperations": "-6060000000", "comprehensiveIncomeNetOfTax": "None", "ebit": "1466000000", "ebitda": "5340000000", "netIncome": "-6084000000"}, {"fiscalDateEnding": "2016-12-31", "reportedCurrency": "USD", "grossProfit": "52754000000", "totalRevenue": "52754000000", "costOfRevenue": "10444000000", "costofGoodsAndServicesSold": "10444000000", "operatingIncome": "-74000000", "sellingGeneralAndAdministrative": "10989000000", "researchAndDevelopment": "0", "operatingExpenses": "52828000000", "investmentIncomeNet": "None", "netInterestIncome": "-1260000000", "interestIncome": "1260000000", "interestExpense": "1260000000", "nonInterestIncome": "None", "otherNonOperatingIncome": "None", "depreciation": "None", "depreciationAndAmortization": "4090000000", "incomeBeforeTax": "-74000000", "incomeTaxExpense": "185000000", "interestAndDebtExpense": "None", "netIncomeFromContinuingOperations": "-259000000", "comprehensiveIncomeNetOfTax": "None", "ebit": "-74000000", "ebitda": "4016000000", "netIncome": "-849000000"}, {"fiscalDateEnding": "2015-12-31", "reportedCurrency": "USD", "grossProfit": "58925000000", "totalRevenue": "58925000000", "costOfRevenue": "12526000000", "costofGoodsAndServicesSold": "12526000000", "operatingIncome": "3281000000", "sellingGeneralAndAdministrative": "12686000000", "researchAndDevelopment": "0", "operatingExpenses": "55644000000", "investmentIncomeNet": "None", "netInterestIncome": "None", "interestIncome": "1281000000", "interestExpense": "1281000000", "nonInterestIncome": "None", "otherNonOperatingIncome": "None", "depreciation": "None", "depreciationAndAmortization": "4629000000", "incomeBeforeTax": "3281000000", "incomeTaxExpense": "1059000000", "interestAndDebtExpense": "None", "netIncomeFromContinuingOperations": "2222000000", "comprehensiveIncomeNetOfTax": "None", "ebit": "3281000000", "ebitda": "7910000000", "netIncome": "2196000000"}, {"fiscalDateEnding": "2014-12-31", "reportedCurrency": "USD", "grossProfit": "64608000000", "totalRevenue": "64608000000", "costOfRevenue": "12526000000", "costofGoodsAndServicesSold": "12526000000", "operatingIncome": "10501000000", "sellingGeneralAndAdministrative": "14723000000", "researchAndDevelopment": "0", "operatingExpenses": "54107000000", "investmentIncomeNet": "None", "netInterestIncome": "None", "interestIncome": "None", "interestExpense": "1718000000", "nonInterestIncome": "None", "otherNonOperatingIncome": "None", "depreciation": "None", "depreciationAndAmortization": "4448000000", "incomeBeforeTax": "10501000000", "incomeTaxExpense": "2927000000", "interestAndDebtExpense": "None", "netIncomeFromContinuingOperations": "7574000000", "comprehensiveIncomeNetOfTax": "None", "ebit": "10501000000", "ebitda": "14949000000", "netIncome": "7529000000"}, {"fiscalDateEnding": "2013-12-31", "reportedCurrency": "USD", "grossProfit": "69871000000", "totalRevenue": "69871000000", "costOfRevenue": "4597000000", "costofGoodsAndServicesSold": "4597000000", "operatingIncome": "9368000000", "sellingGeneralAndAdministrative": "18113000000", "researchAndDevelopment": "0", "operatingExpenses": "60503000000", "investmentIncomeNet": "None", "netInterestIncome": "None", "interestIncome": "None", "interestExpense": "2142000000", "nonInterestIncome": "None", "otherNonOperatingIncome": "None", "depreciation": "None", "depreciationAndAmortization": "4713000000", "incomeBeforeTax": "9368000000", "incomeTaxExpense": "360000000", "interestAndDebtExpense": "None", "netIncomeFromContinuingOperations": "9008000000", "comprehensiveIncomeNetOfTax": "None", "ebit": "9368000000", "ebitda": "14081000000", "netIncome": "9085000000"}, {"fiscalDateEnding": "2012-12-31", "reportedCurrency": "USD", "grossProfit": "71419000000", "totalRevenue": "71419000000", "costOfRevenue": "2000000", "costofGoodsAndServicesSold": "2000000", "operatingIncome": "2891000000", "sellingGeneralAndAdministrative": "17151000000", "researchAndDevelopment": "0", "operatingExpenses": "68528000000", "investmentIncomeNet": "None", "netInterestIncome": "None", "interestIncome": "None", "interestExpense": "2319000000", "nonInterestIncome": "None", "otherNonOperatingIncome": "None", "depreciation": "None", "depreciationAndAmortization": "7349000000", "incomeBeforeTax": "2891000000", "incomeTaxExpense": "-808000000", "interestAndDebtExpense": "None", "netIncomeFromContinuingOperations": "7752000000", "comprehensiveIncomeNetOfTax": "None", "ebit": "2891000000", "ebitda": "10240000000", "netIncome": "3438000000"}, {"fiscalDateEnding": "2011-12-31", "reportedCurrency": "USD", "grossProfit": "65369000000", "totalRevenue": "65369000000", "costOfRevenue": "4048000000", "costofGoodsAndServicesSold": "4048000000", "operatingIncome": "-901000000", "sellingGeneralAndAdministrative": "5401000000", "researchAndDevelopment": "0", "operatingExpenses": "66270000000", "investmentIncomeNet": "None", "netInterestIncome": "None", "interestIncome": "None", "interestExpense": "2444000000", "nonInterestIncome": "None", "otherNonOperatingIncome": "None", "depreciation": "None", "depreciationAndAmortization": "7372000000", "incomeBeforeTax": "-901000000", "incomeTaxExpense": "-19764000000", "interestAndDebtExpense": "None", "netIncomeFromContinuingOperations": "None", "comprehensiveIncomeNetOfTax": "None", "ebit": "-901000000", "ebitda": "6471000000", "netIncome": "20622000000"}, {"fiscalDateEnding": "2010-12-31", "reportedCurrency": "USD", "grossProfit": "77526000000", "totalRevenue": "77526000000", "costOfRevenue": "17767000000", "costofGoodsAndServicesSold": "17767000000", "operatingIncome": "17936000000", "sellingGeneralAndAdministrative": "4050000000", "researchAndDevelopment": "0", "operatingExpenses": "59590000000", "investmentIncomeNet": "None", "netInterestIncome": "None", "interestIncome": "None", "interestExpense": "7981000000", "nonInterestIncome": "None", "otherNonOperatingIncome": "None", "depreciation": "None", "depreciationAndAmortization": "11320000000", "incomeBeforeTax": "17936000000", "incomeTaxExpense": "5859000000", "interestAndDebtExpense": "None", "netIncomeFromContinuingOperations": "12077000000", "comprehensiveIncomeNetOfTax": "None", "ebit": "17936000000", "ebitda": "29256000000", "netIncome": "7786000000"}, {"fiscalDateEnding": "2009-12-31", "reportedCurrency": "USD", "grossProfit": "75352000000", "totalRevenue": "75352000000", "costOfRevenue": "88547000000", "costofGoodsAndServicesSold": "88547000000", "operatingIncome": "-14307000000", "sellingGeneralAndAdministrative": "20674000000", "researchAndDevelopment": "0", "operatingExpenses": "89659000000", "investmentIncomeNet": "None", "netInterestIncome": "None", "interestIncome": "None", "interestExpense": "14238000000", "nonInterestIncome": "None", "otherNonOperatingIncome": "None", "depreciation": "None", "depreciationAndAmortization": "12074000000", "incomeBeforeTax": "-14307000000", "incomeTaxExpense": "-1489000000", "interestAndDebtExpense": "None", "netIncomeFromContinuingOperations": "None", "comprehensiveIncomeNetOfTax": "None", "ebit": "-14307000000", "ebitda": "-2233000000", "netIncome": "-10949000000"}, {"fiscalDateEnding": "2008-12-31", "reportedCurrency": "USD", "grossProfit": "6896000000", "totalRevenue": "6896000000", "costOfRevenue": "1706000000", "costofGoodsAndServicesSold": "1706000000", "operatingIncome": "-106528000000", "sellingGeneralAndAdministrative": "None", "researchAndDevelopment": "None", "operatingExpenses": "113424000000", "investmentIncomeNet": "None", "netInterestIncome": "None", "interestIncome": "None", "interestExpense": "17007000000", "nonInterestIncome": "None", "otherNonOperatingIncome": "None", "depreciation": "None", "depreciationAndAmortization": "15445000000", "incomeBeforeTax": "-106528000000", "incomeTaxExpense": "-8894000000", "interestAndDebtExpense": "None", "netIncomeFromContinuingOperations": "None", "comprehensiveIncomeNetOfTax": "None", "ebit": "-106528000000", "ebitda": "-91083000000", "netIncome": "-99289000000"}, {"fiscalDateEnding": "2007-12-31", "reportedCurrency": "USD", "grossProfit": "110064000000", "totalRevenue": "110064000000", "costOfRevenue": "35006000000", "costofGoodsAndServicesSold": "35006000000", "operatingIncome": "8943000000", "sellingGeneralAndAdministrative": "None", "researchAndDevelopment": "None", "operatingExpenses": "101121000000", "investmentIncomeNet": "None", "netInterestIncome": "None", "interestIncome": "None", "interestExpense": "4751000000", "nonInterestIncome": "None", "otherNonOperatingIncome": "None", "depreciation": "None", "depreciationAndAmortization": "3913000000", "incomeBeforeTax": "8943000000", "incomeTaxExpense": "1455000000", "interestAndDebtExpense": "None", "netIncomeFromContinuingOperations": "None", "comprehensiveIncomeNetOfTax": "None", "ebit": "8943000000", "ebitda": "12856000000", "netIncome": "6200000000"}, {"fiscalDateEnding": "2006-12-31", "reportedCurrency": "USD", "grossProfit": "113387000000", "totalRevenue": "113387000000", "costOfRevenue": "31801000000", "costofGoodsAndServicesSold": "31801000000", "operatingIncome": "21687000000", "sellingGeneralAndAdministrative": "None", "researchAndDevelopment": "None", "operatingExpenses": "91700000000", "investmentIncomeNet": "None", "netInterestIncome": "None", "interestIncome": "None", "interestExpense": "0", "nonInterestIncome": "None", "otherNonOperatingIncome": "None", "depreciation": "None", "depreciationAndAmortization": "2374000000", "incomeBeforeTax": "21687000000", "incomeTaxExpense": "6537000000", "interestAndDebtExpense": "None", "netIncomeFromContinuingOperations": "None", "comprehensiveIncomeNetOfTax": "None", "ebit": "21687000000", "ebitda": "24061000000", "netIncome": "14048000000"}, {"fiscalDateEnding": "2005-12-31", "reportedCurrency": "USD", "grossProfit": "108905000000", "totalRevenue": "108905000000", "costOfRevenue": "84222000000", "costofGoodsAndServicesSold": "84222000000", "operatingIncome": "15213000000", "sellingGeneralAndAdministrative": "None", "researchAndDevelopment": "None", "operatingExpenses": "93692000000", "investmentIncomeNet": "None", "netInterestIncome": "None", "interestIncome": "None", "interestExpense": "0", "nonInterestIncome": "None", "otherNonOperatingIncome": "None", "depreciation": "None", "depreciationAndAmortization": "2200000000", "incomeBeforeTax": "15213000000", "incomeTaxExpense": "4258000000", "interestAndDebtExpense": "None", "netIncomeFromContinuingOperations": "None", "comprehensiveIncomeNetOfTax": "None", "ebit": "15213000000", "ebitda": "17413000000", "netIncome": "10477000000"}], "quarterlyReports": [{"fiscalDateEnding": "2024-12-31", "reportedCurrency": "USD", "grossProfit": "7158000000", "totalRevenue": "7158000000", "costOfRevenue": "None", "costofGoodsAndServicesSold": "None", "operatingIncome": "1546000000", "sellingGeneralAndAdministrative": "1335000000", "researchAndDevelopment": "None", "operatingExpenses": "5612000000", "investmentIncomeNet": "None", "netInterestIncome": "-109000000", "interestIncome": "18000000", "interestExpense": "109000000", "nonInterestIncome": "None", "otherNonOperatingIncome": "None", "depreciation": "None", "depreciationAndAmortization": "990000000", "incomeBeforeTax": "1546000000", "incomeTaxExpense": "599000000", "interestAndDebtExpense": "None", "netIncomeFromContinuingOperations": "947000000", "comprehensiveIncomeNetOfTax": "None", "ebit": "1546000000", "ebitda": "2536000000", "netIncome": "898000000"}, {"fiscalDateEnding": "2024-09-30", "reportedCurrency": "USD", "grossProfit": "6755000000", "totalRevenue": "6755000000", "costOfRevenue": "1346000000", "costofGoodsAndServicesSold": "1346000000", "operatingIncome": "649000000", "sellingGeneralAndAdministrative": "1346000000", "researchAndDevelopment": "None", "operatingExpenses": "6106000000", "investmentIncomeNet": "None", "netInterestIncome": "-112000000", "interestIncome": "61000000", "interestExpense": "112000000", "nonInterestIncome": "None", "otherNonOperatingIncome": "None", "depreciation": "None", "depreciationAndAmortization": "856000000", "incomeBeforeTax": "649000000", "incomeTaxExpense": "168000000", "interestAndDebtExpense": "None", "netIncomeFromContinuingOperations": "481000000", "comprehensiveIncomeNetOfTax": "None", "ebit": "649000000", "ebitda": "1505000000", "netIncome": "459000000"}, {"fiscalDateEnding": "2024-06-30", "reportedCurrency": "USD", "grossProfit": "6587000000", "totalRevenue": "6587000000", "costOfRevenue": "1610000000", "costofGoodsAndServicesSold": "1610000000", "operatingIncome": "475000000", "sellingGeneralAndAdministrative": "1610000000", "researchAndDevelopment": "None", "operatingExpenses": "4475000000", "investmentIncomeNet": "None", "netInterestIncome": "-125000000", "interestIncome": "73000000", "interestExpense": "125000000", "nonInterestIncome": "None", "otherNonOperatingIncome": "None", "depreciation": "None", "depreciationAndAmortization": "838000000", "incomeBeforeTax": "617000000", "incomeTaxExpense": "142000000", "interestAndDebtExpense": "None", "netIncomeFromContinuingOperations": "475000000", "comprehensiveIncomeNetOfTax": "None", "ebit": "742000000", "ebitda": "1580000000", "netIncome": "-3977000000"}, {"fiscalDateEnding": "2024-03-31", "reportedCurrency": "USD", "grossProfit": "12600000000", "totalRevenue": "12600000000", "costOfRevenue": "2014000000", "costofGoodsAndServicesSold": "2014000000", "operatingIncome": "2051000000", "sellingGeneralAndAdministrative": "2014000000", "researchAndDevelopment": "None", "operatingExpenses": "10549000000", "investmentIncomeNet": "None", "netInterestIncome": "-260000000", "interestIncome": "649000000", "interestExpense": "260000000", "nonInterestIncome": "None", "otherNonOperatingIncome": "None", "depreciation": "None", "depreciationAndAmortization": "913000000", "incomeBeforeTax": "2051000000", "incomeTaxExpense": "451000000", "interestAndDebtExpense": "None", "netIncomeFromContinuingOperations": "1600000000", "comprehensiveIncomeNetOfTax": "None", "ebit": "2051000000", "ebitda": "2964000000", "netIncome": "1216000000"}, {"fiscalDateEnding": "2023-12-31", "reportedCurrency": "USD", "grossProfit": "9970000000", "totalRevenue": "9970000000", "costOfRevenue": "4893000000", "costofGoodsAndServicesSold": "4893000000", "operatingIncome": "-1346000000", "sellingGeneralAndAdministrative": "2134000000", "researchAndDevelopment": "None", "operatingExpenses": "11316000000", "investmentIncomeNet": "None", "netInterestIncome": "-271000000", "interestIncome": "33000000", "interestExpense": "271000000", "nonInterestIncome": "None", "otherNonOperatingIncome": "None", "depreciation": "None", "depreciationAndAmortization": "969000000", "incomeBeforeTax": "-1346000000", "incomeTaxExpense": "-873000000", "interestAndDebtExpense": "None", "netIncomeFromContinuingOperations": "-473000000", "comprehensiveIncomeNetOfTax": "None", "ebit": "-1346000000", "ebitda": "-377000000", "netIncome": "93000000"}, {"fiscalDateEnding": "2023-09-30", "reportedCurrency": "USD", "grossProfit": "7287000000", "totalRevenue": "7287000000", "costOfRevenue": "2117000000", "costofGoodsAndServicesSold": "2117000000", "operatingIncome": "1100000000", "sellingGeneralAndAdministrative": "1311000000", "researchAndDevelopment": "None", "operatingExpenses": "6187000000", "investmentIncomeNet": "None", "netInterestIncome": "-280000000", "interestIncome": "280000000", "interestExpense": "138000000", "nonInterestIncome": "None", "otherNonOperatingIncome": "None", "depreciation": "None", "depreciationAndAmortization": "869000000", "incomeBeforeTax": "1100000000", "incomeTaxExpense": "399000000", "interestAndDebtExpense": "None", "netIncomeFromContinuingOperations": "2747000000", "comprehensiveIncomeNetOfTax": "None", "ebit": "1100000000", "ebitda": "1969000000", "netIncome": "2027000000"}, {"fiscalDateEnding": "2023-06-30", "reportedCurrency": "USD", "grossProfit": "7464000000", "totalRevenue": "7464000000", "costOfRevenue": "2268000000", "costofGoodsAndServicesSold": "2268000000", "operatingIncome": "886000000", "sellingGeneralAndAdministrative": "1494000000", "researchAndDevelopment": "None", "operatingExpenses": "6578000000", "investmentIncomeNet": "None", "netInterestIncome": "-278000000", "interestIncome": "484000000", "interestExpense": "129000000", "nonInterestIncome": "None", "otherNonOperatingIncome": "None", "depreciation": "None", "depreciationAndAmortization": "838000000", "incomeBeforeTax": "886000000", "incomeTaxExpense": "45000000", "interestAndDebtExpense": "None", "netIncomeFromContinuingOperations": "1691000000", "comprehensiveIncomeNetOfTax": "None", "ebit": "886000000", "ebitda": "1724000000", "netIncome": "1493000000"}, {"fiscalDateEnding": "2023-03-31", "reportedCurrency": "USD", "grossProfit": "11047000000", "totalRevenue": "11047000000", "costOfRevenue": "1980000000", "costofGoodsAndServicesSold": "1980000000", "operatingIncome": "-231000000", "sellingGeneralAndAdministrative": "1980000000", "researchAndDevelopment": "None", "operatingExpenses": "11278000000", "investmentIncomeNet": "None", "netInterestIncome": "-307000000", "interestIncome": "567000000", "interestExpense": "307000000", "nonInterestIncome": "None", "otherNonOperatingIncome": "None", "depreciation": "None", "depreciationAndAmortization": "1186000000", "incomeBeforeTax": "-231000000", "incomeTaxExpense": "-144000000", "interestAndDebtExpense": "None", "netIncomeFromContinuingOperations": "-87000000", "comprehensiveIncomeNetOfTax": "None", "ebit": "-231000000", "ebitda": "955000000", "netIncome": "30000000"}, {"fiscalDateEnding": "2022-12-31", "reportedCurrency": "USD", "grossProfit": "11641000000", "totalRevenue": "11641000000", "costOfRevenue": "9195000000", "costofGoodsAndServicesSold": "9195000000", "operatingIncome": "279000000", "sellingGeneralAndAdministrative": "2698000000", "researchAndDevelopment": "None", "operatingExpenses": "11362000000", "investmentIncomeNet": "None", "netInterestIncome": "-314000000", "interestIncome": "734000000", "interestExpense": "314000000", "nonInterestIncome": "None", "otherNonOperatingIncome": "None", "depreciation": "None", "depreciationAndAmortization": "930000000", "incomeBeforeTax": "279000000", "incomeTaxExpense": "93000000", "interestAndDebtExpense": "None", "netIncomeFromContinuingOperations": "186000000", "comprehensiveIncomeNetOfTax": "None", "ebit": "279000000", "ebitda": "1209000000", "netIncome": "271000000"}, {"fiscalDateEnding": "2022-09-30", "reportedCurrency": "USD", "grossProfit": "14042000000", "totalRevenue": "14042000000", "costOfRevenue": "2093000000", "costofGoodsAndServicesSold": "2093000000", "operatingIncome": "3904000000", "sellingGeneralAndAdministrative": "2075000000", "researchAndDevelopment": "None", "operatingExpenses": "10138000000", "investmentIncomeNet": "None", "netInterestIncome": "-282000000", "interestIncome": "282000000", "interestExpense": "282000000", "nonInterestIncome": "None", "otherNonOperatingIncome": "None", "depreciation": "None", "depreciationAndAmortization": "1131000000", "incomeBeforeTax": "3904000000", "incomeTaxExpense": "817000000", "interestAndDebtExpense": "None", "netIncomeFromContinuingOperations": "3041000000", "comprehensiveIncomeNetOfTax": "None", "ebit": "3904000000", "ebitda": "5035000000", "netIncome": "2748000000"}, {"fiscalDateEnding": "2022-06-30", "reportedCurrency": "USD", "grossProfit": "13681000000", "totalRevenue": "13681000000", "costOfRevenue": "2223000000", "costofGoodsAndServicesSold": "2223000000", "operatingIncome": "3925000000", "sellingGeneralAndAdministrative": "2206000000", "researchAndDevelopment": "None", "operatingExpenses": "9756000000", "investmentIncomeNet": "None", "netInterestIncome": "-266000000", "interestIncome": "266000000", "interestExpense": "266000000", "nonInterestIncome": "None", "otherNonOperatingIncome": "None", "depreciation": "None", "depreciationAndAmortization": "1056000000", "incomeBeforeTax": "3925000000", "incomeTaxExpense": "845000000", "interestAndDebtExpense": "None", "netIncomeFromContinuingOperations": "3393000000", "comprehensiveIncomeNetOfTax": "None", "ebit": "3925000000", "ebitda": "4981000000", "netIncome": "2754000000"}, {"fiscalDateEnding": "2022-03-31", "reportedCurrency": "USD", "grossProfit": "14971000000", "totalRevenue": "14971000000", "costOfRevenue": "2181000000", "costofGoodsAndServicesSold": "2181000000", "operatingIncome": "5714000000", "sellingGeneralAndAdministrative": "2164000000", "researchAndDevelopment": "None", "operatingExpenses": "9257000000", "investmentIncomeNet": "None", "netInterestIncome": "-263000000", "interestIncome": "453000000", "interestExpense": "263000000", "nonInterestIncome": "None", "otherNonOperatingIncome": "None", "depreciation": "None", "depreciationAndAmortization": "1134000000", "incomeBeforeTax": "5714000000", "incomeTaxExpense": "1154000000", "interestAndDebtExpense": "None", "netIncomeFromContinuingOperations": "4656000000", "comprehensiveIncomeNetOfTax": "None", "ebit": "5714000000", "ebitda": "6848000000", "netIncome": "4173000000"}, {"fiscalDateEnding": "2021-12-31", "reportedCurrency": "USD", "grossProfit": "13915000000", "totalRevenue": "13915000000", "costOfRevenue": "-29069000000", "costofGoodsAndServicesSold": "-29069000000", "operatingIncome": "5048000000", "sellingGeneralAndAdministrative": "2244000000", "researchAndDevelopment": "None", "operatingExpenses": "8867000000", "investmentIncomeNet": "None", "netInterestIncome": "-297000000", "interestIncome": "297000000", "interestExpense": "297000000", "nonInterestIncome": "None", "otherNonOperatingIncome": "None", "depreciation": "None", "depreciationAndAmortization": "1043000000", "incomeBeforeTax": "5048000000", "incomeTaxExpense": "942000000", "interestAndDebtExpense": "None", "netIncomeFromContinuingOperations": "4106000000", "comprehensiveIncomeNetOfTax": "None", "ebit": "5048000000", "ebitda": "6091000000", "netIncome": "3746000000"}, {"fiscalDateEnding": "2021-09-30", "reportedCurrency": "USD", "grossProfit": "12810000000", "totalRevenue": "12810000000", "costOfRevenue": "2240000000", "costofGoodsAndServicesSold": "2240000000", "operatingIncome": "2176000000", "sellingGeneralAndAdministrative": "2240000000", "researchAndDevelopment": "None", "operatingExpenses": "10634000000", "investmentIncomeNet": "None", "netInterestIncome": "-328000000", "interestIncome": "435000000", "interestExpense": "328000000", "nonInterestIncome": "None", "otherNonOperatingIncome": "None", "depreciation": "None", "depreciationAndAmortization": "1220000000", "incomeBeforeTax": "2176000000", "incomeTaxExpense": "439000000", "interestAndDebtExpense": "None", "netIncomeFromContinuingOperations": "1737000000", "comprehensiveIncomeNetOfTax": "None", "ebit": "2176000000", "ebitda": "3396000000", "netIncome": "1667000000"}, {"fiscalDateEnding": "2021-06-30", "reportedCurrency": "USD", "grossProfit": "10681000000", "totalRevenue": "10681000000", "costOfRevenue": "2218000000", "costofGoodsAndServicesSold": "2218000000", "operatingIncome": "147000000", "sellingGeneralAndAdministrative": "2218000000", "researchAndDevelopment": "None", "operatingExpenses": "10534000000", "investmentIncomeNet": "None", "netInterestIncome": "-338000000", "interestIncome": "503000000", "interestExpense": "338000000", "nonInterestIncome": "None", "otherNonOperatingIncome": "None", "depreciation": "None", "depreciationAndAmortization": "947000000", "incomeBeforeTax": "147000000", "incomeTaxExpense": "-3000000", "interestAndDebtExpense": "None", "netIncomeFromContinuingOperations": "150000000", "comprehensiveIncomeNetOfTax": "None", "ebit": "147000000", "ebitda": "1094000000", "netIncome": "99000000"}, {"fiscalDateEnding": "2021-03-31", "reportedCurrency": "USD", "grossProfit": "14418000000", "totalRevenue": "14418000000", "costOfRevenue": "2088000000", "costofGoodsAndServicesSold": "2088000000", "operatingIncome": "4728000000", "sellingGeneralAndAdministrative": "2088000000", "researchAndDevelopment": "None", "operatingExpenses": "9690000000", "investmentIncomeNet": "None", "netInterestIncome": "-342000000", "interestIncome": "414000000", "interestExpense": "342000000", "nonInterestIncome": "None", "otherNonOperatingIncome": "None", "depreciation": "None", "depreciationAndAmortization": "1423000000", "incomeBeforeTax": "4728000000", "incomeTaxExpense": "798000000", "interestAndDebtExpense": "None", "netIncomeFromContinuingOperations": "3930000000", "comprehensiveIncomeNetOfTax": "None", "ebit": "4728000000", "ebitda": "6151000000", "netIncome": "3876000000"}, {"fiscalDateEnding": "2020-12-31", "reportedCurrency": "USD", "grossProfit": "9712000000", "totalRevenue": "9712000000", "costOfRevenue": "-25735000000", "costofGoodsAndServicesSold": "-25735000000", "operatingIncome": "-558000000", "sellingGeneralAndAdministrative": "2165000000", "researchAndDevelopment": "None", "operatingExpenses": "10270000000", "investmentIncomeNet": "None", "netInterestIncome": "-358000000", "interestIncome": "489000000", "interestExpense": "358000000", "nonInterestIncome": "None", "otherNonOperatingIncome": "None", "depreciation": "None", "depreciationAndAmortization": "897000000", "incomeBeforeTax": "-558000000", "incomeTaxExpense": "-542000000", "interestAndDebtExpense": "None", "netIncomeFromContinuingOperations": "-16000000", "comprehensiveIncomeNetOfTax": "None", "ebit": "-558000000", "ebitda": "339000000", "netIncome": "-53000000"}, {"fiscalDateEnding": "2020-09-30", "reportedCurrency": "USD", "grossProfit": "10221000000", "totalRevenue": "10221000000", "costOfRevenue": "1991000000", "costofGoodsAndServicesSold": "1991000000", "operatingIncome": "368000000", "sellingGeneralAndAdministrative": "1991000000", "researchAndDevelopment": "None", "operatingExpenses": "9853000000", "investmentIncomeNet": "None", "netInterestIncome": "-379000000", "interestIncome": "379000000", "interestExpense": "379000000", "nonInterestIncome": "None", "otherNonOperatingIncome": "None", "depreciation": "None", "depreciationAndAmortization": "663000000", "incomeBeforeTax": "368000000", "incomeTaxExpense": "74000000", "interestAndDebtExpense": "None", "netIncomeFromContinuingOperations": "294000000", "comprehensiveIncomeNetOfTax": "None", "ebit": "368000000", "ebitda": "1031000000", "netIncome": "288000000"}, {"fiscalDateEnding": "2020-06-30", "reportedCurrency": "USD", "grossProfit": "9414000000", "totalRevenue": "9414000000", "costOfRevenue": "2087000000", "costofGoodsAndServicesSold": "2087000000", "operatingIncome": "-9661000000", "sellingGeneralAndAdministrative": "2087000000", "researchAndDevelopment": "None", "operatingExpenses": "19075000000", "investmentIncomeNet": "None", "netInterestIncome": "-365000000", "interestIncome": "498000000", "interestExpense": "365000000", "nonInterestIncome": "None", "otherNonOperatingIncome": "None", "depreciation": "None", "depreciationAndAmortization": "682000000", "incomeBeforeTax": "-9661000000", "incomeTaxExpense": "-1896000000", "interestAndDebtExpense": "None", "netIncomeFromContinuingOperations": "-7765000000", "comprehensiveIncomeNetOfTax": "None", "ebit": "-9661000000", "ebitda": "-8979000000", "netIncome": "-7928000000"}, {"fiscalDateEnding": "2020-03-31", "reportedCurrency": "USD", "grossProfit": "14481000000", "totalRevenue": "14481000000", "costOfRevenue": "2153000000", "costofGoodsAndServicesSold": "2153000000", "operatingIncome": "2558000000", "sellingGeneralAndAdministrative": "2153000000", "researchAndDevelopment": "None", "operatingExpenses": "11923000000", "investmentIncomeNet": "None", "netInterestIncome": "-355000000", "interestIncome": "513000000", "interestExpense": "355000000", "nonInterestIncome": "None", "otherNonOperatingIncome": "None", "depreciation": "None", "depreciationAndAmortization": "1878000000", "incomeBeforeTax": "2558000000", "incomeTaxExpense": "904000000", "interestAndDebtExpense": "None", "netIncomeFromContinuingOperations": "1654000000", "comprehensiveIncomeNetOfTax": "None", "ebit": "2558000000", "ebitda": "4436000000", "netIncome": "1749000000"}, {"fiscalDateEnding": "2019-12-31", "reportedCurrency": "USD", "grossProfit": "11826000000", "totalRevenue": "11826000000", "costOfRevenue": "-28328000000", "costofGoodsAndServicesSold": "-28328000000", "operatingIncome": "1036000000", "sellingGeneralAndAdministrative": "2157000000", "researchAndDevelopment": "None", "operatingExpenses": "10790000000", "investmentIncomeNet": "None", "netInterestIncome": "-360000000", "interestIncome": "519000000", "interestExpense": "360000000", "nonInterestIncome": "None", "otherNonOperatingIncome": "None", "depreciation": "None", "depreciationAndAmortization": "1173000000", "incomeBeforeTax": "1036000000", "incomeTaxExpense": "216000000", "interestAndDebtExpense": "None", "netIncomeFromContinuingOperations": "820000000", "comprehensiveIncomeNetOfTax": "None", "ebit": "1036000000", "ebitda": "2209000000", "netIncome": "929000000"}, {"fiscalDateEnding": "2019-09-30", "reportedCurrency": "USD", "grossProfit": "12939000000", "totalRevenue": "12939000000", "costOfRevenue": "2187000000", "costofGoodsAndServicesSold": "2187000000", "operatingIncome": "1260000000", "sellingGeneralAndAdministrative": "2187000000", "researchAndDevelopment": "None", "operatingExpenses": "11679000000", "investmentIncomeNet": "None", "netInterestIncome": "-348000000", "interestIncome": "495000000", "interestExpense": "348000000", "nonInterestIncome": "None", "otherNonOperatingIncome": "None", "depreciation": "None", "depreciationAndAmortization": "1176000000", "incomeBeforeTax": "1260000000", "incomeTaxExpense": "287000000", "interestAndDebtExpense": "None", "netIncomeFromContinuingOperations": "973000000", "comprehensiveIncomeNetOfTax": "None", "ebit": "1260000000", "ebitda": "2436000000", "netIncome": "656000000"}, {"fiscalDateEnding": "2019-06-30", "reportedCurrency": "USD", "grossProfit": "12547000000", "totalRevenue": "12547000000", "costOfRevenue": "2140000000", "costofGoodsAndServicesSold": "2140000000", "operatingIncome": "1837000000", "sellingGeneralAndAdministrative": "2140000000", "researchAndDevelopment": "None", "operatingExpenses": "10710000000", "investmentIncomeNet": "None", "netInterestIncome": "-360000000", "interestIncome": "518000000", "interestExpense": "360000000", "nonInterestIncome": "None", "otherNonOperatingIncome": "None", "depreciation": "None", "depreciationAndAmortization": "1358000000", "incomeBeforeTax": "1837000000", "incomeTaxExpense": "446000000", "interestAndDebtExpense": "None", "netIncomeFromContinuingOperations": "1391000000", "comprehensiveIncomeNetOfTax": "None", "ebit": "1837000000", "ebitda": "3195000000", "netIncome": "1109000000"}, {"fiscalDateEnding": "2019-03-31", "reportedCurrency": "USD", "grossProfit": "12480000000", "totalRevenue": "12480000000", "costOfRevenue": "2053000000", "costofGoodsAndServicesSold": "2053000000", "operatingIncome": "1154000000", "sellingGeneralAndAdministrative": "2053000000", "researchAndDevelopment": "None", "operatingExpenses": "11326000000", "investmentIncomeNet": "None", "netInterestIncome": "-349000000", "interestIncome": "349000000", "interestExpense": "349000000", "nonInterestIncome": "None", "otherNonOperatingIncome": "None", "depreciation": "None", "depreciationAndAmortization": "1299000000", "incomeBeforeTax": "1154000000", "incomeTaxExpense": "217000000", "interestAndDebtExpense": "None", "netIncomeFromContinuingOperations": "937000000", "comprehensiveIncomeNetOfTax": "None", "ebit": "1154000000", "ebitda": "2453000000", "netIncome": "654000000"}, {"fiscalDateEnding": "2018-12-31", "reportedCurrency": "USD", "grossProfit": "12579000000", "totalRevenue": "12579000000", "costOfRevenue": "-25600000000", "costofGoodsAndServicesSold": "-25600000000", "operatingIncome": "-695000000", "sellingGeneralAndAdministrative": "2383000000", "researchAndDevelopment": "0", "operatingExpenses": "13274000000", "investmentIncomeNet": "None", "netInterestIncome": "None", "interestIncome": "None", "interestExpense": "407000000", "nonInterestIncome": "None", "otherNonOperatingIncome": "None", "depreciation": "None", "depreciationAndAmortization": "1549000000", "incomeBeforeTax": "-695000000", "incomeTaxExpense": "-137000000", "interestAndDebtExpense": "None", "netIncomeFromContinuingOperations": "-558000000", "comprehensiveIncomeNetOfTax": "None", "ebit": "-695000000", "ebitda": "854000000", "netIncome": "-622000000"}, {"fiscalDateEnding": "2018-09-30", "reportedCurrency": "USD", "grossProfit": "11509000000", "totalRevenue": "11509000000", "costOfRevenue": "2325000000", "costofGoodsAndServicesSold": "2325000000", "operatingIncome": "-1527000000", "sellingGeneralAndAdministrative": "2325000000", "researchAndDevelopment": "0", "operatingExpenses": "13036000000", "investmentIncomeNet": "None", "netInterestIncome": "None", "interestIncome": "None", "interestExpense": "326000000", "nonInterestIncome": "None", "otherNonOperatingIncome": "None", "depreciation": "None", "depreciationAndAmortization": "1029000000", "incomeBeforeTax": "-1527000000", "incomeTaxExpense": "-307000000", "interestAndDebtExpense": "None", "netIncomeFromContinuingOperations": "-1220000000", "comprehensiveIncomeNetOfTax": "None", "ebit": "-1527000000", "ebitda": "-498000000", "netIncome": "-1259000000"}, {"fiscalDateEnding": "2018-06-30", "reportedCurrency": "USD", "grossProfit": "11657000000", "totalRevenue": "11657000000", "costOfRevenue": "2323000000", "costofGoodsAndServicesSold": "2323000000", "operatingIncome": "1252000000", "sellingGeneralAndAdministrative": "2323000000", "researchAndDevelopment": "0", "operatingExpenses": "10405000000", "investmentIncomeNet": "None", "netInterestIncome": "None", "interestIncome": "None", "interestExpense": "299000000", "nonInterestIncome": "None", "otherNonOperatingIncome": "None", "depreciation": "None", "depreciationAndAmortization": "1402000000", "incomeBeforeTax": "1252000000", "incomeTaxExpense": "321000000", "interestAndDebtExpense": "None", "netIncomeFromContinuingOperations": "931000000", "comprehensiveIncomeNetOfTax": "None", "ebit": "1252000000", "ebitda": "2654000000", "netIncome": "937000000"}, {"fiscalDateEnding": "2018-03-31", "reportedCurrency": "USD", "grossProfit": "11736000000", "totalRevenue": "11736000000", "costOfRevenue": "2271000000", "costofGoodsAndServicesSold": "2271000000", "operatingIncome": "1227000000", "sellingGeneralAndAdministrative": "2271000000", "researchAndDevelopment": "0", "operatingExpenses": "10509000000", "investmentIncomeNet": "None", "netInterestIncome": "None", "interestIncome": "None", "interestExpense": "277000000", "nonInterestIncome": "None", "otherNonOperatingIncome": "None", "depreciation": "None", "depreciationAndAmortization": "1382000000", "incomeBeforeTax": "1227000000", "incomeTaxExpense": "277000000", "interestAndDebtExpense": "None", "netIncomeFromContinuingOperations": "950000000", "comprehensiveIncomeNetOfTax": "None", "ebit": "1227000000", "ebitda": "2609000000", "netIncome": "938000000"}, {"fiscalDateEnding": "2017-12-31", "reportedCurrency": "USD", "grossProfit": "12629000000", "totalRevenue": "12629000000", "costOfRevenue": "-28194000000", "costofGoodsAndServicesSold": "-28194000000", "operatingIncome": "875000000", "sellingGeneralAndAdministrative": "2333000000", "researchAndDevelopment": "0", "operatingExpenses": "11754000000", "investmentIncomeNet": "None", "netInterestIncome": "None", "interestIncome": "None", "interestExpense": "288000000", "nonInterestIncome": "None", "otherNonOperatingIncome": "None", "depreciation": "None", "depreciationAndAmortization": "1068000000", "incomeBeforeTax": "875000000", "incomeTaxExpense": "7544000000", "interestAndDebtExpense": "None", "netIncomeFromContinuingOperations": "-6669000000", "comprehensiveIncomeNetOfTax": "None", "ebit": "875000000", "ebitda": "1943000000", "netIncome": "-6660000000"}, {"fiscalDateEnding": "2017-09-30", "reportedCurrency": "USD", "grossProfit": "12062000000", "totalRevenue": "12062000000", "costOfRevenue": "2149000000", "costofGoodsAndServicesSold": "2149000000", "operatingIncome": "-2803000000", "sellingGeneralAndAdministrative": "2149000000", "researchAndDevelopment": "0", "operatingExpenses": "14865000000", "investmentIncomeNet": "None", "netInterestIncome": "None", "interestIncome": "None", "interestExpense": "290000000", "nonInterestIncome": "None", "otherNonOperatingIncome": "None", "depreciation": "None", "depreciationAndAmortization": "804000000", "incomeBeforeTax": "-2803000000", "incomeTaxExpense": "-1091000000", "interestAndDebtExpense": "None", "netIncomeFromContinuingOperations": "-1712000000", "comprehensiveIncomeNetOfTax": "None", "ebit": "-2803000000", "ebitda": "-1999000000", "netIncome": "-1739000000"}, {"fiscalDateEnding": "2017-06-30", "reportedCurrency": "USD", "grossProfit": "12572000000", "totalRevenue": "12572000000", "costOfRevenue": "2182000000", "costofGoodsAndServicesSold": "2182000000", "operatingIncome": "1667000000", "sellingGeneralAndAdministrative": "2182000000", "researchAndDevelopment": "0", "operatingExpenses": "10905000000", "investmentIncomeNet": "None", "netInterestIncome": "None", "interestIncome": "None", "interestExpense": "292000000", "nonInterestIncome": "None", "otherNonOperatingIncome": "None", "depreciation": "None", "depreciationAndAmortization": "990000000", "incomeBeforeTax": "1667000000", "incomeTaxExpense": "557000000", "interestAndDebtExpense": "None", "netIncomeFromContinuingOperations": "1110000000", "comprehensiveIncomeNetOfTax": "None", "ebit": "1667000000", "ebitda": "2657000000", "netIncome": "1130000000"}, {"fiscalDateEnding": "2017-03-31", "reportedCurrency": "USD", "grossProfit": "12667000000", "totalRevenue": "12667000000", "costOfRevenue": "2543000000", "costofGoodsAndServicesSold": "2543000000", "operatingIncome": "1727000000", "sellingGeneralAndAdministrative": "2443000000", "researchAndDevelopment": "0", "operatingExpenses": "10940000000", "investmentIncomeNet": "None", "netInterestIncome": "None", "interestIncome": "None", "interestExpense": "298000000", "nonInterestIncome": "None", "otherNonOperatingIncome": "None", "depreciation": "None", "depreciationAndAmortization": "1012000000", "incomeBeforeTax": "1727000000", "incomeTaxExpense": "516000000", "interestAndDebtExpense": "None", "netIncomeFromContinuingOperations": "1211000000", "comprehensiveIncomeNetOfTax": "None", "ebit": "1727000000", "ebitda": "2739000000", "netIncome": "1185000000"}, {"fiscalDateEnding": "2016-12-31", "reportedCurrency": "USD", "grossProfit": "13076000000", "totalRevenue": "13076000000", "costOfRevenue": "-29234000000", "costofGoodsAndServicesSold": "-29234000000", "operatingIncome": "-3455000000", "sellingGeneralAndAdministrative": "2864000000", "researchAndDevelopment": "0", "operatingExpenses": "16531000000", "investmentIncomeNet": "None", "netInterestIncome": "None", "interestIncome": "None", "interestExpense": "305000000", "nonInterestIncome": "None", "otherNonOperatingIncome": "None", "depreciation": "None", "depreciationAndAmortization": "1276000000", "incomeBeforeTax": "-3455000000", "incomeTaxExpense": "-985000000", "interestAndDebtExpense": "None", "netIncomeFromContinuingOperations": "-2470000000", "comprehensiveIncomeNetOfTax": "None", "ebit": "-3455000000", "ebitda": "-2179000000", "netIncome": "-3041000000"}, {"fiscalDateEnding": "2016-09-30", "reportedCurrency": "USD", "grossProfit": "12926000000", "totalRevenue": "12926000000", "costOfRevenue": "2536000000", "costofGoodsAndServicesSold": "2536000000", "operatingIncome": "737000000", "sellingGeneralAndAdministrative": "2536000000", "researchAndDevelopment": "0", "operatingExpenses": "12189000000", "investmentIncomeNet": "None", "netInterestIncome": "None", "interestIncome": "None", "interestExpense": "329000000", "nonInterestIncome": "None", "otherNonOperatingIncome": "None", "depreciation": "None", "depreciationAndAmortization": "544000000", "incomeBeforeTax": "737000000", "incomeTaxExpense": "304000000", "interestAndDebtExpense": "None", "netIncomeFromContinuingOperations": "433000000", "comprehensiveIncomeNetOfTax": "None", "ebit": "737000000", "ebitda": "1281000000", "netIncome": "462000000"}, {"fiscalDateEnding": "2016-06-30", "reportedCurrency": "USD", "grossProfit": "14846000000", "totalRevenue": "14846000000", "costOfRevenue": "2586000000", "costofGoodsAndServicesSold": "2586000000", "operatingIncome": "2858000000", "sellingGeneralAndAdministrative": "2586000000", "researchAndDevelopment": "0", "operatingExpenses": "11988000000", "investmentIncomeNet": "None", "netInterestIncome": "None", "interestIncome": "None", "interestExpense": "320000000", "nonInterestIncome": "None", "otherNonOperatingIncome": "None", "depreciation": "None", "depreciationAndAmortization": "1073000000", "incomeBeforeTax": "2858000000", "incomeTaxExpense": "924000000", "interestAndDebtExpense": "None", "netIncomeFromContinuingOperations": "1934000000", "comprehensiveIncomeNetOfTax": "None", "ebit": "2858000000", "ebitda": "3931000000", "netIncome": "1913000000"}, {"fiscalDateEnding": "2016-03-31", "reportedCurrency": "USD", "grossProfit": "11906000000", "totalRevenue": "11906000000", "costOfRevenue": "10217000000", "costofGoodsAndServicesSold": "10217000000", "operatingIncome": "-214000000", "sellingGeneralAndAdministrative": "3003000000", "researchAndDevelopment": "0", "operatingExpenses": "12120000000", "investmentIncomeNet": "None", "netInterestIncome": "None", "interestIncome": "None", "interestExpense": "306000000", "nonInterestIncome": "None", "otherNonOperatingIncome": "None", "depreciation": "None", "depreciationAndAmortization": "1197000000", "incomeBeforeTax": "-214000000", "incomeTaxExpense": "-58000000", "interestAndDebtExpense": "None", "netIncomeFromContinuingOperations": "-156000000", "comprehensiveIncomeNetOfTax": "None", "ebit": "-214000000", "ebitda": "983000000", "netIncome": "-183000000"}, {"fiscalDateEnding": "2015-12-31", "reportedCurrency": "USD", "grossProfit": "14272000000", "totalRevenue": "14272000000", "costOfRevenue": "-31136000000", "costofGoodsAndServicesSold": "-31136000000", "operatingIncome": "-2932000000", "sellingGeneralAndAdministrative": "3472000000", "researchAndDevelopment": "0", "operatingExpenses": "17204000000", "investmentIncomeNet": "None", "netInterestIncome": "None", "interestIncome": "None", "interestExpense": "304000000", "nonInterestIncome": "None", "otherNonOperatingIncome": "None", "depreciation": "None", "depreciationAndAmortization": "1127000000", "incomeBeforeTax": "-2932000000", "incomeTaxExpense": "-1083000000", "interestAndDebtExpense": "None", "netIncomeFromContinuingOperations": "-1849000000", "comprehensiveIncomeNetOfTax": "None", "ebit": "-2932000000", "ebitda": "-1805000000", "netIncome": "-1841000000"}, {"fiscalDateEnding": "2015-09-30", "reportedCurrency": "USD", "grossProfit": "12848000000", "totalRevenue": "12848000000", "costOfRevenue": "3175000000", "costofGoodsAndServicesSold": "3175000000", "operatingIncome": "-115000000", "sellingGeneralAndAdministrative": "3175000000", "researchAndDevelopment": "0", "operatingExpenses": "12963000000", "investmentIncomeNet": "None", "netInterestIncome": "None", "interestIncome": "None", "interestExpense": "321000000", "nonInterestIncome": "None", "otherNonOperatingIncome": "None", "depreciation": "None", "depreciationAndAmortization": "1092000000", "incomeBeforeTax": "-115000000", "incomeTaxExpense": "65000000", "interestAndDebtExpense": "None", "netIncomeFromContinuingOperations": "-180000000", "comprehensiveIncomeNetOfTax": "None", "ebit": "-115000000", "ebitda": "977000000", "netIncome": "-231000000"}, {"fiscalDateEnding": "2015-06-30", "reportedCurrency": "USD", "grossProfit": "15784000000", "totalRevenue": "15784000000", "costOfRevenue": "11304000000", "costofGoodsAndServicesSold": "11304000000", "operatingIncome": "2552000000", "sellingGeneralAndAdministrative": "3090000000", "researchAndDevelopment": "0", "operatingExpenses": "13232000000", "investmentIncomeNet": "None", "netInterestIncome": "None", "interestIncome": "None", "interestExpense": "316000000", "nonInterestIncome": "None", "otherNonOperatingIncome": "None", "depreciation": "None", "depreciationAndAmortization": "1184000000", "incomeBeforeTax": "2552000000", "incomeTaxExpense": "777000000", "interestAndDebtExpense": "None", "netIncomeFromContinuingOperations": "1775000000", "comprehensiveIncomeNetOfTax": "None", "ebit": "2552000000", "ebitda": "3736000000", "netIncome": "1800000000"}, {"fiscalDateEnding": "2015-03-31", "reportedCurrency": "USD", "grossProfit": "16021000000", "totalRevenue": "16021000000", "costOfRevenue": "10559000000", "costofGoodsAndServicesSold": "10559000000", "operatingIncome": "3776000000", "sellingGeneralAndAdministrative": "2949000000", "researchAndDevelopment": "0", "operatingExpenses": "12245000000", "investmentIncomeNet": "None", "netInterestIncome": "None", "interestIncome": "None", "interestExpense": "340000000", "nonInterestIncome": "None", "otherNonOperatingIncome": "None", "depreciation": "None", "depreciationAndAmortization": "1226000000", "incomeBeforeTax": "3776000000", "incomeTaxExpense": "1300000000", "interestAndDebtExpense": "None", "netIncomeFromContinuingOperations": "2476000000", "comprehensiveIncomeNetOfTax": "None", "ebit": "3776000000", "ebitda": "5002000000", "netIncome": "2468000000"}, {"fiscalDateEnding": "2014-12-31", "reportedCurrency": "USD", "grossProfit": "15607000000", "totalRevenue": "15607000000", "costOfRevenue": "-35887000000", "costofGoodsAndServicesSold": "-35887000000", "operatingIncome": "729000000", "sellingGeneralAndAdministrative": "13138000000", "researchAndDevelopment": "0", "operatingExpenses": "14878000000", "investmentIncomeNet": "None", "netInterestIncome": "None", "interestIncome": "None", "interestExpense": "346000000", "nonInterestIncome": "None", "otherNonOperatingIncome": "None", "depreciation": "None", "depreciationAndAmortization": "1076000000", "incomeBeforeTax": "729000000", "incomeTaxExpense": "19000000", "interestAndDebtExpense": "None", "netIncomeFromContinuingOperations": "710000000", "comprehensiveIncomeNetOfTax": "None", "ebit": "729000000", "ebitda": "1805000000", "netIncome": "655000000"}, {"fiscalDateEnding": "2014-09-30", "reportedCurrency": "USD", "grossProfit": "16760000000", "totalRevenue": "16760000000", "costOfRevenue": "11495000000", "costofGoodsAndServicesSold": "11495000000", "operatingIncome": "3019000000", "sellingGeneralAndAdministrative": "3151000000", "researchAndDevelopment": "0", "operatingExpenses": "13741000000", "investmentIncomeNet": "None", "netInterestIncome": "None", "interestIncome": "None", "interestExpense": "430000000", "nonInterestIncome": "None", "otherNonOperatingIncome": "None", "depreciation": "None", "depreciationAndAmortization": "1029000000", "incomeBeforeTax": "3019000000", "incomeTaxExpense": "820000000", "interestAndDebtExpense": "None", "netIncomeFromContinuingOperations": "2199000000", "comprehensiveIncomeNetOfTax": "None", "ebit": "3019000000", "ebitda": "4048000000", "netIncome": "2192000000"}, {"fiscalDateEnding": "2014-06-30", "reportedCurrency": "USD", "grossProfit": "16166000000", "totalRevenue": "16166000000", "costOfRevenue": "489000000", "costofGoodsAndServicesSold": "489000000", "operatingIncome": "4480000000", "sellingGeneralAndAdministrative": "4203000000", "researchAndDevelopment": "0", "operatingExpenses": "11686000000", "investmentIncomeNet": "None", "netInterestIncome": "None", "interestIncome": "None", "interestExpense": "463000000", "nonInterestIncome": "None", "otherNonOperatingIncome": "None", "depreciation": "None", "depreciationAndAmortization": "1222000000", "incomeBeforeTax": "4480000000", "incomeTaxExpense": "1474000000", "interestAndDebtExpense": "None", "netIncomeFromContinuingOperations": "3006000000", "comprehensiveIncomeNetOfTax": "None", "ebit": "4480000000", "ebitda": "5702000000", "netIncome": "3073000000"}, {"fiscalDateEnding": "2014-03-31", "reportedCurrency": "USD", "grossProfit": "16200000000", "totalRevenue": "16200000000", "costOfRevenue": "12056000000", "costofGoodsAndServicesSold": "12056000000", "operatingIncome": "2273000000", "sellingGeneralAndAdministrative": "4120000000", "researchAndDevelopment": "0", "operatingExpenses": "13927000000", "investmentIncomeNet": "None", "netInterestIncome": "None", "interestIncome": "None", "interestExpense": "479000000", "nonInterestIncome": "None", "otherNonOperatingIncome": "None", "depreciation": "None", "depreciationAndAmortization": "1121000000", "incomeBeforeTax": "2273000000", "incomeTaxExpense": "614000000", "interestAndDebtExpense": "None", "netIncomeFromContinuingOperations": "1659000000", "comprehensiveIncomeNetOfTax": "None", "ebit": "2273000000", "ebitda": "3394000000", "netIncome": "1609000000"}, {"fiscalDateEnding": "2013-12-31", "reportedCurrency": "USD", "grossProfit": "21608000000", "totalRevenue": "21608000000", "costOfRevenue": "4597000000", "costofGoodsAndServicesSold": "4597000000", "operatingIncome": "2210000000", "sellingGeneralAndAdministrative": "6915000000", "researchAndDevelopment": "0", "operatingExpenses": "19398000000", "investmentIncomeNet": "None", "netInterestIncome": "None", "interestIncome": "None", "interestExpense": "514000000", "nonInterestIncome": "None", "otherNonOperatingIncome": "None", "depreciation": "None", "depreciationAndAmortization": "1203000000", "incomeBeforeTax": "2210000000", "incomeTaxExpense": "237000000", "interestAndDebtExpense": "None", "netIncomeFromContinuingOperations": "1973000000", "comprehensiveIncomeNetOfTax": "None", "ebit": "2210000000", "ebitda": "3413000000", "netIncome": "1978000000"}, {"fiscalDateEnding": "2013-09-30", "reportedCurrency": "USD", "grossProfit": "16038000000", "totalRevenue": "16038000000", "costOfRevenue": "13111000000", "costofGoodsAndServicesSold": "13111000000", "operatingIncome": "1178000000", "sellingGeneralAndAdministrative": "1119000000", "researchAndDevelopment": "0", "operatingExpenses": "14860000000", "investmentIncomeNet": "None", "netInterestIncome": "None", "interestIncome": "None", "interestExpense": "516000000", "nonInterestIncome": "None", "otherNonOperatingIncome": "None", "depreciation": "None", "depreciationAndAmortization": "1058000000", "incomeBeforeTax": "1178000000", "incomeTaxExpense": "-970000000", "interestAndDebtExpense": "None", "netIncomeFromContinuingOperations": "2172000000", "comprehensiveIncomeNetOfTax": "None", "ebit": "1178000000", "ebitda": "2236000000", "netIncome": "2170000000"}, {"fiscalDateEnding": "2013-06-30", "reportedCurrency": "USD", "grossProfit": "18463000000", "totalRevenue": "18463000000", "costOfRevenue": "13344000000", "costofGoodsAndServicesSold": "13344000000", "operatingIncome": "3165000000", "sellingGeneralAndAdministrative": "1093000000", "researchAndDevelopment": "0", "operatingExpenses": "15298000000", "investmentIncomeNet": "None", "netInterestIncome": "None", "interestIncome": "None", "interestExpense": "535000000", "nonInterestIncome": "None", "otherNonOperatingIncome": "None", "depreciation": "None", "depreciationAndAmortization": "1297000000", "incomeBeforeTax": "3165000000", "incomeTaxExpense": "425000000", "interestAndDebtExpense": "None", "netIncomeFromContinuingOperations": "2725000000", "comprehensiveIncomeNetOfTax": "None", "ebit": "3165000000", "ebitda": "4462000000", "netIncome": "2731000000"}, {"fiscalDateEnding": "2013-03-31", "reportedCurrency": "USD", "grossProfit": "17008000000", "totalRevenue": "17008000000", "costOfRevenue": "11967000000", "costofGoodsAndServicesSold": "11967000000", "operatingIncome": "2875000000", "sellingGeneralAndAdministrative": "1031000000", "researchAndDevelopment": "0", "operatingExpenses": "14133000000", "investmentIncomeNet": "None", "netInterestIncome": "None", "interestIncome": "None", "interestExpense": "577000000", "nonInterestIncome": "None", "otherNonOperatingIncome": "None", "depreciation": "None", "depreciationAndAmortization": "1203000000", "incomeBeforeTax": "2875000000", "incomeTaxExpense": "717000000", "interestAndDebtExpense": "None", "netIncomeFromContinuingOperations": "2138000000", "comprehensiveIncomeNetOfTax": "None", "ebit": "2875000000", "ebitda": "4078000000", "netIncome": "2206000000"}, {"fiscalDateEnding": "2012-12-31", "reportedCurrency": "USD", "grossProfit": "12338000000", "totalRevenue": "12338000000", "costOfRevenue": "2000000", "costofGoodsAndServicesSold": "2000000", "operatingIncome": "392000000", "sellingGeneralAndAdministrative": "720000000", "researchAndDevelopment": "0", "operatingExpenses": "11946000000", "investmentIncomeNet": "None", "netInterestIncome": "None", "interestIncome": "None", "interestExpense": "576000000", "nonInterestIncome": "None", "otherNonOperatingIncome": "None", "depreciation": "None", "depreciationAndAmortization": "-234000000", "incomeBeforeTax": "392000000", "incomeTaxExpense": "280000000", "interestAndDebtExpense": "None", "netIncomeFromContinuingOperations": "0", "comprehensiveIncomeNetOfTax": "None", "ebit": "392000000", "ebitda": "158000000", "netIncome": "-3958000000"}, {"fiscalDateEnding": "2012-09-30", "reportedCurrency": "USD", "grossProfit": "16671000000", "totalRevenue": "16671000000", "costOfRevenue": "720000000", "costofGoodsAndServicesSold": "720000000", "operatingIncome": "2558000000", "sellingGeneralAndAdministrative": "720000000", "researchAndDevelopment": "0", "operatingExpenses": "14113000000", "investmentIncomeNet": "None", "netInterestIncome": "None", "interestIncome": "None", "interestExpense": "602000000", "nonInterestIncome": "None", "otherNonOperatingIncome": "None", "depreciation": "None", "depreciationAndAmortization": "1461000000", "incomeBeforeTax": "2558000000", "incomeTaxExpense": "734000000", "interestAndDebtExpense": "None", "netIncomeFromContinuingOperations": "0", "comprehensiveIncomeNetOfTax": "None", "ebit": "2558000000", "ebitda": "4019000000", "netIncome": "1856000000"}, {"fiscalDateEnding": "2012-06-30", "reportedCurrency": "USD", "grossProfit": "16197000000", "totalRevenue": "16197000000", "costOfRevenue": "646000000", "costofGoodsAndServicesSold": "646000000", "operatingIncome": "1669000000", "sellingGeneralAndAdministrative": "4522000000", "researchAndDevelopment": "0", "operatingExpenses": "14528000000", "investmentIncomeNet": "None", "netInterestIncome": "None", "interestIncome": "None", "interestExpense": "567000000", "nonInterestIncome": "None", "otherNonOperatingIncome": "None", "depreciation": "None", "depreciationAndAmortization": "1343000000", "incomeBeforeTax": "1669000000", "incomeTaxExpense": "-491000000", "interestAndDebtExpense": "None", "netIncomeFromContinuingOperations": "0", "comprehensiveIncomeNetOfTax": "None", "ebit": "1669000000", "ebitda": "3012000000", "netIncome": "2332000000"}, {"fiscalDateEnding": "2012-03-31", "reportedCurrency": "USD", "grossProfit": "17495000000", "totalRevenue": "17495000000", "costOfRevenue": "11251000000", "costofGoodsAndServicesSold": "11251000000", "operatingIncome": "4466000000", "sellingGeneralAndAdministrative": "0", "researchAndDevelopment": "0", "operatingExpenses": "13029000000", "investmentIncomeNet": "None", "netInterestIncome": "None", "interestIncome": "None", "interestExpense": "565000000", "nonInterestIncome": "None", "otherNonOperatingIncome": "None", "depreciation": "None", "depreciationAndAmortization": "1215000000", "incomeBeforeTax": "4466000000", "incomeTaxExpense": "1081000000", "interestAndDebtExpense": "None", "netIncomeFromContinuingOperations": "0", "comprehensiveIncomeNetOfTax": "None", "ebit": "4466000000", "ebitda": "5681000000", "netIncome": "3208000000"}, {"fiscalDateEnding": "2011-12-31", "reportedCurrency": "USD", "grossProfit": "17409000000", "totalRevenue": "17409000000", "costOfRevenue": "50000000", "costofGoodsAndServicesSold": "50000000", "operatingIncome": "2867000000", "sellingGeneralAndAdministrative": "584000000", "researchAndDevelopment": "0", "operatingExpenses": "14542000000", "investmentIncomeNet": "None", "netInterestIncome": "None", "interestIncome": "None", "interestExpense": "897000000", "nonInterestIncome": "None", "otherNonOperatingIncome": "None", "depreciation": "None", "depreciationAndAmortization": "2431000000", "incomeBeforeTax": "2867000000", "incomeTaxExpense": "-16914000000", "interestAndDebtExpense": "None", "netIncomeFromContinuingOperations": "0", "comprehensiveIncomeNetOfTax": "None", "ebit": "2867000000", "ebitda": "5298000000", "netIncome": "19798000000"}, {"fiscalDateEnding": "2011-09-30", "reportedCurrency": "USD", "grossProfit": "12719000000", "totalRevenue": "12719000000", "costOfRevenue": "2095000000", "costofGoodsAndServicesSold": "2095000000", "operatingIncome": "-4270000000", "sellingGeneralAndAdministrative": "2057000000", "researchAndDevelopment": "0", "operatingExpenses": "16989000000", "investmentIncomeNet": "None", "netInterestIncome": "None", "interestIncome": "None", "interestExpense": "970000000", "nonInterestIncome": "None", "otherNonOperatingIncome": "None", "depreciation": "None", "depreciationAndAmortization": "2033000000", "incomeBeforeTax": "-4270000000", "incomeTaxExpense": "-665000000", "interestAndDebtExpense": "None", "netIncomeFromContinuingOperations": "-3724000000", "comprehensiveIncomeNetOfTax": "None", "ebit": "-4270000000", "ebitda": "-2237000000", "netIncome": "-3990000000"}, {"fiscalDateEnding": "2011-06-30", "reportedCurrency": "USD", "grossProfit": "16680000000", "totalRevenue": "16680000000", "costOfRevenue": "629000000", "costofGoodsAndServicesSold": "629000000", "operatingIncome": "1794000000", "sellingGeneralAndAdministrative": "3204000000", "researchAndDevelopment": "0", "operatingExpenses": "14886000000", "investmentIncomeNet": "None", "netInterestIncome": "None", "interestIncome": "None", "interestExpense": "1001000000", "nonInterestIncome": "None", "otherNonOperatingIncome": "None", "depreciation": "None", "depreciationAndAmortization": "1733000000", "incomeBeforeTax": "1794000000", "incomeTaxExpense": "-296000000", "interestAndDebtExpense": "None", "netIncomeFromContinuingOperations": "2094000000", "comprehensiveIncomeNetOfTax": "None", "ebit": "1794000000", "ebitda": "3527000000", "netIncome": "1836000000"}, {"fiscalDateEnding": "2011-03-31", "reportedCurrency": "USD", "grossProfit": "17439000000", "totalRevenue": "17439000000", "costOfRevenue": "12386000000", "costofGoodsAndServicesSold": "12386000000", "operatingIncome": "-1310000000", "sellingGeneralAndAdministrative": "0", "researchAndDevelopment": "0", "operatingExpenses": "18749000000", "investmentIncomeNet": "None", "netInterestIncome": "None", "interestIncome": "None", "interestExpense": "1061000000", "nonInterestIncome": "None", "otherNonOperatingIncome": "None", "depreciation": "None", "depreciationAndAmortization": "1852000000", "incomeBeforeTax": "-1310000000", "incomeTaxExpense": "-226000000", "interestAndDebtExpense": "None", "netIncomeFromContinuingOperations": "-1180000000", "comprehensiveIncomeNetOfTax": "None", "ebit": "-1310000000", "ebitda": "542000000", "netIncome": "1297000000"}, {"fiscalDateEnding": "2010-12-31", "reportedCurrency": "USD", "grossProfit": "21687000000", "totalRevenue": "21687000000", "costOfRevenue": "17767000000", "costofGoodsAndServicesSold": "17767000000", "operatingIncome": "14138000000", "sellingGeneralAndAdministrative": "12481000000", "researchAndDevelopment": "0", "operatingExpenses": "7549000000", "investmentIncomeNet": "None", "netInterestIncome": "None", "interestIncome": "None", "interestExpense": "2525000000", "nonInterestIncome": "None", "otherNonOperatingIncome": "None", "depreciation": "None", "depreciationAndAmortization": "2216000000", "incomeBeforeTax": "14138000000", "incomeTaxExpense": "4815000000", "interestAndDebtExpense": "None", "netIncomeFromContinuingOperations": "0", "comprehensiveIncomeNetOfTax": "None", "ebit": "14138000000", "ebitda": "16354000000", "netIncome": "11054000000"}, {"fiscalDateEnding": "2010-09-30", "reportedCurrency": "USD", "grossProfit": "19455000000", "totalRevenue": "19455000000", "costOfRevenue": "16219000000", "costofGoodsAndServicesSold": "16219000000", "operatingIncome": "306000000", "sellingGeneralAndAdministrative": "1031000000", "researchAndDevelopment": "0", "operatingExpenses": "19149000000", "investmentIncomeNet": "None", "netInterestIncome": "None", "interestIncome": "None", "interestExpense": "2310000000", "nonInterestIncome": "None", "otherNonOperatingIncome": "None", "depreciation": "None", "depreciationAndAmortization": "2696000000", "incomeBeforeTax": "306000000", "incomeTaxExpense": "486000000", "interestAndDebtExpense": "None", "netIncomeFromContinuingOperations": "0", "comprehensiveIncomeNetOfTax": "None", "ebit": "306000000", "ebitda": "3002000000", "netIncome": "-2517000000"}, {"fiscalDateEnding": "2010-06-30", "reportedCurrency": "USD", "grossProfit": "18314000000", "totalRevenue": "18314000000", "costOfRevenue": "-10968000000", "costofGoodsAndServicesSold": "-10968000000", "operatingIncome": "1501000000", "sellingGeneralAndAdministrative": "7829000000", "researchAndDevelopment": "0", "operatingExpenses": "16813000000", "investmentIncomeNet": "None", "netInterestIncome": "None", "interestIncome": "None", "interestExpense": "1734000000", "nonInterestIncome": "None", "otherNonOperatingIncome": "None", "depreciation": "None", "depreciationAndAmortization": "2282000000", "incomeBeforeTax": "1501000000", "incomeTaxExpense": "1005000000", "interestAndDebtExpense": "None", "netIncomeFromContinuingOperations": "0", "comprehensiveIncomeNetOfTax": "None", "ebit": "1501000000", "ebitda": "3783000000", "netIncome": "-2656000000"}, {"fiscalDateEnding": "2010-03-31", "reportedCurrency": "USD", "grossProfit": "18555000000", "totalRevenue": "18555000000", "costOfRevenue": "14620000000", "costofGoodsAndServicesSold": "14620000000", "operatingIncome": "1641000000", "sellingGeneralAndAdministrative": "0", "researchAndDevelopment": "0", "operatingExpenses": "16914000000", "investmentIncomeNet": "None", "netInterestIncome": "None", "interestIncome": "None", "interestExpense": "1751000000", "nonInterestIncome": "None", "otherNonOperatingIncome": "None", "depreciation": "None", "depreciationAndAmortization": "2813000000", "incomeBeforeTax": "1641000000", "incomeTaxExpense": "-447000000", "interestAndDebtExpense": "None", "netIncomeFromContinuingOperations": "0", "comprehensiveIncomeNetOfTax": "None", "ebit": "1641000000", "ebitda": "4454000000", "netIncome": "1783000000"}, {"fiscalDateEnding": "2009-12-31", "reportedCurrency": "USD", "grossProfit": "19972000000", "totalRevenue": "19972000000", "costOfRevenue": "35367000000", "costofGoodsAndServicesSold": "35367000000", "operatingIncome": "-8392000000", "sellingGeneralAndAdministrative": "5105000000", "researchAndDevelopment": "0", "operatingExpenses": "28364000000", "investmentIncomeNet": "None", "netInterestIncome": "None", "interestIncome": "None", "interestExpense": "7414000000", "nonInterestIncome": "None", "otherNonOperatingIncome": "None", "depreciation": "None", "depreciationAndAmortization": "12449000000", "incomeBeforeTax": "-8392000000", "incomeTaxExpense": "75000000", "interestAndDebtExpense": "None", "netIncomeFromContinuingOperations": "0", "comprehensiveIncomeNetOfTax": "None", "ebit": "-8392000000", "ebitda": "4057000000", "netIncome": "-8873000000"}, {"fiscalDateEnding": "2009-09-30", "reportedCurrency": "USD", "grossProfit": "19604000000", "totalRevenue": "19604000000", "costOfRevenue": "-17393000000", "costofGoodsAndServicesSold": "-17393000000", "operatingIncome": "-517000000", "sellingGeneralAndAdministrative": "15569000000", "researchAndDevelopment": "0", "operatingExpenses": "20121000000", "investmentIncomeNet": "None", "netInterestIncome": "None", "interestIncome": "None", "interestExpense": "2093000000", "nonInterestIncome": "None", "otherNonOperatingIncome": "None", "depreciation": "None", "depreciationAndAmortization": "2357000000", "incomeBeforeTax": "-517000000", "incomeTaxExpense": "-408000000", "interestAndDebtExpense": "None", "netIncomeFromContinuingOperations": "0", "comprehensiveIncomeNetOfTax": "None", "ebit": "-517000000", "ebitda": "1840000000", "netIncome": "455000000"}, {"fiscalDateEnding": "2009-06-30", "reportedCurrency": "USD", "grossProfit": "23922000000", "totalRevenue": "23922000000", "costOfRevenue": "17393000000", "costofGoodsAndServicesSold": "17393000000", "operatingIncome": "171000000", "sellingGeneralAndAdministrative": "0", "researchAndDevelopment": "0", "operatingExpenses": "23751000000", "investmentIncomeNet": "None", "netInterestIncome": "None", "interestIncome": "None", "interestExpense": "2553000000", "nonInterestIncome": "None", "otherNonOperatingIncome": "None", "depreciation": "None", "depreciationAndAmortization": "3722000000", "incomeBeforeTax": "171000000", "incomeTaxExpense": "-415000000", "interestAndDebtExpense": "None", "netIncomeFromContinuingOperations": "0", "comprehensiveIncomeNetOfTax": "None", "ebit": "171000000", "ebitda": "3893000000", "netIncome": "1822000000"}, {"fiscalDateEnding": "2009-03-31", "reportedCurrency": "USD", "grossProfit": "13315000000", "totalRevenue": "13315000000", "costOfRevenue": "19548000000", "costofGoodsAndServicesSold": "19548000000", "operatingIncome": "-6516000000", "sellingGeneralAndAdministrative": "0", "researchAndDevelopment": "0", "operatingExpenses": "19831000000", "investmentIncomeNet": "None", "netInterestIncome": "None", "interestIncome": "None", "interestExpense": "2587000000", "nonInterestIncome": "None", "otherNonOperatingIncome": "None", "depreciation": "None", "depreciationAndAmortization": "3050000000", "incomeBeforeTax": "-6516000000", "incomeTaxExpense": "-1303000000", "interestAndDebtExpense": "None", "netIncomeFromContinuingOperations": "0", "comprehensiveIncomeNetOfTax": "None", "ebit": "-6516000000", "ebitda": "-3466000000", "netIncome": "-4353000000"}, {"fiscalDateEnding": "2008-12-31", "reportedCurrency": "USD", "grossProfit": "-23758000000", "totalRevenue": "-23758000000", "costOfRevenue": "1706000000", "costofGoodsAndServicesSold": "1706000000", "operatingIncome": "-60556000000", "sellingGeneralAndAdministrative": "0", "researchAndDevelopment": "0", "operatingExpenses": "36798000000", "investmentIncomeNet": "None", "netInterestIncome": "None", "interestIncome": "None", "interestExpense": "12105000000", "nonInterestIncome": "None", "otherNonOperatingIncome": "None", "depreciation": "None", "depreciationAndAmortization": "796000000", "incomeBeforeTax": "-60556000000", "incomeTaxExpense": "2000000000", "interestAndDebtExpense": "None", "netIncomeFromContinuingOperations": "0", "comprehensiveIncomeNetOfTax": "None", "ebit": "-60556000000", "ebitda": "-59760000000", "netIncome": "-61659000000"}, {"fiscalDateEnding": "2008-09-30", "reportedCurrency": "USD", "grossProfit": "898000000", "totalRevenue": "898000000", "costOfRevenue": "25426000000", "costofGoodsAndServicesSold": "25426000000", "operatingIncome": "-28185000000", "sellingGeneralAndAdministrative": "0", "researchAndDevelopment": "0", "operatingExpenses": "29083000000", "investmentIncomeNet": "None", "netInterestIncome": "None", "interestIncome": "None", "interestExpense": "2297000000", "nonInterestIncome": "None", "otherNonOperatingIncome": "None", "depreciation": "None", "depreciationAndAmortization": "928000000", "incomeBeforeTax": "-28185000000", "incomeTaxExpense": "-3480000000", "interestAndDebtExpense": "None", "netIncomeFromContinuingOperations": "0", "comprehensiveIncomeNetOfTax": "None", "ebit": "-28185000000", "ebitda": "-27257000000", "netIncome": "-24468000000"}, {"fiscalDateEnding": "2008-06-30", "reportedCurrency": "USD", "grossProfit": "19933000000", "totalRevenue": "19933000000", "costOfRevenue": "10239000000", "costofGoodsAndServicesSold": "10239000000", "operatingIncome": "-8756000000", "sellingGeneralAndAdministrative": "0", "researchAndDevelopment": "0", "operatingExpenses": "28689000000", "investmentIncomeNet": "None", "netInterestIncome": "None", "interestIncome": "None", "interestExpense": "1333000000", "nonInterestIncome": "None", "otherNonOperatingIncome": "None", "depreciation": "None", "depreciationAndAmortization": "914000000", "incomeBeforeTax": "-8756000000", "incomeTaxExpense": "-3357000000", "interestAndDebtExpense": "None", "netIncomeFromContinuingOperations": "0", "comprehensiveIncomeNetOfTax": "None", "ebit": "-8756000000", "ebitda": "-7842000000", "netIncome": "-5357000000"}, {"fiscalDateEnding": "2008-03-31", "reportedCurrency": "USD", "grossProfit": "14031000000", "totalRevenue": "14031000000", "costOfRevenue": "9413000000", "costofGoodsAndServicesSold": "9413000000", "operatingIncome": "-11264000000", "sellingGeneralAndAdministrative": "0", "researchAndDevelopment": "0", "operatingExpenses": "25295000000", "investmentIncomeNet": "None", "netInterestIncome": "None", "interestIncome": "None", "interestExpense": "1272000000", "nonInterestIncome": "None", "otherNonOperatingIncome": "None", "depreciation": "None", "depreciationAndAmortization": "885000000", "incomeBeforeTax": "-11264000000", "incomeTaxExpense": "-3537000000", "interestAndDebtExpense": "None", "netIncomeFromContinuingOperations": "0", "comprehensiveIncomeNetOfTax": "None", "ebit": "-11264000000", "ebitda": "-10379000000", "netIncome": "-7805000000"}, {"fiscalDateEnding": "2007-12-31", "reportedCurrency": "USD", "grossProfit": "18433000000", "totalRevenue": "18433000000", "costOfRevenue": "-56625000000", "costofGoodsAndServicesSold": "-56625000000", "operatingIncome": "-8436000000", "sellingGeneralAndAdministrative": "0", "researchAndDevelopment": "0", "operatingExpenses": "26869000000", "investmentIncomeNet": "None", "netInterestIncome": "None", "interestIncome": "None", "interestExpense": "1326000000", "nonInterestIncome": "None", "otherNonOperatingIncome": "None", "depreciation": "None", "depreciationAndAmortization": "-9015000000", "incomeBeforeTax": "-8436000000", "incomeTaxExpense": "-3413000000", "interestAndDebtExpense": "None", "netIncomeFromContinuingOperations": "0", "comprehensiveIncomeNetOfTax": "None", "ebit": "-8436000000", "ebitda": "-17451000000", "netIncome": "-5292000000"}, {"fiscalDateEnding": "2007-09-30", "reportedCurrency": "USD", "grossProfit": "29836000000", "totalRevenue": "29836000000", "costOfRevenue": "9362000000", "costofGoodsAndServicesSold": "9362000000", "operatingIncome": "4879000000", "sellingGeneralAndAdministrative": "0", "researchAndDevelopment": "0", "operatingExpenses": "24957000000", "investmentIncomeNet": "None", "netInterestIncome": "None", "interestIncome": "None", "interestExpense": "1232000000", "nonInterestIncome": "None", "otherNonOperatingIncome": "None", "depreciation": "None", "depreciationAndAmortization": "1376000000", "incomeBeforeTax": "4879000000", "incomeTaxExpense": "1463000000", "interestAndDebtExpense": "None", "netIncomeFromContinuingOperations": "0", "comprehensiveIncomeNetOfTax": "None", "ebit": "4879000000", "ebitda": "6255000000", "netIncome": "3085000000"}, {"fiscalDateEnding": "2007-06-30", "reportedCurrency": "USD", "grossProfit": "31150000000", "totalRevenue": "31150000000", "costOfRevenue": "8601000000", "costofGoodsAndServicesSold": "8601000000", "operatingIncome": "6328000000", "sellingGeneralAndAdministrative": "0", "researchAndDevelopment": "0", "operatingExpenses": "24822000000", "investmentIncomeNet": "None", "netInterestIncome": "None", "interestIncome": "None", "interestExpense": "2193000000", "nonInterestIncome": "None", "otherNonOperatingIncome": "None", "depreciation": "None", "depreciationAndAmortization": "-2084000000", "incomeBeforeTax": "6328000000", "incomeTaxExpense": "1679000000", "interestAndDebtExpense": "None", "netIncomeFromContinuingOperations": "0", "comprehensiveIncomeNetOfTax": "None", "ebit": "6328000000", "ebitda": "4244000000", "netIncome": "4277000000"}, {"fiscalDateEnding": "2007-03-31", "reportedCurrency": "USD", "grossProfit": "30645000000", "totalRevenue": "30645000000", "costOfRevenue": "8327000000", "costofGoodsAndServicesSold": "8327000000", "operatingIncome": "6172000000", "sellingGeneralAndAdministrative": "0", "researchAndDevelopment": "0", "operatingExpenses": "24473000000", "investmentIncomeNet": "None", "netInterestIncome": "None", "interestIncome": "None", "interestExpense": "0", "nonInterestIncome": "None", "otherNonOperatingIncome": "None", "depreciation": "None", "depreciationAndAmortization": "3692000000", "incomeBeforeTax": "6172000000", "incomeTaxExpense": "1726000000", "interestAndDebtExpense": "None", "netIncomeFromContinuingOperations": "0", "comprehensiveIncomeNetOfTax": "None", "ebit": "6172000000", "ebitda": "9864000000", "netIncome": "4130000000"}, {"fiscalDateEnding": "2006-12-31", "reportedCurrency": "USD", "grossProfit": "29993000000", "totalRevenue": "29993000000", "costOfRevenue": "-51400000000", "costofGoodsAndServicesSold": "-51400000000", "operatingIncome": "5352000000", "sellingGeneralAndAdministrative": "0", "researchAndDevelopment": "0", "operatingExpenses": "24641000000", "investmentIncomeNet": "None", "netInterestIncome": "None", "interestIncome": "None", "interestExpense": "7014000000", "nonInterestIncome": "None", "otherNonOperatingIncome": "None", "depreciation": "None", "depreciationAndAmortization": "14551000000", "incomeBeforeTax": "5352000000", "incomeTaxExpense": "1471000000", "interestAndDebtExpense": "None", "netIncomeFromContinuingOperations": "0", "comprehensiveIncomeNetOfTax": "None", "ebit": "5352000000", "ebitda": "19903000000", "netIncome": "3439000000"}, {"fiscalDateEnding": "2006-09-30", "reportedCurrency": "USD", "grossProfit": "29247000000", "totalRevenue": "29247000000", "costOfRevenue": "8161000000", "costofGoodsAndServicesSold": "8161000000", "operatingIncome": "6301000000", "sellingGeneralAndAdministrative": "0", "researchAndDevelopment": "0", "operatingExpenses": "22946000000", "investmentIncomeNet": "None", "netInterestIncome": "None", "interestIncome": "None", "interestExpense": "0", "nonInterestIncome": "None", "otherNonOperatingIncome": "None", "depreciation": "None", "depreciationAndAmortization": "3845000000", "incomeBeforeTax": "6301000000", "incomeTaxExpense": "1943000000", "interestAndDebtExpense": "None", "netIncomeFromContinuingOperations": "0", "comprehensiveIncomeNetOfTax": "None", "ebit": "6301000000", "ebitda": "10146000000", "netIncome": "4224000000"}, {"fiscalDateEnding": "2006-06-30", "reportedCurrency": "USD", "grossProfit": "26854000000", "totalRevenue": "26854000000", "costOfRevenue": "7514000000", "costofGoodsAndServicesSold": "7514000000", "operatingIncome": "5241000000", "sellingGeneralAndAdministrative": "0", "researchAndDevelopment": "0", "operatingExpenses": "21613000000", "investmentIncomeNet": "None", "netInterestIncome": "None", "interestIncome": "None", "interestExpense": "0", "nonInterestIncome": "None", "otherNonOperatingIncome": "None", "depreciation": "None", "depreciationAndAmortization": "784000000", "incomeBeforeTax": "5241000000", "incomeTaxExpense": "1688000000", "interestAndDebtExpense": "None", "netIncomeFromContinuingOperations": "0", "comprehensiveIncomeNetOfTax": "None", "ebit": "5241000000", "ebitda": "6025000000", "netIncome": "3190000000"}, {"fiscalDateEnding": "2006-03-31", "reportedCurrency": "USD", "grossProfit": "27278000000", "totalRevenue": "27278000000", "costOfRevenue": "21931000000", "costofGoodsAndServicesSold": "21931000000", "operatingIncome": "4793000000", "sellingGeneralAndAdministrative": "0", "researchAndDevelopment": "0", "operatingExpenses": "22485000000", "investmentIncomeNet": "None", "netInterestIncome": "None", "interestIncome": "None", "interestExpense": "0", "nonInterestIncome": "None", "otherNonOperatingIncome": "None", "depreciation": "None", "depreciationAndAmortization": "554000000", "incomeBeforeTax": "4793000000", "incomeTaxExpense": "1435000000", "interestAndDebtExpense": "None", "netIncomeFromContinuingOperations": "0", "comprehensiveIncomeNetOfTax": "None", "ebit": "4793000000", "ebitda": "5347000000", "netIncome": "3195000000"}, {"fiscalDateEnding": "2005-12-31", "reportedCurrency": "USD", "grossProfit": "27363000000", "totalRevenue": "27363000000", "costOfRevenue": "24587000000", "costofGoodsAndServicesSold": "24587000000", "operatingIncome": "302000000", "sellingGeneralAndAdministrative": "0", "researchAndDevelopment": "0", "operatingExpenses": "27061000000", "investmentIncomeNet": "None", "netInterestIncome": "None", "interestIncome": "None", "interestExpense": "5734000000", "nonInterestIncome": "None", "otherNonOperatingIncome": "None", "depreciation": "None", "depreciationAndAmortization": "889000000", "incomeBeforeTax": "302000000", "incomeTaxExpense": "-301000000", "interestAndDebtExpense": "None", "netIncomeFromContinuingOperations": "0", "comprehensiveIncomeNetOfTax": "None", "ebit": "302000000", "ebitda": "1191000000", "netIncome": "454000000"}, {"fiscalDateEnding": "2005-09-30", "reportedCurrency": "USD", "grossProfit": "26408000000", "totalRevenue": "26408000000", "costOfRevenue": "7381000000", "costofGoodsAndServicesSold": "7381000000", "operatingIncome": "2547000000", "sellingGeneralAndAdministrative": "0", "researchAndDevelopment": "0", "operatingExpenses": "23861000000", "investmentIncomeNet": "None", "netInterestIncome": "None", "interestIncome": "None", "interestExpense": "0", "nonInterestIncome": "None", "otherNonOperatingIncome": "None", "depreciation": "None", "depreciationAndAmortization": "645000000", "incomeBeforeTax": "2547000000", "incomeTaxExpense": "748000000", "interestAndDebtExpense": "None", "netIncomeFromContinuingOperations": "0", "comprehensiveIncomeNetOfTax": "None", "ebit": "2547000000", "ebitda": "3192000000", "netIncome": "1745000000"}, {"fiscalDateEnding": "2005-06-30", "reportedCurrency": "USD", "grossProfit": "27903000000", "totalRevenue": "27903000000", "costOfRevenue": "6919000000", "costofGoodsAndServicesSold": "6919000000", "operatingIncome": "6701000000", "sellingGeneralAndAdministrative": "0", "researchAndDevelopment": "0", "operatingExpenses": "21202000000", "investmentIncomeNet": "None", "netInterestIncome": "None", "interestIncome": "None", "interestExpense": "0", "nonInterestIncome": "None", "otherNonOperatingIncome": "None", "depreciation": "None", "depreciationAndAmortization": "497000000", "incomeBeforeTax": "6701000000", "incomeTaxExpense": "2083000000", "interestAndDebtExpense": "None", "netIncomeFromContinuingOperations": "0", "comprehensiveIncomeNetOfTax": "None", "ebit": "6701000000", "ebitda": "7198000000", "netIncome": "4489000000"}, {"fiscalDateEnding": "2005-03-31", "reportedCurrency": "USD", "grossProfit": "25130000000", "totalRevenue": "25130000000", "costOfRevenue": "16746000000", "costofGoodsAndServicesSold": "16746000000", "operatingIncome": "49128000000", "sellingGeneralAndAdministrative": "0", "researchAndDevelopment": "0", "operatingExpenses": "-76965000000", "investmentIncomeNet": "None", "netInterestIncome": "None", "interestIncome": "None", "interestExpense": "0", "nonInterestIncome": "None", "otherNonOperatingIncome": "None", "depreciation": "None", "depreciationAndAmortization": "521000000", "incomeBeforeTax": "2312000000", "incomeTaxExpense": "583000000", "interestAndDebtExpense": "None", "netIncomeFromContinuingOperations": "0", "comprehensiveIncomeNetOfTax": "None", "ebit": "2247000000", "ebitda": "2768000000", "netIncome": "1664000000"}, {"fiscalDateEnding": "2004-12-31", "reportedCurrency": "USD", "grossProfit": "20475000000", "totalRevenue": "25130000000", "costOfRevenue": "22308000000", "costofGoodsAndServicesSold": "22308000000", "operatingIncome": "2190000000", "sellingGeneralAndAdministrative": "0", "researchAndDevelopment": "0", "operatingExpenses": "0", "investmentIncomeNet": "None", "netInterestIncome": "None", "interestIncome": "None", "interestExpense": "4540000000", "nonInterestIncome": "None", "otherNonOperatingIncome": "None", "depreciation": "None", "depreciationAndAmortization": "604000000", "incomeBeforeTax": "2312000000", "incomeTaxExpense": "583000000", "interestAndDebtExpense": "None", "netIncomeFromContinuingOperations": "0", "comprehensiveIncomeNetOfTax": "None", "ebit": "2312000000", "ebitda": "None", "netIncome": "1701000000"}]}