{"symbol": "KEY", "annualReports": [{"fiscalDateEnding": "2024-12-31", "reportedCurrency": "USD", "grossProfit": "4393000000", "totalRevenue": "4393000000", "costOfRevenue": "-4034000000", "costofGoodsAndServicesSold": "-4034000000", "operatingIncome": "76000000", "sellingGeneralAndAdministrative": "2775000000", "researchAndDevelopment": "None", "operatingExpenses": "4393000000", "investmentIncomeNet": "None", "netInterestIncome": "3765000000", "interestIncome": "8427000000", "interestExpense": "4662000000", "nonInterestIncome": "None", "otherNonOperatingIncome": "None", "depreciation": "None", "depreciationAndAmortization": "73000000", "incomeBeforeTax": "-306000000", "incomeTaxExpense": "-305680000", "interestAndDebtExpense": "None", "netIncomeFromContinuingOperations": "-163000000", "comprehensiveIncomeNetOfTax": "None", "ebit": "None", "ebitda": "76000000", "netIncome": "-320000"}, {"fiscalDateEnding": "2023-12-31", "reportedCurrency": "USD", "grossProfit": "10397000000", "totalRevenue": "5894000000", "costOfRevenue": "-4503000000", "costofGoodsAndServicesSold": "-4503000000", "operatingIncome": "2235000000", "sellingGeneralAndAdministrative": "2656000000", "researchAndDevelopment": "None", "operatingExpenses": "3659000000", "investmentIncomeNet": "None", "netInterestIncome": "4212000000", "interestIncome": "7572000000", "interestExpense": "4014000000", "nonInterestIncome": "None", "otherNonOperatingIncome": "None", "depreciation": "None", "depreciationAndAmortization": "134000000", "incomeBeforeTax": "1160000000", "incomeTaxExpense": "196000000", "interestAndDebtExpense": "None", "netIncomeFromContinuingOperations": "1293000000", "comprehensiveIncomeNetOfTax": "None", "ebit": "1115000000", "ebitda": "1249000000", "netIncome": "967000000"}, {"fiscalDateEnding": "2022-12-31", "reportedCurrency": "USD", "grossProfit": "7033000000", "totalRevenue": "7033000000", "costOfRevenue": "None", "costofGoodsAndServicesSold": "None", "operatingIncome": "3224000000", "sellingGeneralAndAdministrative": "2657000000", "researchAndDevelopment": "None", "operatingExpenses": "335000000", "investmentIncomeNet": "None", "netInterestIncome": "4527000000", "interestIncome": "5412000000", "interestExpense": "885000000", "nonInterestIncome": "None", "otherNonOperatingIncome": "None", "depreciation": "None", "depreciationAndAmortization": "137000000", "incomeBeforeTax": "2333000000", "incomeTaxExpense": "422000000", "interestAndDebtExpense": "None", "netIncomeFromContinuingOperations": "1911000000", "comprehensiveIncomeNetOfTax": "None", "ebit": "3224000000", "ebitda": "3361000000", "netIncome": "1917000000"}, {"fiscalDateEnding": "2021-12-31", "reportedCurrency": "USD", "grossProfit": "7038000000", "totalRevenue": "7038000000", "costOfRevenue": "None", "costofGoodsAndServicesSold": "None", "operatingIncome": "3267000000", "sellingGeneralAndAdministrative": "2686000000", "researchAndDevelopment": "None", "operatingExpenses": "-3771000000", "investmentIncomeNet": "None", "netInterestIncome": "4071000000", "interestIncome": "4367000000", "interestExpense": "296000000", "nonInterestIncome": "None", "otherNonOperatingIncome": "None", "depreciation": "None", "depreciationAndAmortization": "165000000", "incomeBeforeTax": "3254000000", "incomeTaxExpense": "642000000", "interestAndDebtExpense": "None", "netIncomeFromContinuingOperations": "2612000000", "comprehensiveIncomeNetOfTax": "None", "ebit": "3121000000", "ebitda": "3286000000", "netIncome": "2625000000"}, {"fiscalDateEnding": "2020-12-31", "reportedCurrency": "USD", "grossProfit": "6490000000", "totalRevenue": "6490000000", "costOfRevenue": "None", "costofGoodsAndServicesSold": "None", "operatingIncome": "1570000000", "sellingGeneralAndAdministrative": "2476000000", "researchAndDevelopment": "None", "operatingExpenses": "-4920000000", "investmentIncomeNet": "None", "netInterestIncome": "4034000000", "interestIncome": "4685000000", "interestExpense": "651000000", "nonInterestIncome": "None", "otherNonOperatingIncome": "None", "depreciation": "None", "depreciationAndAmortization": "180000000", "incomeBeforeTax": "1556000000", "incomeTaxExpense": "227000000", "interestAndDebtExpense": "None", "netIncomeFromContinuingOperations": "1329000000", "comprehensiveIncomeNetOfTax": "None", "ebit": "1487000000", "ebitda": "1667000000", "netIncome": "1343000000"}, {"fiscalDateEnding": "2019-12-31", "reportedCurrency": "USD", "grossProfit": "6182000000", "totalRevenue": "6182000000", "costOfRevenue": "None", "costofGoodsAndServicesSold": "None", "operatingIncome": "2031000000", "sellingGeneralAndAdministrative": "2354000000", "researchAndDevelopment": "None", "operatingExpenses": "-4151000000", "investmentIncomeNet": "None", "netInterestIncome": "3909000000", "interestIncome": "5235000000", "interestExpense": "1326000000", "nonInterestIncome": "None", "otherNonOperatingIncome": "None", "depreciation": "None", "depreciationAndAmortization": "89000000", "incomeBeforeTax": "2022000000", "incomeTaxExpense": "314000000", "interestAndDebtExpense": "None", "netIncomeFromContinuingOperations": "1708000000", "comprehensiveIncomeNetOfTax": "None", "ebit": "2031000000", "ebitda": "2120000000", "netIncome": "1717000000"}, {"fiscalDateEnding": "2018-12-31", "reportedCurrency": "USD", "grossProfit": "6157000000", "totalRevenue": "6240000000", "costOfRevenue": "83000000", "costofGoodsAndServicesSold": "83000000", "operatingIncome": "3179000000", "sellingGeneralAndAdministrative": "2455000000", "researchAndDevelopment": "None", "operatingExpenses": "-2978000000", "investmentIncomeNet": "None", "netInterestIncome": "3909000000", "interestIncome": "4878000000", "interestExpense": "969000000", "nonInterestIncome": "None", "otherNonOperatingIncome": "None", "depreciation": "None", "depreciationAndAmortization": "99000000", "incomeBeforeTax": "2203000000", "incomeTaxExpense": "344000000", "interestAndDebtExpense": "None", "netIncomeFromContinuingOperations": "1859000000", "comprehensiveIncomeNetOfTax": "None", "ebit": "3462000000", "ebitda": "3561000000", "netIncome": "1866000000"}, {"fiscalDateEnding": "2017-12-31", "reportedCurrency": "USD", "grossProfit": "6063000000", "totalRevenue": "6063000000", "costOfRevenue": "842000000", "costofGoodsAndServicesSold": "842000000", "operatingIncome": "2858000000", "sellingGeneralAndAdministrative": "2423000000", "researchAndDevelopment": "0", "operatingExpenses": "-3205000000", "investmentIncomeNet": "None", "netInterestIncome": "3777000000", "interestIncome": "4390000000", "interestExpense": "613000000", "nonInterestIncome": "None", "otherNonOperatingIncome": "None", "depreciation": "None", "depreciationAndAmortization": "95000000", "incomeBeforeTax": "1928000000", "incomeTaxExpense": "637000000", "interestAndDebtExpense": "None", "netIncomeFromContinuingOperations": "1291000000", "comprehensiveIncomeNetOfTax": "None", "ebit": "2858000000", "ebitda": "2953000000", "netIncome": "1296000000"}, {"fiscalDateEnding": "2016-12-31", "reportedCurrency": "USD", "grossProfit": "4755000000", "totalRevenue": "4755000000", "costOfRevenue": "666000000", "costofGoodsAndServicesSold": "666000000", "operatingIncome": "1629000000", "sellingGeneralAndAdministrative": "2145000000", "researchAndDevelopment": "0", "operatingExpenses": "-3126000000", "investmentIncomeNet": "None", "netInterestIncome": "2919000000", "interestIncome": "3319000000", "interestExpense": "400000000", "nonInterestIncome": "None", "otherNonOperatingIncome": "None", "depreciation": "None", "depreciationAndAmortization": "55000000", "incomeBeforeTax": "968000000", "incomeTaxExpense": "179000000", "interestAndDebtExpense": "None", "netIncomeFromContinuingOperations": "789000000", "comprehensiveIncomeNetOfTax": "None", "ebit": "1629000000", "ebitda": "1684000000", "netIncome": "791000000"}, {"fiscalDateEnding": "2015-12-31", "reportedCurrency": "USD", "grossProfit": "4069000000", "totalRevenue": "4069000000", "costOfRevenue": "440000000", "costofGoodsAndServicesSold": "440000000", "operatingIncome": "1704000000", "sellingGeneralAndAdministrative": "1713000000", "researchAndDevelopment": "0", "operatingExpenses": "-2365000000", "investmentIncomeNet": "None", "netInterestIncome": "2348000000", "interestIncome": "2622000000", "interestExpense": "274000000", "nonInterestIncome": "None", "otherNonOperatingIncome": "None", "depreciation": "None", "depreciationAndAmortization": "36000000", "incomeBeforeTax": "1222000000", "incomeTaxExpense": "303000000", "interestAndDebtExpense": "None", "netIncomeFromContinuingOperations": "919000000", "comprehensiveIncomeNetOfTax": "None", "ebit": "1704000000", "ebitda": "1740000000", "netIncome": "916000000"}, {"fiscalDateEnding": "2014-12-31", "reportedCurrency": "USD", "grossProfit": "3934000000", "totalRevenue": "3934000000", "costOfRevenue": "320000000", "costofGoodsAndServicesSold": "320000000", "operatingIncome": "1675000000", "sellingGeneralAndAdministrative": "1663000000", "researchAndDevelopment": "0", "operatingExpenses": "-2259000000", "investmentIncomeNet": "None", "netInterestIncome": "2293000000", "interestIncome": "2554000000", "interestExpense": "261000000", "nonInterestIncome": "None", "otherNonOperatingIncome": "None", "depreciation": "None", "depreciationAndAmortization": "39000000", "incomeBeforeTax": "1272000000", "incomeTaxExpense": "326000000", "interestAndDebtExpense": "None", "netIncomeFromContinuingOperations": "946000000", "comprehensiveIncomeNetOfTax": "None", "ebit": "1675000000", "ebitda": "1714000000", "netIncome": "900000000"}, {"fiscalDateEnding": "2013-12-31", "reportedCurrency": "USD", "grossProfit": "3940000000", "totalRevenue": "3940000000", "costOfRevenue": "425000000", "costofGoodsAndServicesSold": "425000000", "operatingIncome": "1625000000", "sellingGeneralAndAdministrative": "1686000000", "researchAndDevelopment": "0", "operatingExpenses": "-2315000000", "investmentIncomeNet": "None", "netInterestIncome": "None", "interestIncome": "None", "interestExpense": "295000000", "nonInterestIncome": "None", "otherNonOperatingIncome": "None", "depreciation": "None", "depreciationAndAmortization": "44000000", "incomeBeforeTax": "1141000000", "incomeTaxExpense": "271000000", "interestAndDebtExpense": "None", "netIncomeFromContinuingOperations": "870000000", "comprehensiveIncomeNetOfTax": "None", "ebit": "1625000000", "ebitda": "1669000000", "netIncome": "910000000"}, {"fiscalDateEnding": "2012-12-31", "reportedCurrency": "USD", "grossProfit": "4038000000", "totalRevenue": "4038000000", "costOfRevenue": "670000000", "costofGoodsAndServicesSold": "670000000", "operatingIncome": "1755000000", "sellingGeneralAndAdministrative": "1683000000", "researchAndDevelopment": "0", "operatingExpenses": "-2283000000", "investmentIncomeNet": "None", "netInterestIncome": "None", "interestIncome": "None", "interestExpense": "441000000", "nonInterestIncome": "None", "otherNonOperatingIncome": "None", "depreciation": "None", "depreciationAndAmortization": "23000000", "incomeBeforeTax": "1095000000", "incomeTaxExpense": "239000000", "interestAndDebtExpense": "None", "netIncomeFromContinuingOperations": "856000000", "comprehensiveIncomeNetOfTax": "None", "ebit": "1755000000", "ebitda": "1778000000", "netIncome": "858000000"}, {"fiscalDateEnding": "2011-12-31", "reportedCurrency": "USD", "grossProfit": "3889000000", "totalRevenue": "3889000000", "costOfRevenue": "562000000", "costofGoodsAndServicesSold": "562000000", "operatingIncome": "1911000000", "sellingGeneralAndAdministrative": "1645000000", "researchAndDevelopment": "0", "operatingExpenses": "-1978000000", "investmentIncomeNet": "None", "netInterestIncome": "None", "interestIncome": "None", "interestExpense": "622000000", "nonInterestIncome": "None", "otherNonOperatingIncome": "None", "depreciation": "None", "depreciationAndAmortization": "270000000", "incomeBeforeTax": "1345000000", "incomeTaxExpense": "369000000", "interestAndDebtExpense": "None", "netIncomeFromContinuingOperations": "None", "comprehensiveIncomeNetOfTax": "None", "ebit": "1911000000", "ebitda": "2181000000", "netIncome": "920000000"}, {"fiscalDateEnding": "2010-12-31", "reportedCurrency": "USD", "grossProfit": "4289000000", "totalRevenue": "4289000000", "costOfRevenue": "1535000000", "costofGoodsAndServicesSold": "1535000000", "operatingIncome": "1637000000", "sellingGeneralAndAdministrative": "1721000000", "researchAndDevelopment": "0", "operatingExpenses": "-2652000000", "investmentIncomeNet": "None", "netInterestIncome": "None", "interestIncome": "None", "interestExpense": "897000000", "nonInterestIncome": "None", "otherNonOperatingIncome": "None", "depreciation": "None", "depreciationAndAmortization": "330000000", "incomeBeforeTax": "793000000", "incomeTaxExpense": "186000000", "interestAndDebtExpense": "None", "netIncomeFromContinuingOperations": "607000000", "comprehensiveIncomeNetOfTax": "None", "ebit": "1637000000", "ebitda": "1967000000", "netIncome": "554000000"}, {"fiscalDateEnding": "2009-12-31", "reportedCurrency": "USD", "grossProfit": "4231000000", "totalRevenue": "4231000000", "costOfRevenue": "4574000000", "costofGoodsAndServicesSold": "4574000000", "operatingIncome": "-955000000", "sellingGeneralAndAdministrative": "1853000000", "researchAndDevelopment": "0", "operatingExpenses": "-5186000000", "investmentIncomeNet": "None", "netInterestIncome": "None", "interestIncome": "None", "interestExpense": "1415000000", "nonInterestIncome": "None", "otherNonOperatingIncome": "None", "depreciation": "None", "depreciationAndAmortization": "382000000", "incomeBeforeTax": "-2298000000", "incomeTaxExpense": "-1035000000", "interestAndDebtExpense": "None", "netIncomeFromContinuingOperations": "None", "comprehensiveIncomeNetOfTax": "None", "ebit": "-955000000", "ebitda": "-573000000", "netIncome": "-1335000000"}, {"fiscalDateEnding": "2008-12-31", "reportedCurrency": "USD", "grossProfit": "4137000000", "totalRevenue": "4137000000", "costOfRevenue": "4055000000", "costofGoodsAndServicesSold": "4055000000", "operatingIncome": "1086000000", "sellingGeneralAndAdministrative": "1778000000", "researchAndDevelopment": "None", "operatingExpenses": "-3051000000", "investmentIncomeNet": "None", "netInterestIncome": "None", "interestIncome": "None", "interestExpense": "2220000000", "nonInterestIncome": "None", "otherNonOperatingIncome": "None", "depreciation": "None", "depreciationAndAmortization": "431000000", "incomeBeforeTax": "-1134000000", "incomeTaxExpense": "334000000", "interestAndDebtExpense": "None", "netIncomeFromContinuingOperations": "None", "comprehensiveIncomeNetOfTax": "None", "ebit": "1086000000", "ebitda": "1517000000", "netIncome": "-1468000000"}, {"fiscalDateEnding": "2007-12-31", "reportedCurrency": "USD", "grossProfit": "4881000000", "totalRevenue": "4881000000", "costOfRevenue": "3404000000", "costofGoodsAndServicesSold": "3404000000", "operatingIncome": "4074000000", "sellingGeneralAndAdministrative": "1811000000", "researchAndDevelopment": "None", "operatingExpenses": "-807000000", "investmentIncomeNet": "None", "netInterestIncome": "None", "interestIncome": "None", "interestExpense": "2875000000", "nonInterestIncome": "None", "otherNonOperatingIncome": "None", "depreciation": "None", "depreciationAndAmortization": "425000000", "incomeBeforeTax": "1221000000", "incomeTaxExpense": "280000000", "interestAndDebtExpense": "None", "netIncomeFromContinuingOperations": "None", "comprehensiveIncomeNetOfTax": "None", "ebit": "4074000000", "ebitda": "4499000000", "netIncome": "919000000"}, {"fiscalDateEnding": "2006-12-31", "reportedCurrency": "USD", "grossProfit": "4802000000", "totalRevenue": "4802000000", "costOfRevenue": "2715000000", "costofGoodsAndServicesSold": "2715000000", "operatingIncome": "4070000000", "sellingGeneralAndAdministrative": "1863000000", "researchAndDevelopment": "None", "operatingExpenses": "-732000000", "investmentIncomeNet": "None", "netInterestIncome": "None", "interestIncome": "None", "interestExpense": "2565000000", "nonInterestIncome": "None", "otherNonOperatingIncome": "None", "depreciation": "None", "depreciationAndAmortization": "397000000", "incomeBeforeTax": "1643000000", "incomeTaxExpense": "450000000", "interestAndDebtExpense": "None", "netIncomeFromContinuingOperations": "None", "comprehensiveIncomeNetOfTax": "None", "ebit": "4070000000", "ebitda": "4467000000", "netIncome": "1055000000"}, {"fiscalDateEnding": "2005-12-31", "reportedCurrency": "USD", "grossProfit": "4868000000", "totalRevenue": "4868000000", "costOfRevenue": "1970000000", "costofGoodsAndServicesSold": "1970000000", "operatingIncome": "3415000000", "sellingGeneralAndAdministrative": "1606000000", "researchAndDevelopment": "None", "operatingExpenses": "-1453000000", "investmentIncomeNet": "None", "netInterestIncome": "None", "interestIncome": "None", "interestExpense": "1827000000", "nonInterestIncome": "None", "otherNonOperatingIncome": "None", "depreciation": "None", "depreciationAndAmortization": "358000000", "incomeBeforeTax": "1588000000", "incomeTaxExpense": "459000000", "interestAndDebtExpense": "None", "netIncomeFromContinuingOperations": "None", "comprehensiveIncomeNetOfTax": "None", "ebit": "3415000000", "ebitda": "3773000000", "netIncome": "1129000000"}], "quarterlyReports": [{"fiscalDateEnding": "2024-12-31", "reportedCurrency": "USD", "grossProfit": "793000000", "totalRevenue": "793000000", "costOfRevenue": "-1339000000", "costofGoodsAndServicesSold": "-1339000000", "operatingIncome": "15000000", "sellingGeneralAndAdministrative": "747000000", "researchAndDevelopment": "None", "operatingExpenses": "793000000", "investmentIncomeNet": "None", "netInterestIncome": "1051000000", "interestIncome": "2132000000", "interestExpense": "1081000000", "nonInterestIncome": "None", "otherNonOperatingIncome": "None", "depreciation": "None", "depreciationAndAmortization": "5000000", "incomeBeforeTax": "-413000000", "incomeTaxExpense": "-412720000", "interestAndDebtExpense": "None", "netIncomeFromContinuingOperations": "-244000000", "comprehensiveIncomeNetOfTax": "None", "ebit": "None", "ebitda": "15000000", "netIncome": "-280000"}, {"fiscalDateEnding": "2024-09-30", "reportedCurrency": "USD", "grossProfit": "642000000", "totalRevenue": "642000000", "costOfRevenue": "-1266000000", "costofGoodsAndServicesSold": "-1266000000", "operatingIncome": "16000000", "sellingGeneralAndAdministrative": "684000000", "researchAndDevelopment": "None", "operatingExpenses": "642000000", "investmentIncomeNet": "None", "netInterestIncome": "952000000", "interestIncome": "2175000000", "interestExpense": "1223000000", "nonInterestIncome": "None", "otherNonOperatingIncome": "None", "depreciation": "None", "depreciationAndAmortization": "-522000000", "incomeBeforeTax": "-506000000", "incomeTaxExpense": "-95000000", "interestAndDebtExpense": "None", "netIncomeFromContinuingOperations": "-411000000", "comprehensiveIncomeNetOfTax": "None", "ebit": "16000000", "ebitda": "-506000000", "netIncome": "-410000000"}, {"fiscalDateEnding": "2024-06-30", "reportedCurrency": "USD", "grossProfit": "2715000000", "totalRevenue": "1477000000", "costOfRevenue": "-1238000000", "costofGoodsAndServicesSold": "-1238000000", "operatingIncome": "335000000", "sellingGeneralAndAdministrative": "653000000", "researchAndDevelopment": "None", "operatingExpenses": "340000000", "investmentIncomeNet": "None", "netInterestIncome": "887000000", "interestIncome": "2088000000", "interestExpense": "1201000000", "nonInterestIncome": "None", "otherNonOperatingIncome": "None", "depreciation": "None", "depreciationAndAmortization": "25000000", "incomeBeforeTax": "335000000", "incomeTaxExpense": "62000000", "interestAndDebtExpense": "None", "netIncomeFromContinuingOperations": "273000000", "comprehensiveIncomeNetOfTax": "None", "ebit": "335000000", "ebitda": "360000000", "netIncome": "274000000"}, {"fiscalDateEnding": "2024-03-31", "reportedCurrency": "USD", "grossProfit": "2679000000", "totalRevenue": "1481000000", "costOfRevenue": "-1198000000", "costofGoodsAndServicesSold": "-1198000000", "operatingIncome": "24000000", "sellingGeneralAndAdministrative": "691000000", "researchAndDevelopment": "None", "operatingExpenses": "365000000", "investmentIncomeNet": "None", "netInterestIncome": "875000000", "interestIncome": "2032000000", "interestExpense": "1157000000", "nonInterestIncome": "None", "otherNonOperatingIncome": "None", "depreciation": "None", "depreciationAndAmortization": "24000000", "incomeBeforeTax": "278000000", "incomeTaxExpense": "59000000", "interestAndDebtExpense": "None", "netIncomeFromContinuingOperations": "219000000", "comprehensiveIncomeNetOfTax": "None", "ebit": "240000000", "ebitda": "264000000", "netIncome": "219000000"}, {"fiscalDateEnding": "2023-12-31", "reportedCurrency": "USD", "grossProfit": "2660000000", "totalRevenue": "2660000000", "costOfRevenue": "None", "costofGoodsAndServicesSold": "None", "operatingIncome": "2069000000", "sellingGeneralAndAdministrative": "611000000", "researchAndDevelopment": "None", "operatingExpenses": "591000000", "investmentIncomeNet": "None", "netInterestIncome": "921000000", "interestIncome": "2050000000", "interestExpense": "375000000", "nonInterestIncome": "None", "otherNonOperatingIncome": "None", "depreciation": "None", "depreciationAndAmortization": "28000000", "incomeBeforeTax": "57000000", "incomeTaxExpense": "-8000000", "interestAndDebtExpense": "None", "netIncomeFromContinuingOperations": "65000000", "comprehensiveIncomeNetOfTax": "None", "ebit": "0", "ebitda": "28000000", "netIncome": "65000000"}, {"fiscalDateEnding": "2023-09-30", "reportedCurrency": "USD", "grossProfit": "1520000000", "totalRevenue": "1520000000", "costOfRevenue": "None", "costofGoodsAndServicesSold": "None", "operatingIncome": "368000000", "sellingGeneralAndAdministrative": "680000000", "researchAndDevelopment": "None", "operatingExpenses": "-1152000000", "investmentIncomeNet": "None", "netInterestIncome": "915000000", "interestIncome": "2043000000", "interestExpense": "1128000000", "nonInterestIncome": "None", "otherNonOperatingIncome": "None", "depreciation": "None", "depreciationAndAmortization": "35000000", "incomeBeforeTax": "367000000", "incomeTaxExpense": "65000000", "interestAndDebtExpense": "None", "netIncomeFromContinuingOperations": "302000000", "comprehensiveIncomeNetOfTax": "None", "ebit": "333000000", "ebitda": "368000000", "netIncome": "303000000"}, {"fiscalDateEnding": "2023-06-30", "reportedCurrency": "USD", "grossProfit": "1546000000", "totalRevenue": "1546000000", "costOfRevenue": "None", "costofGoodsAndServicesSold": "None", "operatingIncome": "1378000000", "sellingGeneralAndAdministrative": "633000000", "researchAndDevelopment": "None", "operatingExpenses": "-168000000", "investmentIncomeNet": "None", "netInterestIncome": "978000000", "interestIncome": "2010000000", "interestExpense": "1032000000", "nonInterestIncome": "None", "otherNonOperatingIncome": "None", "depreciation": "None", "depreciationAndAmortization": "35000000", "incomeBeforeTax": "344000000", "incomeTaxExpense": "58000000", "interestAndDebtExpense": "None", "netIncomeFromContinuingOperations": "286000000", "comprehensiveIncomeNetOfTax": "None", "ebit": "1378000000", "ebitda": "1413000000", "netIncome": "287000000"}, {"fiscalDateEnding": "2023-03-31", "reportedCurrency": "USD", "grossProfit": "1662000000", "totalRevenue": "1707000000", "costOfRevenue": "None", "costofGoodsAndServicesSold": "None", "operatingIncome": "1082000000", "sellingGeneralAndAdministrative": "690000000", "researchAndDevelopment": "None", "operatingExpenses": "66000000", "investmentIncomeNet": "None", "netInterestIncome": "1099000000", "interestIncome": "1824000000", "interestExpense": "725000000", "nonInterestIncome": "None", "otherNonOperatingIncome": "None", "depreciation": "None", "depreciationAndAmortization": "36000000", "incomeBeforeTax": "392000000", "incomeTaxExpense": "81000000", "interestAndDebtExpense": "None", "netIncomeFromContinuingOperations": "311000000", "comprehensiveIncomeNetOfTax": "None", "ebit": "1082000000", "ebitda": "1118000000", "netIncome": "312000000"}, {"fiscalDateEnding": "2022-12-31", "reportedCurrency": "USD", "grossProfit": "2000000", "totalRevenue": "1891000000", "costOfRevenue": "None", "costofGoodsAndServicesSold": "None", "operatingIncome": "945000000", "sellingGeneralAndAdministrative": "694000000", "researchAndDevelopment": "None", "operatingExpenses": "172000000", "investmentIncomeNet": "None", "netInterestIncome": "1220000000", "interestIncome": "1695000000", "interestExpense": "475000000", "nonInterestIncome": "None", "otherNonOperatingIncome": "None", "depreciation": "None", "depreciationAndAmortization": "37000000", "incomeBeforeTax": "470000000", "incomeTaxExpense": "76000000", "interestAndDebtExpense": "None", "netIncomeFromContinuingOperations": "394000000", "comprehensiveIncomeNetOfTax": "None", "ebit": "945000000", "ebitda": "982000000", "netIncome": "394000000"}, {"fiscalDateEnding": "2022-09-30", "reportedCurrency": "USD", "grossProfit": "1770000000", "totalRevenue": "1879000000", "costOfRevenue": "None", "costofGoodsAndServicesSold": "None", "operatingIncome": "664000000", "sellingGeneralAndAdministrative": "47000000", "researchAndDevelopment": "None", "operatingExpenses": "77000000", "investmentIncomeNet": "None", "netInterestIncome": "1196000000", "interestIncome": "1444000000", "interestExpense": "248000000", "nonInterestIncome": "None", "otherNonOperatingIncome": "None", "depreciation": "None", "depreciationAndAmortization": "26000000", "incomeBeforeTax": "664000000", "incomeTaxExpense": "124000000", "interestAndDebtExpense": "None", "netIncomeFromContinuingOperations": "540000000", "comprehensiveIncomeNetOfTax": "None", "ebit": "887000000", "ebitda": "913000000", "netIncome": "515000000"}, {"fiscalDateEnding": "2022-06-30", "reportedCurrency": "USD", "grossProfit": "1733000000", "totalRevenue": "1785000000", "costOfRevenue": "None", "costofGoodsAndServicesSold": "None", "operatingIncome": "662000000", "sellingGeneralAndAdministrative": "630000000", "researchAndDevelopment": "None", "operatingExpenses": "86000000", "investmentIncomeNet": "None", "netInterestIncome": "1097000000", "interestIncome": "1193000000", "interestExpense": "96000000", "nonInterestIncome": "None", "otherNonOperatingIncome": "None", "depreciation": "None", "depreciationAndAmortization": "34000000", "incomeBeforeTax": "662000000", "incomeTaxExpense": "132000000", "interestAndDebtExpense": "None", "netIncomeFromContinuingOperations": "530000000", "comprehensiveIncomeNetOfTax": "None", "ebit": "761000000", "ebitda": "795000000", "netIncome": "533000000"}, {"fiscalDateEnding": "2022-03-31", "reportedCurrency": "USD", "grossProfit": "1637000000", "totalRevenue": "1690000000", "costOfRevenue": "None", "costofGoodsAndServicesSold": "None", "operatingIncome": "604000000", "sellingGeneralAndAdministrative": "656000000", "researchAndDevelopment": "None", "operatingExpenses": "1070000000", "investmentIncomeNet": "None", "netInterestIncome": "1014000000", "interestIncome": "1080000000", "interestExpense": "66000000", "nonInterestIncome": "None", "otherNonOperatingIncome": "None", "depreciation": "None", "depreciationAndAmortization": "40000000", "incomeBeforeTax": "537000000", "incomeTaxExpense": "90000000", "interestAndDebtExpense": "None", "netIncomeFromContinuingOperations": "447000000", "comprehensiveIncomeNetOfTax": "None", "ebit": "604000000", "ebitda": "644000000", "netIncome": "448000000"}, {"fiscalDateEnding": "2021-12-31", "reportedCurrency": "USD", "grossProfit": "1872000000", "totalRevenue": "1872000000", "costOfRevenue": "None", "costofGoodsAndServicesSold": "None", "operatingIncome": "770000000", "sellingGeneralAndAdministrative": "705000000", "researchAndDevelopment": "None", "operatingExpenses": "-1102000000", "investmentIncomeNet": "None", "netInterestIncome": "1033000000", "interestIncome": "1103000000", "interestExpense": "70000000", "nonInterestIncome": "None", "otherNonOperatingIncome": "None", "depreciation": "None", "depreciationAndAmortization": "14000000", "incomeBeforeTax": "768000000", "incomeTaxExpense": "141000000", "interestAndDebtExpense": "None", "netIncomeFromContinuingOperations": "627000000", "comprehensiveIncomeNetOfTax": "None", "ebit": "770000000", "ebitda": "784000000", "netIncome": "629000000"}, {"fiscalDateEnding": "2021-09-30", "reportedCurrency": "USD", "grossProfit": "1757000000", "totalRevenue": "1757000000", "costOfRevenue": "None", "costofGoodsAndServicesSold": "None", "operatingIncome": "810000000", "sellingGeneralAndAdministrative": "670000000", "researchAndDevelopment": "None", "operatingExpenses": "-947000000", "investmentIncomeNet": "None", "netInterestIncome": "1016000000", "interestIncome": "1087000000", "interestExpense": "71000000", "nonInterestIncome": "None", "otherNonOperatingIncome": "None", "depreciation": "None", "depreciationAndAmortization": "15000000", "incomeBeforeTax": "808000000", "incomeTaxExpense": "165000000", "interestAndDebtExpense": "None", "netIncomeFromContinuingOperations": "643000000", "comprehensiveIncomeNetOfTax": "None", "ebit": "810000000", "ebitda": "825000000", "netIncome": "645000000"}, {"fiscalDateEnding": "2021-06-30", "reportedCurrency": "USD", "grossProfit": "1716000000", "totalRevenue": "1716000000", "costOfRevenue": "None", "costofGoodsAndServicesSold": "None", "operatingIncome": "918000000", "sellingGeneralAndAdministrative": "654000000", "researchAndDevelopment": "None", "operatingExpenses": "-798000000", "investmentIncomeNet": "None", "netInterestIncome": "1017000000", "interestIncome": "1090000000", "interestExpense": "73000000", "nonInterestIncome": "None", "otherNonOperatingIncome": "None", "depreciation": "None", "depreciationAndAmortization": "14000000", "incomeBeforeTax": "913000000", "incomeTaxExpense": "189000000", "interestAndDebtExpense": "None", "netIncomeFromContinuingOperations": "724000000", "comprehensiveIncomeNetOfTax": "None", "ebit": "918000000", "ebitda": "932000000", "netIncome": "729000000"}, {"fiscalDateEnding": "2021-03-31", "reportedCurrency": "USD", "grossProfit": "1693000000", "totalRevenue": "1693000000", "costOfRevenue": "None", "costofGoodsAndServicesSold": "None", "operatingIncome": "769000000", "sellingGeneralAndAdministrative": "657000000", "researchAndDevelopment": "None", "operatingExpenses": "-924000000", "investmentIncomeNet": "None", "netInterestIncome": "1005000000", "interestIncome": "1087000000", "interestExpense": "82000000", "nonInterestIncome": "None", "otherNonOperatingIncome": "None", "depreciation": "None", "depreciationAndAmortization": "15000000", "incomeBeforeTax": "765000000", "incomeTaxExpense": "147000000", "interestAndDebtExpense": "None", "netIncomeFromContinuingOperations": "618000000", "comprehensiveIncomeNetOfTax": "None", "ebit": "769000000", "ebitda": "784000000", "netIncome": "622000000"}, {"fiscalDateEnding": "2020-12-31", "reportedCurrency": "USD", "grossProfit": "1783000000", "totalRevenue": "1783000000", "costOfRevenue": "None", "costofGoodsAndServicesSold": "None", "operatingIncome": "696000000", "sellingGeneralAndAdministrative": "683000000", "researchAndDevelopment": "None", "operatingExpenses": "-1087000000", "investmentIncomeNet": "None", "netInterestIncome": "1035000000", "interestIncome": "1125000000", "interestExpense": "90000000", "nonInterestIncome": "None", "otherNonOperatingIncome": "None", "depreciation": "None", "depreciationAndAmortization": "15000000", "incomeBeforeTax": "689000000", "incomeTaxExpense": "114000000", "interestAndDebtExpense": "None", "netIncomeFromContinuingOperations": "575000000", "comprehensiveIncomeNetOfTax": "None", "ebit": "696000000", "ebitda": "711000000", "netIncome": "582000000"}, {"fiscalDateEnding": "2020-09-30", "reportedCurrency": "USD", "grossProfit": "1632000000", "totalRevenue": "1632000000", "costOfRevenue": "None", "costofGoodsAndServicesSold": "None", "operatingIncome": "488000000", "sellingGeneralAndAdministrative": "626000000", "researchAndDevelopment": "None", "operatingExpenses": "-1144000000", "investmentIncomeNet": "None", "netInterestIncome": "1000000000", "interestIncome": "1119000000", "interestExpense": "119000000", "nonInterestIncome": "None", "otherNonOperatingIncome": "None", "depreciation": "None", "depreciationAndAmortization": "15000000", "incomeBeforeTax": "484000000", "incomeTaxExpense": "60000000", "interestAndDebtExpense": "None", "netIncomeFromContinuingOperations": "424000000", "comprehensiveIncomeNetOfTax": "None", "ebit": "488000000", "ebitda": "503000000", "netIncome": "428000000"}, {"fiscalDateEnding": "2020-06-30", "reportedCurrency": "USD", "grossProfit": "1661000000", "totalRevenue": "1661000000", "costOfRevenue": "None", "costofGoodsAndServicesSold": "None", "operatingIncome": "217000000", "sellingGeneralAndAdministrative": "612000000", "researchAndDevelopment": "None", "operatingExpenses": "-1444000000", "investmentIncomeNet": "None", "netInterestIncome": "1018000000", "interestIncome": "1190000000", "interestExpense": "172000000", "nonInterestIncome": "None", "otherNonOperatingIncome": "None", "depreciation": "None", "depreciationAndAmortization": "18000000", "incomeBeforeTax": "215000000", "incomeTaxExpense": "30000000", "interestAndDebtExpense": "None", "netIncomeFromContinuingOperations": "185000000", "comprehensiveIncomeNetOfTax": "None", "ebit": "217000000", "ebitda": "235000000", "netIncome": "187000000"}, {"fiscalDateEnding": "2020-03-31", "reportedCurrency": "USD", "grossProfit": "1414000000", "totalRevenue": "1414000000", "costOfRevenue": "None", "costofGoodsAndServicesSold": "None", "operatingIncome": "169000000", "sellingGeneralAndAdministrative": "555000000", "researchAndDevelopment": "None", "operatingExpenses": "-1245000000", "investmentIncomeNet": "None", "netInterestIncome": "981000000", "interestIncome": "1251000000", "interestExpense": "270000000", "nonInterestIncome": "None", "otherNonOperatingIncome": "None", "depreciation": "None", "depreciationAndAmortization": "17000000", "incomeBeforeTax": "168000000", "incomeTaxExpense": "23000000", "interestAndDebtExpense": "None", "netIncomeFromContinuingOperations": "145000000", "comprehensiveIncomeNetOfTax": "None", "ebit": "169000000", "ebitda": "186000000", "netIncome": "146000000"}, {"fiscalDateEnding": "2019-12-31", "reportedCurrency": "USD", "grossProfit": "1576000000", "totalRevenue": "1576000000", "costOfRevenue": "1000000", "costofGoodsAndServicesSold": "1000000", "operatingIncome": "544000000", "sellingGeneralAndAdministrative": "591000000", "researchAndDevelopment": "None", "operatingExpenses": "-1032000000", "investmentIncomeNet": "None", "netInterestIncome": "979000000", "interestIncome": "1285000000", "interestExpense": "306000000", "nonInterestIncome": "None", "otherNonOperatingIncome": "None", "depreciation": "None", "depreciationAndAmortization": "19000000", "incomeBeforeTax": "541000000", "incomeTaxExpense": "75000000", "interestAndDebtExpense": "None", "netIncomeFromContinuingOperations": "466000000", "comprehensiveIncomeNetOfTax": "None", "ebit": "544000000", "ebitda": "563000000", "netIncome": "469000000"}, {"fiscalDateEnding": "2019-09-30", "reportedCurrency": "USD", "grossProfit": "1579000000", "totalRevenue": "1579000000", "costOfRevenue": "None", "costofGoodsAndServicesSold": "None", "operatingIncome": "486000000", "sellingGeneralAndAdministrative": "584000000", "researchAndDevelopment": "None", "operatingExpenses": "-1093000000", "investmentIncomeNet": "None", "netInterestIncome": "972000000", "interestIncome": "1317000000", "interestExpense": "345000000", "nonInterestIncome": "None", "otherNonOperatingIncome": "None", "depreciation": "None", "depreciationAndAmortization": "26000000", "incomeBeforeTax": "483000000", "incomeTaxExpense": "70000000", "interestAndDebtExpense": "None", "netIncomeFromContinuingOperations": "413000000", "comprehensiveIncomeNetOfTax": "None", "ebit": "486000000", "ebitda": "512000000", "netIncome": "416000000"}, {"fiscalDateEnding": "2019-06-30", "reportedCurrency": "USD", "grossProfit": "1558000000", "totalRevenue": "1558000000", "costOfRevenue": "None", "costofGoodsAndServicesSold": "None", "operatingIncome": "512000000", "sellingGeneralAndAdministrative": "601000000", "researchAndDevelopment": "None", "operatingExpenses": "-1046000000", "investmentIncomeNet": "None", "netInterestIncome": "981000000", "interestIncome": "1329000000", "interestExpense": "348000000", "nonInterestIncome": "None", "otherNonOperatingIncome": "None", "depreciation": "None", "depreciationAndAmortization": "22000000", "incomeBeforeTax": "510000000", "incomeTaxExpense": "87000000", "interestAndDebtExpense": "None", "netIncomeFromContinuingOperations": "423000000", "comprehensiveIncomeNetOfTax": "None", "ebit": "512000000", "ebitda": "534000000", "netIncome": "425000000"}, {"fiscalDateEnding": "2019-03-31", "reportedCurrency": "USD", "grossProfit": "1469000000", "totalRevenue": "1469000000", "costOfRevenue": "1000000", "costofGoodsAndServicesSold": "1000000", "operatingIncome": "489000000", "sellingGeneralAndAdministrative": "578000000", "researchAndDevelopment": "None", "operatingExpenses": "-980000000", "investmentIncomeNet": "None", "netInterestIncome": "977000000", "interestIncome": "1304000000", "interestExpense": "327000000", "nonInterestIncome": "None", "otherNonOperatingIncome": "None", "depreciation": "None", "depreciationAndAmortization": "22000000", "incomeBeforeTax": "488000000", "incomeTaxExpense": "82000000", "interestAndDebtExpense": "None", "netIncomeFromContinuingOperations": "406000000", "comprehensiveIncomeNetOfTax": "None", "ebit": "489000000", "ebitda": "511000000", "netIncome": "407000000"}, {"fiscalDateEnding": "2018-12-31", "reportedCurrency": "USD", "grossProfit": "1596000000", "totalRevenue": "1596000000", "costOfRevenue": "166000000", "costofGoodsAndServicesSold": "166000000", "operatingIncome": "576000000", "sellingGeneralAndAdministrative": "593000000", "researchAndDevelopment": "0", "operatingExpenses": "-1020000000", "investmentIncomeNet": "None", "netInterestIncome": "1000000000", "interestIncome": "1297000000", "interestExpense": "297000000", "nonInterestIncome": "None", "otherNonOperatingIncome": "None", "depreciation": "None", "depreciationAndAmortization": "22000000", "incomeBeforeTax": "574000000", "incomeTaxExpense": "92000000", "interestAndDebtExpense": "None", "netIncomeFromContinuingOperations": "482000000", "comprehensiveIncomeNetOfTax": "None", "ebit": "576000000", "ebitda": "598000000", "netIncome": "484000000"}, {"fiscalDateEnding": "2018-09-30", "reportedCurrency": "USD", "grossProfit": "1552000000", "totalRevenue": "1552000000", "costOfRevenue": "315000000", "costofGoodsAndServicesSold": "315000000", "operatingIncome": "569000000", "sellingGeneralAndAdministrative": "604000000", "researchAndDevelopment": "0", "operatingExpenses": "-983000000", "investmentIncomeNet": "None", "netInterestIncome": "986000000", "interestIncome": "1239000000", "interestExpense": "253000000", "nonInterestIncome": "None", "otherNonOperatingIncome": "None", "depreciation": "None", "depreciationAndAmortization": "23000000", "incomeBeforeTax": "569000000", "incomeTaxExpense": "87000000", "interestAndDebtExpense": "None", "netIncomeFromContinuingOperations": "482000000", "comprehensiveIncomeNetOfTax": "None", "ebit": "569000000", "ebitda": "592000000", "netIncome": "482000000"}, {"fiscalDateEnding": "2018-06-30", "reportedCurrency": "USD", "grossProfit": "1594000000", "totalRevenue": "1594000000", "costOfRevenue": "290000000", "costofGoodsAndServicesSold": "290000000", "operatingIncome": "585000000", "sellingGeneralAndAdministrative": "627000000", "researchAndDevelopment": "0", "operatingExpenses": "-1009000000", "investmentIncomeNet": "None", "netInterestIncome": "979000000", "interestIncome": "1205000000", "interestExpense": "226000000", "nonInterestIncome": "None", "otherNonOperatingIncome": "None", "depreciation": "None", "depreciationAndAmortization": "25000000", "incomeBeforeTax": "582000000", "incomeTaxExpense": "103000000", "interestAndDebtExpense": "None", "netIncomeFromContinuingOperations": "479000000", "comprehensiveIncomeNetOfTax": "None", "ebit": "585000000", "ebitda": "610000000", "netIncome": "482000000"}, {"fiscalDateEnding": "2018-03-31", "reportedCurrency": "USD", "grossProfit": "1504000000", "totalRevenue": "1504000000", "costOfRevenue": "254000000", "costofGoodsAndServicesSold": "254000000", "operatingIncome": "480000000", "sellingGeneralAndAdministrative": "637000000", "researchAndDevelopment": "0", "operatingExpenses": "-1024000000", "investmentIncomeNet": "None", "netInterestIncome": "944000000", "interestIncome": "1137000000", "interestExpense": "193000000", "nonInterestIncome": "None", "otherNonOperatingIncome": "None", "depreciation": "None", "depreciationAndAmortization": "29000000", "incomeBeforeTax": "478000000", "incomeTaxExpense": "62000000", "interestAndDebtExpense": "None", "netIncomeFromContinuingOperations": "416000000", "comprehensiveIncomeNetOfTax": "None", "ebit": "480000000", "ebitda": "509000000", "netIncome": "418000000"}, {"fiscalDateEnding": "2017-12-31", "reportedCurrency": "USD", "grossProfit": "1542000000", "totalRevenue": "1542000000", "costOfRevenue": "225000000", "costofGoodsAndServicesSold": "225000000", "operatingIncome": "447000000", "sellingGeneralAndAdministrative": "652000000", "researchAndDevelopment": "0", "operatingExpenses": "-1095000000", "investmentIncomeNet": "None", "netInterestIncome": "None", "interestIncome": "None", "interestExpense": "176000000", "nonInterestIncome": "None", "otherNonOperatingIncome": "None", "depreciation": "None", "depreciationAndAmortization": "26000000", "incomeBeforeTax": "447000000", "incomeTaxExpense": "251000000", "interestAndDebtExpense": "None", "netIncomeFromContinuingOperations": "196000000", "comprehensiveIncomeNetOfTax": "None", "ebit": "447000000", "ebitda": "473000000", "netIncome": "196000000"}, {"fiscalDateEnding": "2017-09-30", "reportedCurrency": "USD", "grossProfit": "1491000000", "totalRevenue": "1491000000", "costOfRevenue": "212000000", "costofGoodsAndServicesSold": "212000000", "operatingIncome": "498000000", "sellingGeneralAndAdministrative": "598000000", "researchAndDevelopment": "0", "operatingExpenses": "-993000000", "investmentIncomeNet": "None", "netInterestIncome": "None", "interestIncome": "None", "interestExpense": "161000000", "nonInterestIncome": "None", "otherNonOperatingIncome": "None", "depreciation": "None", "depreciationAndAmortization": "25000000", "incomeBeforeTax": "497000000", "incomeTaxExpense": "134000000", "interestAndDebtExpense": "None", "netIncomeFromContinuingOperations": "363000000", "comprehensiveIncomeNetOfTax": "None", "ebit": "498000000", "ebitda": "523000000", "netIncome": "364000000"}, {"fiscalDateEnding": "2017-06-30", "reportedCurrency": "USD", "grossProfit": "1581000000", "totalRevenue": "1581000000", "costOfRevenue": "210000000", "costofGoodsAndServicesSold": "210000000", "operatingIncome": "570000000", "sellingGeneralAndAdministrative": "587000000", "researchAndDevelopment": "0", "operatingExpenses": "-1011000000", "investmentIncomeNet": "None", "netInterestIncome": "None", "interestIncome": "None", "interestExpense": "144000000", "nonInterestIncome": "None", "otherNonOperatingIncome": "None", "depreciation": "None", "depreciationAndAmortization": "22000000", "incomeBeforeTax": "565000000", "incomeTaxExpense": "158000000", "interestAndDebtExpense": "None", "netIncomeFromContinuingOperations": "407000000", "comprehensiveIncomeNetOfTax": "None", "ebit": "570000000", "ebitda": "592000000", "netIncome": "412000000"}, {"fiscalDateEnding": "2017-03-31", "reportedCurrency": "USD", "grossProfit": "1449000000", "totalRevenue": "1449000000", "costOfRevenue": "195000000", "costofGoodsAndServicesSold": "195000000", "operatingIncome": "418000000", "sellingGeneralAndAdministrative": "586000000", "researchAndDevelopment": "0", "operatingExpenses": "-1031000000", "investmentIncomeNet": "None", "netInterestIncome": "None", "interestIncome": "None", "interestExpense": "132000000", "nonInterestIncome": "None", "otherNonOperatingIncome": "None", "depreciation": "None", "depreciationAndAmortization": "22000000", "incomeBeforeTax": "419000000", "incomeTaxExpense": "94000000", "interestAndDebtExpense": "None", "netIncomeFromContinuingOperations": "325000000", "comprehensiveIncomeNetOfTax": "None", "ebit": "418000000", "ebitda": "440000000", "netIncome": "324000000"}, {"fiscalDateEnding": "2016-12-31", "reportedCurrency": "USD", "grossProfit": "1478000000", "totalRevenue": "1478000000", "costOfRevenue": "190000000", "costofGoodsAndServicesSold": "190000000", "operatingIncome": "267000000", "sellingGeneralAndAdministrative": "675000000", "researchAndDevelopment": "0", "operatingExpenses": "-1211000000", "investmentIncomeNet": "None", "netInterestIncome": "None", "interestIncome": "None", "interestExpense": "124000000", "nonInterestIncome": "None", "otherNonOperatingIncome": "None", "depreciation": "None", "depreciationAndAmortization": "27000000", "incomeBeforeTax": "270000000", "incomeTaxExpense": "38000000", "interestAndDebtExpense": "None", "netIncomeFromContinuingOperations": "232000000", "comprehensiveIncomeNetOfTax": "None", "ebit": "267000000", "ebitda": "294000000", "netIncome": "229000000"}, {"fiscalDateEnding": "2016-09-30", "reportedCurrency": "USD", "grossProfit": "1253000000", "totalRevenue": "1253000000", "costOfRevenue": "169000000", "costofGoodsAndServicesSold": "169000000", "operatingIncome": "188000000", "sellingGeneralAndAdministrative": "600000000", "researchAndDevelopment": "0", "operatingExpenses": "-1065000000", "investmentIncomeNet": "None", "netInterestIncome": "None", "interestIncome": "None", "interestExpense": "110000000", "nonInterestIncome": "None", "otherNonOperatingIncome": "None", "depreciation": "None", "depreciationAndAmortization": "13000000", "incomeBeforeTax": "188000000", "incomeTaxExpense": "16000000", "interestAndDebtExpense": "None", "netIncomeFromContinuingOperations": "172000000", "comprehensiveIncomeNetOfTax": "None", "ebit": "188000000", "ebitda": "201000000", "netIncome": "172000000"}, {"fiscalDateEnding": "2016-06-30", "reportedCurrency": "USD", "grossProfit": "1030000000", "totalRevenue": "1030000000", "costOfRevenue": "139000000", "costofGoodsAndServicesSold": "139000000", "operatingIncome": "271000000", "sellingGeneralAndAdministrative": "447000000", "researchAndDevelopment": "0", "operatingExpenses": "-759000000", "investmentIncomeNet": "None", "netInterestIncome": "None", "interestIncome": "None", "interestExpense": "87000000", "nonInterestIncome": "None", "otherNonOperatingIncome": "None", "depreciation": "None", "depreciationAndAmortization": "7000000", "incomeBeforeTax": "267000000", "incomeTaxExpense": "69000000", "interestAndDebtExpense": "None", "netIncomeFromContinuingOperations": "198000000", "comprehensiveIncomeNetOfTax": "None", "ebit": "271000000", "ebitda": "278000000", "netIncome": "202000000"}, {"fiscalDateEnding": "2016-03-31", "reportedCurrency": "USD", "grossProfit": "994000000", "totalRevenue": "994000000", "costOfRevenue": "168000000", "costofGoodsAndServicesSold": "168000000", "operatingIncome": "244000000", "sellingGeneralAndAdministrative": "423000000", "researchAndDevelopment": "0", "operatingExpenses": "-750000000", "investmentIncomeNet": "None", "netInterestIncome": "None", "interestIncome": "None", "interestExpense": "79000000", "nonInterestIncome": "None", "otherNonOperatingIncome": "None", "depreciation": "None", "depreciationAndAmortization": "8000000", "incomeBeforeTax": "243000000", "incomeTaxExpense": "56000000", "interestAndDebtExpense": "None", "netIncomeFromContinuingOperations": "187000000", "comprehensiveIncomeNetOfTax": "None", "ebit": "244000000", "ebitda": "252000000", "netIncome": "188000000"}, {"fiscalDateEnding": "2015-12-31", "reportedCurrency": "USD", "grossProfit": "1043000000", "totalRevenue": "1043000000", "costOfRevenue": "116000000", "costofGoodsAndServicesSold": "116000000", "operatingIncome": "299000000", "sellingGeneralAndAdministrative": "444000000", "researchAndDevelopment": "0", "operatingExpenses": "-744000000", "investmentIncomeNet": "None", "netInterestIncome": "None", "interestIncome": "None", "interestExpense": "71000000", "nonInterestIncome": "None", "otherNonOperatingIncome": "None", "depreciation": "None", "depreciationAndAmortization": "9000000", "incomeBeforeTax": "306000000", "incomeTaxExpense": "73000000", "interestAndDebtExpense": "None", "netIncomeFromContinuingOperations": "233000000", "comprehensiveIncomeNetOfTax": "None", "ebit": "299000000", "ebitda": "308000000", "netIncome": "226000000"}, {"fiscalDateEnding": "2015-09-30", "reportedCurrency": "USD", "grossProfit": "1021000000", "totalRevenue": "1021000000", "costOfRevenue": "115000000", "costofGoodsAndServicesSold": "115000000", "operatingIncome": "291000000", "sellingGeneralAndAdministrative": "444000000", "researchAndDevelopment": "0", "operatingExpenses": "-730000000", "investmentIncomeNet": "None", "netInterestIncome": "None", "interestIncome": "None", "interestExpense": "70000000", "nonInterestIncome": "None", "otherNonOperatingIncome": "None", "depreciation": "None", "depreciationAndAmortization": "9000000", "incomeBeforeTax": "292000000", "incomeTaxExpense": "72000000", "interestAndDebtExpense": "None", "netIncomeFromContinuingOperations": "220000000", "comprehensiveIncomeNetOfTax": "None", "ebit": "291000000", "ebitda": "300000000", "netIncome": "219000000"}, {"fiscalDateEnding": "2015-06-30", "reportedCurrency": "USD", "grossProfit": "1030000000", "totalRevenue": "1030000000", "costOfRevenue": "109000000", "costofGoodsAndServicesSold": "109000000", "operatingIncome": "322000000", "sellingGeneralAndAdministrative": "423000000", "researchAndDevelopment": "0", "operatingExpenses": "-708000000", "investmentIncomeNet": "None", "netInterestIncome": "None", "interestIncome": "None", "interestExpense": "68000000", "nonInterestIncome": "None", "otherNonOperatingIncome": "None", "depreciation": "None", "depreciationAndAmortization": "9000000", "incomeBeforeTax": "320000000", "incomeTaxExpense": "84000000", "interestAndDebtExpense": "None", "netIncomeFromContinuingOperations": "236000000", "comprehensiveIncomeNetOfTax": "None", "ebit": "322000000", "ebitda": "331000000", "netIncome": "238000000"}, {"fiscalDateEnding": "2015-03-31", "reportedCurrency": "USD", "grossProfit": "975000000", "totalRevenue": "975000000", "costOfRevenue": "100000000", "costofGoodsAndServicesSold": "100000000", "operatingIncome": "307000000", "sellingGeneralAndAdministrative": "402000000", "researchAndDevelopment": "0", "operatingExpenses": "-668000000", "investmentIncomeNet": "None", "netInterestIncome": "None", "interestIncome": "None", "interestExpense": "65000000", "nonInterestIncome": "None", "otherNonOperatingIncome": "None", "depreciation": "None", "depreciationAndAmortization": "9000000", "incomeBeforeTax": "304000000", "incomeTaxExpense": "74000000", "interestAndDebtExpense": "None", "netIncomeFromContinuingOperations": "230000000", "comprehensiveIncomeNetOfTax": "None", "ebit": "307000000", "ebitda": "316000000", "netIncome": "233000000"}, {"fiscalDateEnding": "2014-12-31", "reportedCurrency": "USD", "grossProfit": "1034000000", "totalRevenue": "1034000000", "costOfRevenue": "86000000", "costofGoodsAndServicesSold": "86000000", "operatingIncome": "347000000", "sellingGeneralAndAdministrative": "427000000", "researchAndDevelopment": "0", "operatingExpenses": "-687000000", "investmentIncomeNet": "None", "netInterestIncome": "None", "interestIncome": "None", "interestExpense": "64000000", "nonInterestIncome": "None", "otherNonOperatingIncome": "None", "depreciation": "None", "depreciationAndAmortization": "10000000", "incomeBeforeTax": "346000000", "incomeTaxExpense": "94000000", "interestAndDebtExpense": "None", "netIncomeFromContinuingOperations": "252000000", "comprehensiveIncomeNetOfTax": "None", "ebit": "347000000", "ebitda": "357000000", "netIncome": "253000000"}, {"fiscalDateEnding": "2014-09-30", "reportedCurrency": "USD", "grossProfit": "956000000", "totalRevenue": "956000000", "costOfRevenue": "85000000", "costofGoodsAndServicesSold": "85000000", "operatingIncome": "274000000", "sellingGeneralAndAdministrative": "418000000", "researchAndDevelopment": "0", "operatingExpenses": "-682000000", "investmentIncomeNet": "None", "netInterestIncome": "None", "interestIncome": "None", "interestExpense": "64000000", "nonInterestIncome": "None", "otherNonOperatingIncome": "None", "depreciation": "None", "depreciationAndAmortization": "10000000", "incomeBeforeTax": "267000000", "incomeTaxExpense": "64000000", "interestAndDebtExpense": "None", "netIncomeFromContinuingOperations": "203000000", "comprehensiveIncomeNetOfTax": "None", "ebit": "274000000", "ebitda": "284000000", "netIncome": "210000000"}, {"fiscalDateEnding": "2014-06-30", "reportedCurrency": "USD", "grossProfit": "987000000", "totalRevenue": "987000000", "costOfRevenue": "76000000", "costofGoodsAndServicesSold": "76000000", "operatingIncome": "295000000", "sellingGeneralAndAdministrative": "395000000", "researchAndDevelopment": "0", "operatingExpenses": "-692000000", "investmentIncomeNet": "None", "netInterestIncome": "None", "interestIncome": "None", "interestExpense": "66000000", "nonInterestIncome": "None", "otherNonOperatingIncome": "None", "depreciation": "None", "depreciationAndAmortization": "9000000", "incomeBeforeTax": "329000000", "incomeTaxExpense": "76000000", "interestAndDebtExpense": "None", "netIncomeFromContinuingOperations": "253000000", "comprehensiveIncomeNetOfTax": "None", "ebit": "295000000", "ebitda": "304000000", "netIncome": "219000000"}, {"fiscalDateEnding": "2014-03-31", "reportedCurrency": "USD", "grossProfit": "957000000", "totalRevenue": "957000000", "costOfRevenue": "73000000", "costofGoodsAndServicesSold": "73000000", "operatingIncome": "334000000", "sellingGeneralAndAdministrative": "399000000", "researchAndDevelopment": "0", "operatingExpenses": "-623000000", "investmentIncomeNet": "None", "netInterestIncome": "None", "interestIncome": "None", "interestExpense": "67000000", "nonInterestIncome": "None", "otherNonOperatingIncome": "None", "depreciation": "None", "depreciationAndAmortization": "10000000", "incomeBeforeTax": "330000000", "incomeTaxExpense": "92000000", "interestAndDebtExpense": "None", "netIncomeFromContinuingOperations": "238000000", "comprehensiveIncomeNetOfTax": "None", "ebit": "334000000", "ebitda": "344000000", "netIncome": "242000000"}, {"fiscalDateEnding": "2013-12-31", "reportedCurrency": "USD", "grossProfit": "994000000", "totalRevenue": "994000000", "costOfRevenue": "85000000", "costofGoodsAndServicesSold": "85000000", "operatingIncome": "300000000", "sellingGeneralAndAdministrative": "410000000", "researchAndDevelopment": "0", "operatingExpenses": "-694000000", "investmentIncomeNet": "None", "netInterestIncome": "None", "interestIncome": "None", "interestExpense": "66000000", "nonInterestIncome": "None", "otherNonOperatingIncome": "None", "depreciation": "None", "depreciationAndAmortization": "10000000", "incomeBeforeTax": "305000000", "incomeTaxExpense": "70000000", "interestAndDebtExpense": "None", "netIncomeFromContinuingOperations": "235000000", "comprehensiveIncomeNetOfTax": "None", "ebit": "300000000", "ebitda": "310000000", "netIncome": "230000000"}, {"fiscalDateEnding": "2013-09-30", "reportedCurrency": "USD", "grossProfit": "1000000000", "totalRevenue": "1000000000", "costOfRevenue": "97000000", "costofGoodsAndServicesSold": "97000000", "operatingIncome": "331000000", "sellingGeneralAndAdministrative": "429000000", "researchAndDevelopment": "0", "operatingExpenses": "-669000000", "investmentIncomeNet": "None", "netInterestIncome": "None", "interestIncome": "None", "interestExpense": "69000000", "nonInterestIncome": "None", "otherNonOperatingIncome": "None", "depreciation": "None", "depreciationAndAmortization": "12000000", "incomeBeforeTax": "293000000", "incomeTaxExpense": "59000000", "interestAndDebtExpense": "None", "netIncomeFromContinuingOperations": "234000000", "comprehensiveIncomeNetOfTax": "None", "ebit": "331000000", "ebitda": "343000000", "netIncome": "272000000"}, {"fiscalDateEnding": "2013-06-30", "reportedCurrency": "USD", "grossProfit": "973000000", "totalRevenue": "973000000", "costOfRevenue": "104000000", "costofGoodsAndServicesSold": "104000000", "operatingIncome": "276000000", "sellingGeneralAndAdministrative": "407000000", "researchAndDevelopment": "0", "operatingExpenses": "-697000000", "investmentIncomeNet": "None", "netInterestIncome": "None", "interestIncome": "None", "interestExpense": "76000000", "nonInterestIncome": "None", "otherNonOperatingIncome": "None", "depreciation": "None", "depreciationAndAmortization": "10000000", "incomeBeforeTax": "271000000", "incomeTaxExpense": "72000000", "interestAndDebtExpense": "None", "netIncomeFromContinuingOperations": "199000000", "comprehensiveIncomeNetOfTax": "None", "ebit": "276000000", "ebitda": "286000000", "netIncome": "204000000"}, {"fiscalDateEnding": "2013-03-31", "reportedCurrency": "USD", "grossProfit": "973000000", "totalRevenue": "973000000", "costOfRevenue": "139000000", "costofGoodsAndServicesSold": "139000000", "operatingIncome": "274000000", "sellingGeneralAndAdministrative": "402000000", "researchAndDevelopment": "0", "operatingExpenses": "-699000000", "investmentIncomeNet": "None", "netInterestIncome": "None", "interestIncome": "None", "interestExpense": "84000000", "nonInterestIncome": "None", "otherNonOperatingIncome": "None", "depreciation": "None", "depreciationAndAmortization": "12000000", "incomeBeforeTax": "272000000", "incomeTaxExpense": "70000000", "interestAndDebtExpense": "None", "netIncomeFromContinuingOperations": "202000000", "comprehensiveIncomeNetOfTax": "None", "ebit": "274000000", "ebitda": "286000000", "netIncome": "204000000"}, {"fiscalDateEnding": "2012-12-31", "reportedCurrency": "USD", "grossProfit": "1012000000", "totalRevenue": "1012000000", "costOfRevenue": "138000000", "costofGoodsAndServicesSold": "138000000", "operatingIncome": "258000000", "sellingGeneralAndAdministrative": "443000000", "researchAndDevelopment": "0", "operatingExpenses": "-754000000", "investmentIncomeNet": "None", "netInterestIncome": "None", "interestIncome": "None", "interestExpense": "87000000", "nonInterestIncome": "None", "otherNonOperatingIncome": "None", "depreciation": "None", "depreciationAndAmortization": "12000000", "incomeBeforeTax": "254000000", "incomeTaxExpense": "55000000", "interestAndDebtExpense": "None", "netIncomeFromContinuingOperations": "0", "comprehensiveIncomeNetOfTax": "None", "ebit": "258000000", "ebitda": "270000000", "netIncome": "203000000"}, {"fiscalDateEnding": "2012-09-30", "reportedCurrency": "USD", "grossProfit": "1116000000", "totalRevenue": "1116000000", "costOfRevenue": "208000000", "costofGoodsAndServicesSold": "208000000", "operatingIncome": "271000000", "sellingGeneralAndAdministrative": "523000000", "researchAndDevelopment": "0", "operatingExpenses": "-845000000", "investmentIncomeNet": "None", "netInterestIncome": "None", "interestIncome": "None", "interestExpense": "99000000", "nonInterestIncome": "None", "otherNonOperatingIncome": "None", "depreciation": "None", "depreciationAndAmortization": "9000000", "incomeBeforeTax": "273000000", "incomeTaxExpense": "52000000", "interestAndDebtExpense": "None", "netIncomeFromContinuingOperations": "0", "comprehensiveIncomeNetOfTax": "None", "ebit": "271000000", "ebitda": "280000000", "netIncome": "219000000"}, {"fiscalDateEnding": "2012-06-30", "reportedCurrency": "USD", "grossProfit": "1023000000", "totalRevenue": "1023000000", "costOfRevenue": "145000000", "costofGoodsAndServicesSold": "145000000", "operatingIncome": "293000000", "sellingGeneralAndAdministrative": "506000000", "researchAndDevelopment": "0", "operatingExpenses": "-730000000", "investmentIncomeNet": "None", "netInterestIncome": "None", "interestIncome": "None", "interestExpense": "124000000", "nonInterestIncome": "None", "otherNonOperatingIncome": "None", "depreciation": "None", "depreciationAndAmortization": "59000000", "incomeBeforeTax": "288000000", "incomeTaxExpense": "57000000", "interestAndDebtExpense": "None", "netIncomeFromContinuingOperations": "0", "comprehensiveIncomeNetOfTax": "None", "ebit": "293000000", "ebitda": "352000000", "netIncome": "236000000"}, {"fiscalDateEnding": "2012-03-31", "reportedCurrency": "USD", "grossProfit": "1025000000", "totalRevenue": "1025000000", "costOfRevenue": "173000000", "costofGoodsAndServicesSold": "173000000", "operatingIncome": "275000000", "sellingGeneralAndAdministrative": "489000000", "researchAndDevelopment": "0", "operatingExpenses": "-750000000", "investmentIncomeNet": "None", "netInterestIncome": "None", "interestIncome": "None", "interestExpense": "131000000", "nonInterestIncome": "None", "otherNonOperatingIncome": "None", "depreciation": "None", "depreciationAndAmortization": "60000000", "incomeBeforeTax": "280000000", "incomeTaxExpense": "75000000", "interestAndDebtExpense": "None", "netIncomeFromContinuingOperations": "0", "comprehensiveIncomeNetOfTax": "None", "ebit": "275000000", "ebitda": "335000000", "netIncome": "200000000"}, {"fiscalDateEnding": "2011-12-31", "reportedCurrency": "USD", "grossProfit": "914000000", "totalRevenue": "914000000", "costOfRevenue": "129000000", "costofGoodsAndServicesSold": "129000000", "operatingIncome": "269000000", "sellingGeneralAndAdministrative": "409000000", "researchAndDevelopment": "0", "operatingExpenses": "-645000000", "investmentIncomeNet": "None", "netInterestIncome": "None", "interestIncome": "None", "interestExpense": "141000000", "nonInterestIncome": "None", "otherNonOperatingIncome": "None", "depreciation": "None", "depreciationAndAmortization": "62000000", "incomeBeforeTax": "276000000", "incomeTaxExpense": "69000000", "interestAndDebtExpense": "None", "netIncomeFromContinuingOperations": "0", "comprehensiveIncomeNetOfTax": "None", "ebit": "269000000", "ebitda": "331000000", "netIncome": "200000000"}, {"fiscalDateEnding": "2011-09-30", "reportedCurrency": "USD", "grossProfit": "1032000000", "totalRevenue": "1032000000", "costOfRevenue": "166000000", "costofGoodsAndServicesSold": "166000000", "operatingIncome": "312000000", "sellingGeneralAndAdministrative": "499000000", "researchAndDevelopment": "0", "operatingExpenses": "-720000000", "investmentIncomeNet": "None", "netInterestIncome": "None", "interestIncome": "None", "interestExpense": "156000000", "nonInterestIncome": "None", "otherNonOperatingIncome": "None", "depreciation": "None", "depreciationAndAmortization": "65000000", "incomeBeforeTax": "330000000", "incomeTaxExpense": "95000000", "interestAndDebtExpense": "None", "netIncomeFromContinuingOperations": "235000000", "comprehensiveIncomeNetOfTax": "None", "ebit": "312000000", "ebitda": "377000000", "netIncome": "217000000"}, {"fiscalDateEnding": "2011-06-30", "reportedCurrency": "USD", "grossProfit": "1018000000", "totalRevenue": "1018000000", "costOfRevenue": "154000000", "costofGoodsAndServicesSold": "154000000", "operatingIncome": "334000000", "sellingGeneralAndAdministrative": "500000000", "researchAndDevelopment": "0", "operatingExpenses": "-684000000", "investmentIncomeNet": "None", "netInterestIncome": "None", "interestIncome": "None", "interestExpense": "162000000", "nonInterestIncome": "None", "otherNonOperatingIncome": "None", "depreciation": "None", "depreciationAndAmortization": "69000000", "incomeBeforeTax": "346000000", "incomeTaxExpense": "94000000", "interestAndDebtExpense": "None", "netIncomeFromContinuingOperations": "252000000", "comprehensiveIncomeNetOfTax": "None", "ebit": "334000000", "ebitda": "403000000", "netIncome": "240000000"}, {"fiscalDateEnding": "2011-03-31", "reportedCurrency": "USD", "grossProfit": "1054000000", "totalRevenue": "1054000000", "costOfRevenue": "123000000", "costofGoodsAndServicesSold": "123000000", "operatingIncome": "374000000", "sellingGeneralAndAdministrative": "508000000", "researchAndDevelopment": "0", "operatingExpenses": "-680000000", "investmentIncomeNet": "None", "netInterestIncome": "None", "interestIncome": "None", "interestExpense": "163000000", "nonInterestIncome": "None", "otherNonOperatingIncome": "None", "depreciation": "None", "depreciationAndAmortization": "74000000", "incomeBeforeTax": "393000000", "incomeTaxExpense": "111000000", "interestAndDebtExpense": "None", "netIncomeFromContinuingOperations": "282000000", "comprehensiveIncomeNetOfTax": "None", "ebit": "374000000", "ebitda": "448000000", "netIncome": "263000000"}, {"fiscalDateEnding": "2010-12-31", "reportedCurrency": "USD", "grossProfit": "1099000000", "totalRevenue": "1099000000", "costOfRevenue": "120000000", "costofGoodsAndServicesSold": "120000000", "operatingIncome": "492000000", "sellingGeneralAndAdministrative": "417000000", "researchAndDevelopment": "0", "operatingExpenses": "-607000000", "investmentIncomeNet": "None", "netInterestIncome": "None", "interestIncome": "None", "interestExpense": "182000000", "nonInterestIncome": "None", "otherNonOperatingIncome": "None", "depreciation": "None", "depreciationAndAmortization": "76000000", "incomeBeforeTax": "508000000", "incomeTaxExpense": "172000000", "interestAndDebtExpense": "None", "netIncomeFromContinuingOperations": "0", "comprehensiveIncomeNetOfTax": "None", "ebit": "492000000", "ebitda": "568000000", "netIncome": "320000000"}, {"fiscalDateEnding": "2010-09-30", "reportedCurrency": "USD", "grossProfit": "1126000000", "totalRevenue": "1126000000", "costOfRevenue": "298000000", "costofGoodsAndServicesSold": "298000000", "operatingIncome": "304000000", "sellingGeneralAndAdministrative": "472000000", "researchAndDevelopment": "0", "operatingExpenses": "-822000000", "investmentIncomeNet": "None", "netInterestIncome": "None", "interestIncome": "None", "interestExpense": "204000000", "nonInterestIncome": "None", "otherNonOperatingIncome": "None", "depreciation": "None", "depreciationAndAmortization": "81000000", "incomeBeforeTax": "296000000", "incomeTaxExpense": "85000000", "interestAndDebtExpense": "None", "netIncomeFromContinuingOperations": "0", "comprehensiveIncomeNetOfTax": "None", "ebit": "304000000", "ebitda": "385000000", "netIncome": "219000000"}, {"fiscalDateEnding": "2010-06-30", "reportedCurrency": "USD", "grossProfit": "1109000000", "totalRevenue": "1109000000", "costOfRevenue": "472000000", "costofGoodsAndServicesSold": "472000000", "operatingIncome": "81000000", "sellingGeneralAndAdministrative": "500000000", "researchAndDevelopment": "0", "operatingExpenses": "-1028000000", "investmentIncomeNet": "None", "netInterestIncome": "None", "interestIncome": "None", "interestExpense": "244000000", "nonInterestIncome": "None", "otherNonOperatingIncome": "None", "depreciation": "None", "depreciationAndAmortization": "85000000", "incomeBeforeTax": "112000000", "incomeTaxExpense": "11000000", "interestAndDebtExpense": "None", "netIncomeFromContinuingOperations": "0", "comprehensiveIncomeNetOfTax": "None", "ebit": "81000000", "ebitda": "166000000", "netIncome": "70000000"}, {"fiscalDateEnding": "2010-03-31", "reportedCurrency": "USD", "grossProfit": "1075000000", "totalRevenue": "1075000000", "costOfRevenue": "680000000", "costofGoodsAndServicesSold": "680000000", "operatingIncome": "-137000000", "sellingGeneralAndAdministrative": "485000000", "researchAndDevelopment": "0", "operatingExpenses": "-1212000000", "investmentIncomeNet": "None", "netInterestIncome": "None", "interestIncome": "None", "interestExpense": "267000000", "nonInterestIncome": "None", "otherNonOperatingIncome": "None", "depreciation": "None", "depreciationAndAmortization": "88000000", "incomeBeforeTax": "-123000000", "incomeTaxExpense": "-82000000", "interestAndDebtExpense": "None", "netIncomeFromContinuingOperations": "0", "comprehensiveIncomeNetOfTax": "None", "ebit": "-137000000", "ebitda": "-49000000", "netIncome": "-55000000"}, {"fiscalDateEnding": "2009-12-31", "reportedCurrency": "USD", "grossProfit": "1036000000", "totalRevenue": "1036000000", "costOfRevenue": "121000000", "costofGoodsAndServicesSold": "121000000", "operatingIncome": "-571000000", "sellingGeneralAndAdministrative": "482000000", "researchAndDevelopment": "0", "operatingExpenses": "-1607000000", "investmentIncomeNet": "None", "netInterestIncome": "None", "interestIncome": "None", "interestExpense": "303000000", "nonInterestIncome": "None", "otherNonOperatingIncome": "None", "depreciation": "None", "depreciationAndAmortization": "87000000", "incomeBeforeTax": "-528000000", "incomeTaxExpense": "-347000000", "interestAndDebtExpense": "None", "netIncomeFromContinuingOperations": "0", "comprehensiveIncomeNetOfTax": "None", "ebit": "-571000000", "ebitda": "-484000000", "netIncome": "-224000000"}, {"fiscalDateEnding": "2009-09-30", "reportedCurrency": "USD", "grossProfit": "974000000", "totalRevenue": "974000000", "costOfRevenue": "1081000000", "costofGoodsAndServicesSold": "1081000000", "operatingIncome": "-671000000", "sellingGeneralAndAdministrative": "514000000", "researchAndDevelopment": "0", "operatingExpenses": "-1645000000", "investmentIncomeNet": "None", "netInterestIncome": "None", "interestIncome": "None", "interestExpense": "348000000", "nonInterestIncome": "None", "otherNonOperatingIncome": "None", "depreciation": "None", "depreciationAndAmortization": "95000000", "incomeBeforeTax": "-660000000", "incomeTaxExpense": "-274000000", "interestAndDebtExpense": "None", "netIncomeFromContinuingOperations": "0", "comprehensiveIncomeNetOfTax": "None", "ebit": "-671000000", "ebitda": "-576000000", "netIncome": "-397000000"}, {"fiscalDateEnding": "2009-06-30", "reportedCurrency": "USD", "grossProfit": "1307000000", "totalRevenue": "1307000000", "costOfRevenue": "1199000000", "costofGoodsAndServicesSold": "1199000000", "operatingIncome": "-403000000", "sellingGeneralAndAdministrative": "495000000", "researchAndDevelopment": "0", "operatingExpenses": "-1710000000", "investmentIncomeNet": "None", "netInterestIncome": "None", "interestIncome": "None", "interestExpense": "402000000", "nonInterestIncome": "None", "otherNonOperatingIncome": "None", "depreciation": "None", "depreciationAndAmortization": "98000000", "incomeBeforeTax": "-413000000", "incomeTaxExpense": "-180000000", "interestAndDebtExpense": "None", "netIncomeFromContinuingOperations": "0", "comprehensiveIncomeNetOfTax": "None", "ebit": "-403000000", "ebitda": "-305000000", "netIncome": "-223000000"}, {"fiscalDateEnding": "2009-03-31", "reportedCurrency": "USD", "grossProfit": "1106000000", "totalRevenue": "1106000000", "costOfRevenue": "1235000000", "costofGoodsAndServicesSold": "1235000000", "operatingIncome": "-780000000", "sellingGeneralAndAdministrative": "439000000", "researchAndDevelopment": "0", "operatingExpenses": "-1886000000", "investmentIncomeNet": "None", "netInterestIncome": "None", "interestIncome": "None", "interestExpense": "418000000", "nonInterestIncome": "None", "otherNonOperatingIncome": "None", "depreciation": "None", "depreciationAndAmortization": "102000000", "incomeBeforeTax": "-742000000", "incomeTaxExpense": "-244000000", "interestAndDebtExpense": "None", "netIncomeFromContinuingOperations": "0", "comprehensiveIncomeNetOfTax": "None", "ebit": "-780000000", "ebitda": "-678000000", "netIncome": "-536000000"}, {"fiscalDateEnding": "2008-12-31", "reportedCurrency": "USD", "grossProfit": "987000000", "totalRevenue": "987000000", "costOfRevenue": "91000000", "costofGoodsAndServicesSold": "91000000", "operatingIncome": "-859000000", "sellingGeneralAndAdministrative": "443000000", "researchAndDevelopment": "0", "operatingExpenses": "-1846000000", "investmentIncomeNet": "None", "netInterestIncome": "None", "interestIncome": "None", "interestExpense": "524000000", "nonInterestIncome": "None", "otherNonOperatingIncome": "None", "depreciation": "None", "depreciationAndAmortization": "104000000", "incomeBeforeTax": "-859000000", "incomeTaxExpense": "-335000000", "interestAndDebtExpense": "None", "netIncomeFromContinuingOperations": "0", "comprehensiveIncomeNetOfTax": "None", "ebit": "-859000000", "ebitda": "-755000000", "netIncome": "-524000000"}, {"fiscalDateEnding": "2008-09-30", "reportedCurrency": "USD", "grossProfit": "1087000000", "totalRevenue": "1087000000", "costOfRevenue": "825000000", "costofGoodsAndServicesSold": "825000000", "operatingIncome": "-82000000", "sellingGeneralAndAdministrative": "381000000", "researchAndDevelopment": "0", "operatingExpenses": "-1169000000", "investmentIncomeNet": "None", "netInterestIncome": "None", "interestIncome": "None", "interestExpense": "533000000", "nonInterestIncome": "None", "otherNonOperatingIncome": "None", "depreciation": "None", "depreciationAndAmortization": "110000000", "incomeBeforeTax": "-82000000", "incomeTaxExpense": "-46000000", "interestAndDebtExpense": "None", "netIncomeFromContinuingOperations": "0", "comprehensiveIncomeNetOfTax": "None", "ebit": "-82000000", "ebitda": "28000000", "netIncome": "-36000000"}, {"fiscalDateEnding": "2008-06-30", "reportedCurrency": "USD", "grossProfit": "913000000", "totalRevenue": "913000000", "costOfRevenue": "893000000", "costofGoodsAndServicesSold": "893000000", "operatingIncome": "-515000000", "sellingGeneralAndAdministrative": "404000000", "researchAndDevelopment": "0", "operatingExpenses": "-1428000000", "investmentIncomeNet": "None", "netInterestIncome": "None", "interestIncome": "None", "interestExpense": "522000000", "nonInterestIncome": "None", "otherNonOperatingIncome": "None", "depreciation": "None", "depreciationAndAmortization": "107000000", "incomeBeforeTax": "-515000000", "incomeTaxExpense": "611000000", "interestAndDebtExpense": "None", "netIncomeFromContinuingOperations": "0", "comprehensiveIncomeNetOfTax": "None", "ebit": "-515000000", "ebitda": "-408000000", "netIncome": "-1126000000"}, {"fiscalDateEnding": "2008-03-31", "reportedCurrency": "USD", "grossProfit": "1241000000", "totalRevenue": "1241000000", "costOfRevenue": "828000000", "costofGoodsAndServicesSold": "828000000", "operatingIncome": "322000000", "sellingGeneralAndAdministrative": "409000000", "researchAndDevelopment": "0", "operatingExpenses": "-919000000", "investmentIncomeNet": "None", "netInterestIncome": "None", "interestIncome": "None", "interestExpense": "641000000", "nonInterestIncome": "None", "otherNonOperatingIncome": "None", "depreciation": "None", "depreciationAndAmortization": "110000000", "incomeBeforeTax": "322000000", "incomeTaxExpense": "104000000", "interestAndDebtExpense": "None", "netIncomeFromContinuingOperations": "0", "comprehensiveIncomeNetOfTax": "None", "ebit": "322000000", "ebitda": "432000000", "netIncome": "218000000"}, {"fiscalDateEnding": "2007-12-31", "reportedCurrency": "USD", "grossProfit": "1081000000", "totalRevenue": "1081000000", "costOfRevenue": "1100000000", "costofGoodsAndServicesSold": "1100000000", "operatingIncome": "-58000000", "sellingGeneralAndAdministrative": "589000000", "researchAndDevelopment": "0", "operatingExpenses": "-1139000000", "investmentIncomeNet": "None", "netInterestIncome": "None", "interestIncome": "None", "interestExpense": "737000000", "nonInterestIncome": "None", "otherNonOperatingIncome": "None", "depreciation": "None", "depreciationAndAmortization": "109000000", "incomeBeforeTax": "-61000000", "incomeTaxExpense": "-83000000", "interestAndDebtExpense": "None", "netIncomeFromContinuingOperations": "0", "comprehensiveIncomeNetOfTax": "None", "ebit": "-58000000", "ebitda": "51000000", "netIncome": "25000000"}, {"fiscalDateEnding": "2007-09-30", "reportedCurrency": "USD", "grossProfit": "1132000000", "totalRevenue": "1132000000", "costOfRevenue": "809000000", "costofGoodsAndServicesSold": "809000000", "operatingIncome": "296000000", "sellingGeneralAndAdministrative": "383000000", "researchAndDevelopment": "0", "operatingExpenses": "-836000000", "investmentIncomeNet": "None", "netInterestIncome": "None", "interestIncome": "None", "interestExpense": "740000000", "nonInterestIncome": "None", "otherNonOperatingIncome": "None", "depreciation": "None", "depreciationAndAmortization": "107000000", "incomeBeforeTax": "310000000", "incomeTaxExpense": "86000000", "interestAndDebtExpense": "None", "netIncomeFromContinuingOperations": "0", "comprehensiveIncomeNetOfTax": "None", "ebit": "296000000", "ebitda": "403000000", "netIncome": "210000000"}, {"fiscalDateEnding": "2007-06-30", "reportedCurrency": "USD", "grossProfit": "1335000000", "totalRevenue": "1335000000", "costOfRevenue": "762000000", "costofGoodsAndServicesSold": "762000000", "operatingIncome": "464000000", "sellingGeneralAndAdministrative": "411000000", "researchAndDevelopment": "0", "operatingExpenses": "-871000000", "investmentIncomeNet": "None", "netInterestIncome": "None", "interestIncome": "None", "interestExpense": "709000000", "nonInterestIncome": "None", "otherNonOperatingIncome": "None", "depreciation": "None", "depreciationAndAmortization": "104000000", "incomeBeforeTax": "467000000", "incomeTaxExpense": "130000000", "interestAndDebtExpense": "None", "netIncomeFromContinuingOperations": "0", "comprehensiveIncomeNetOfTax": "None", "ebit": "464000000", "ebitda": "568000000", "netIncome": "334000000"}, {"fiscalDateEnding": "2007-03-31", "reportedCurrency": "USD", "grossProfit": "1333000000", "totalRevenue": "1333000000", "costOfRevenue": "733000000", "costofGoodsAndServicesSold": "733000000", "operatingIncome": "497000000", "sellingGeneralAndAdministrative": "428000000", "researchAndDevelopment": "0", "operatingExpenses": "-836000000", "investmentIncomeNet": "None", "netInterestIncome": "None", "interestIncome": "None", "interestExpense": "689000000", "nonInterestIncome": "None", "otherNonOperatingIncome": "None", "depreciation": "None", "depreciationAndAmortization": "105000000", "incomeBeforeTax": "505000000", "incomeTaxExpense": "147000000", "interestAndDebtExpense": "None", "netIncomeFromContinuingOperations": "0", "comprehensiveIncomeNetOfTax": "None", "ebit": "497000000", "ebitda": "602000000", "netIncome": "350000000"}, {"fiscalDateEnding": "2006-12-31", "reportedCurrency": "USD", "grossProfit": "1043000000", "totalRevenue": "1043000000", "costOfRevenue": "754000000", "costofGoodsAndServicesSold": "754000000", "operatingIncome": "229000000", "sellingGeneralAndAdministrative": "605000000", "researchAndDevelopment": "0", "operatingExpenses": "-814000000", "investmentIncomeNet": "None", "netInterestIncome": "None", "interestIncome": "None", "interestExpense": "616000000", "nonInterestIncome": "None", "otherNonOperatingIncome": "None", "depreciation": "None", "depreciationAndAmortization": "105000000", "incomeBeforeTax": "372000000", "incomeTaxExpense": "83000000", "interestAndDebtExpense": "None", "netIncomeFromContinuingOperations": "0", "comprehensiveIncomeNetOfTax": "None", "ebit": "229000000", "ebitda": "334000000", "netIncome": "146000000"}, {"fiscalDateEnding": "2006-09-30", "reportedCurrency": "USD", "grossProfit": "1273000000", "totalRevenue": "1273000000", "costOfRevenue": "719000000", "costofGoodsAndServicesSold": "719000000", "operatingIncome": "434000000", "sellingGeneralAndAdministrative": "422000000", "researchAndDevelopment": "0", "operatingExpenses": "-839000000", "investmentIncomeNet": "None", "netInterestIncome": "None", "interestIncome": "None", "interestExpense": "714000000", "nonInterestIncome": "None", "otherNonOperatingIncome": "None", "depreciation": "None", "depreciationAndAmortization": "100000000", "incomeBeforeTax": "434000000", "incomeTaxExpense": "122000000", "interestAndDebtExpense": "None", "netIncomeFromContinuingOperations": "0", "comprehensiveIncomeNetOfTax": "None", "ebit": "434000000", "ebitda": "534000000", "netIncome": "312000000"}, {"fiscalDateEnding": "2006-06-30", "reportedCurrency": "USD", "grossProfit": "1277000000", "totalRevenue": "1277000000", "costOfRevenue": "646000000", "costofGoodsAndServicesSold": "646000000", "operatingIncome": "437000000", "sellingGeneralAndAdministrative": "431000000", "researchAndDevelopment": "0", "operatingExpenses": "-840000000", "investmentIncomeNet": "None", "netInterestIncome": "None", "interestIncome": "None", "interestExpense": "651000000", "nonInterestIncome": "None", "otherNonOperatingIncome": "None", "depreciation": "None", "depreciationAndAmortization": "98000000", "incomeBeforeTax": "437000000", "incomeTaxExpense": "129000000", "interestAndDebtExpense": "None", "netIncomeFromContinuingOperations": "0", "comprehensiveIncomeNetOfTax": "None", "ebit": "437000000", "ebitda": "535000000", "netIncome": "308000000"}, {"fiscalDateEnding": "2006-03-31", "reportedCurrency": "USD", "grossProfit": "1209000000", "totalRevenue": "1209000000", "costOfRevenue": "596000000", "costofGoodsAndServicesSold": "596000000", "operatingIncome": "405000000", "sellingGeneralAndAdministrative": "405000000", "researchAndDevelopment": "0", "operatingExpenses": "-804000000", "investmentIncomeNet": "None", "netInterestIncome": "None", "interestIncome": "None", "interestExpense": "584000000", "nonInterestIncome": "None", "otherNonOperatingIncome": "None", "depreciation": "None", "depreciationAndAmortization": "94000000", "incomeBeforeTax": "400000000", "incomeTaxExpense": "116000000", "interestAndDebtExpense": "None", "netIncomeFromContinuingOperations": "0", "comprehensiveIncomeNetOfTax": "None", "ebit": "405000000", "ebitda": "499000000", "netIncome": "289000000"}, {"fiscalDateEnding": "2005-12-31", "reportedCurrency": "USD", "grossProfit": "1279000000", "totalRevenue": "1279000000", "costOfRevenue": "580000000", "costofGoodsAndServicesSold": "580000000", "operatingIncome": "409000000", "sellingGeneralAndAdministrative": "416000000", "researchAndDevelopment": "0", "operatingExpenses": "-870000000", "investmentIncomeNet": "None", "netInterestIncome": "None", "interestIncome": "None", "interestExpense": "544000000", "nonInterestIncome": "None", "otherNonOperatingIncome": "None", "depreciation": "None", "depreciationAndAmortization": "93000000", "incomeBeforeTax": "409000000", "incomeTaxExpense": "113000000", "interestAndDebtExpense": "None", "netIncomeFromContinuingOperations": "0", "comprehensiveIncomeNetOfTax": "None", "ebit": "409000000", "ebitda": "502000000", "netIncome": "296000000"}, {"fiscalDateEnding": "2005-09-30", "reportedCurrency": "USD", "grossProfit": "1224000000", "totalRevenue": "1224000000", "costOfRevenue": "524000000", "costofGoodsAndServicesSold": "524000000", "operatingIncome": "400000000", "sellingGeneralAndAdministrative": "414000000", "researchAndDevelopment": "0", "operatingExpenses": "-824000000", "investmentIncomeNet": "None", "netInterestIncome": "None", "interestIncome": "None", "interestExpense": "481000000", "nonInterestIncome": "None", "otherNonOperatingIncome": "None", "depreciation": "None", "depreciationAndAmortization": "91000000", "incomeBeforeTax": "400000000", "incomeTaxExpense": "122000000", "interestAndDebtExpense": "None", "netIncomeFromContinuingOperations": "0", "comprehensiveIncomeNetOfTax": "None", "ebit": "400000000", "ebitda": "491000000", "netIncome": "278000000"}, {"fiscalDateEnding": "2005-06-30", "reportedCurrency": "USD", "grossProfit": "1179000000", "totalRevenue": "1179000000", "costOfRevenue": "443000000", "costofGoodsAndServicesSold": "443000000", "operatingIncome": "406000000", "sellingGeneralAndAdministrative": "386000000", "researchAndDevelopment": "0", "operatingExpenses": "-773000000", "investmentIncomeNet": "None", "netInterestIncome": "None", "interestIncome": "None", "interestExpense": "423000000", "nonInterestIncome": "None", "otherNonOperatingIncome": "None", "depreciation": "None", "depreciationAndAmortization": "126000000", "incomeBeforeTax": "406000000", "incomeTaxExpense": "115000000", "interestAndDebtExpense": "None", "netIncomeFromContinuingOperations": "0", "comprehensiveIncomeNetOfTax": "None", "ebit": "406000000", "ebitda": "532000000", "netIncome": "291000000"}, {"fiscalDateEnding": "2005-03-31", "reportedCurrency": "USD", "grossProfit": "1148000000", "totalRevenue": "1148000000", "costOfRevenue": "423000000", "costofGoodsAndServicesSold": "423000000", "operatingIncome": "373000000", "sellingGeneralAndAdministrative": "390000000", "researchAndDevelopment": "0", "operatingExpenses": "-775000000", "investmentIncomeNet": "None", "netInterestIncome": "None", "interestIncome": "None", "interestExpense": "379000000", "nonInterestIncome": "None", "otherNonOperatingIncome": "None", "depreciation": "None", "depreciationAndAmortization": "48000000", "incomeBeforeTax": "373000000", "incomeTaxExpense": "109000000", "interestAndDebtExpense": "None", "netIncomeFromContinuingOperations": "0", "comprehensiveIncomeNetOfTax": "None", "ebit": "373000000", "ebitda": "421000000", "netIncome": "264000000"}, {"fiscalDateEnding": "2004-12-31", "reportedCurrency": "USD", "grossProfit": "1115000000", "totalRevenue": "1115000000", "costOfRevenue": "312000000", "costofGoodsAndServicesSold": "312000000", "operatingIncome": "354000000", "sellingGeneralAndAdministrative": "411000000", "researchAndDevelopment": "0", "operatingExpenses": "-761000000", "investmentIncomeNet": "None", "netInterestIncome": "None", "interestIncome": "None", "interestExpense": "333000000", "nonInterestIncome": "None", "otherNonOperatingIncome": "None", "depreciation": "None", "depreciationAndAmortization": "101000000", "incomeBeforeTax": "354000000", "incomeTaxExpense": "141000000", "interestAndDebtExpense": "None", "netIncomeFromContinuingOperations": "0", "comprehensiveIncomeNetOfTax": "None", "ebit": "354000000", "ebitda": "455000000", "netIncome": "213000000"}]}