{"symbol": "GLW", "annualReports": [{"fiscalDateEnding": "2024-12-31", "reportedCurrency": "USD", "grossProfit": "4276000000", "totalRevenue": "13118000000", "costOfRevenue": "8842000000", "costofGoodsAndServicesSold": "8842000000", "operatingIncome": "1135000000", "sellingGeneralAndAdministrative": "1931000000", "researchAndDevelopment": "1089000000", "operatingExpenses": "3141000000", "investmentIncomeNet": "None", "netInterestIncome": "-282000000", "interestIncome": "47000000", "interestExpense": "329000000", "nonInterestIncome": "None", "otherNonOperatingIncome": "None", "depreciation": "None", "depreciationAndAmortization": "1350000000", "incomeBeforeTax": "813000000", "incomeTaxExpense": "221000000", "interestAndDebtExpense": "None", "netIncomeFromContinuingOperations": "592000000", "comprehensiveIncomeNetOfTax": "None", "ebit": "1142000000", "ebitda": "2492000000", "netIncome": "506000000"}, {"fiscalDateEnding": "2023-12-31", "reportedCurrency": "USD", "grossProfit": "3931000000", "totalRevenue": "12588000000", "costOfRevenue": "8657000000", "costofGoodsAndServicesSold": "8657000000", "operatingIncome": "890000000", "sellingGeneralAndAdministrative": "1843000000", "researchAndDevelopment": "1076000000", "operatingExpenses": "2919000000", "investmentIncomeNet": "None", "netInterestIncome": "-291000000", "interestIncome": "38000000", "interestExpense": "329000000", "nonInterestIncome": "None", "otherNonOperatingIncome": "None", "depreciation": "None", "depreciationAndAmortization": "1369000000", "incomeBeforeTax": "816000000", "incomeTaxExpense": "-168000000", "interestAndDebtExpense": "None", "netIncomeFromContinuingOperations": "648000000", "comprehensiveIncomeNetOfTax": "None", "ebit": "890000000", "ebitda": "890000000", "netIncome": "581000000"}, {"fiscalDateEnding": "2022-12-31", "reportedCurrency": "USD", "grossProfit": "4506000000", "totalRevenue": "14189000000", "costOfRevenue": "9683000000", "costofGoodsAndServicesSold": "9683000000", "operatingIncome": "1438000000", "sellingGeneralAndAdministrative": "1898000000", "researchAndDevelopment": "1047000000", "operatingExpenses": "3068000000", "investmentIncomeNet": "None", "netInterestIncome": "-277000000", "interestIncome": "15000000", "interestExpense": "292000000", "nonInterestIncome": "None", "otherNonOperatingIncome": "300000000", "depreciation": "None", "depreciationAndAmortization": "1452000000", "incomeBeforeTax": "1797000000", "incomeTaxExpense": "411000000", "interestAndDebtExpense": "None", "netIncomeFromContinuingOperations": "1386000000", "comprehensiveIncomeNetOfTax": "None", "ebit": "1905000000", "ebitda": "3357000000", "netIncome": "1316000000"}, {"fiscalDateEnding": "2021-12-31", "reportedCurrency": "USD", "grossProfit": "5063000000", "totalRevenue": "14082000000", "costOfRevenue": "9019000000", "costofGoodsAndServicesSold": "9019000000", "operatingIncome": "2112000000", "sellingGeneralAndAdministrative": "1827000000", "researchAndDevelopment": "995000000", "operatingExpenses": "2951000000", "investmentIncomeNet": "None", "netInterestIncome": "-289000000", "interestIncome": "11000000", "interestExpense": "300000000", "nonInterestIncome": "None", "otherNonOperatingIncome": "231000000", "depreciation": "None", "depreciationAndAmortization": "1481000000", "incomeBeforeTax": "2397000000", "incomeTaxExpense": "491000000", "interestAndDebtExpense": "None", "netIncomeFromContinuingOperations": "1906000000", "comprehensiveIncomeNetOfTax": "None", "ebit": "2293000000", "ebitda": "3774000000", "netIncome": "1906000000"}, {"fiscalDateEnding": "2020-12-31", "reportedCurrency": "USD", "grossProfit": "3531000000", "totalRevenue": "11303000000", "costOfRevenue": "7772000000", "costofGoodsAndServicesSold": "7772000000", "operatingIncome": "509000000", "sellingGeneralAndAdministrative": "1747000000", "researchAndDevelopment": "1154000000", "operatingExpenses": "3022000000", "investmentIncomeNet": "None", "netInterestIncome": "-261000000", "interestIncome": "15000000", "interestExpense": "276000000", "nonInterestIncome": "None", "otherNonOperatingIncome": "428000000", "depreciation": "None", "depreciationAndAmortization": "1520000000", "incomeBeforeTax": "623000000", "incomeTaxExpense": "111000000", "interestAndDebtExpense": "None", "netIncomeFromContinuingOperations": "512000000", "comprehensiveIncomeNetOfTax": "None", "ebit": "1345000000", "ebitda": "2865000000", "netIncome": "512000000"}, {"fiscalDateEnding": "2019-12-31", "reportedCurrency": "USD", "grossProfit": "4035000000", "totalRevenue": "11503000000", "costOfRevenue": "7468000000", "costofGoodsAndServicesSold": "7468000000", "operatingIncome": "1306000000", "sellingGeneralAndAdministrative": "1585000000", "researchAndDevelopment": "1031000000", "operatingExpenses": "2729000000", "investmentIncomeNet": "None", "netInterestIncome": "-200000000", "interestIncome": "21000000", "interestExpense": "221000000", "nonInterestIncome": "None", "otherNonOperatingIncome": "-117000000", "depreciation": "None", "depreciationAndAmortization": "1503000000", "incomeBeforeTax": "1216000000", "incomeTaxExpense": "256000000", "interestAndDebtExpense": "None", "netIncomeFromContinuingOperations": "960000000", "comprehensiveIncomeNetOfTax": "None", "ebit": "1660000000", "ebitda": "3163000000", "netIncome": "960000000"}, {"fiscalDateEnding": "2018-12-31", "reportedCurrency": "USD", "grossProfit": "4461000000", "totalRevenue": "11290000000", "costOfRevenue": "6829000000", "costofGoodsAndServicesSold": "6829000000", "operatingIncome": "1575000000", "sellingGeneralAndAdministrative": "1799000000", "researchAndDevelopment": "993000000", "operatingExpenses": "2886000000", "investmentIncomeNet": "None", "netInterestIncome": "-153000000", "interestIncome": "38000000", "interestExpense": "191000000", "nonInterestIncome": "None", "otherNonOperatingIncome": "119000000", "depreciation": "None", "depreciationAndAmortization": "1293000000", "incomeBeforeTax": "1503000000", "incomeTaxExpense": "437000000", "interestAndDebtExpense": "None", "netIncomeFromContinuingOperations": "1066000000", "comprehensiveIncomeNetOfTax": "None", "ebit": "1604000000", "ebitda": "2897000000", "netIncome": "1066000000"}, {"fiscalDateEnding": "2017-12-31", "reportedCurrency": "USD", "grossProfit": "4032000000", "totalRevenue": "10116000000", "costOfRevenue": "6084000000", "costofGoodsAndServicesSold": "6084000000", "operatingIncome": "1630000000", "sellingGeneralAndAdministrative": "1467000000", "researchAndDevelopment": "860000000", "operatingExpenses": "2402000000", "investmentIncomeNet": "None", "netInterestIncome": "-110000000", "interestIncome": "45000000", "interestExpense": "155000000", "nonInterestIncome": "None", "otherNonOperatingIncome": "182000000", "depreciation": "None", "depreciationAndAmortization": "1158000000", "incomeBeforeTax": "1657000000", "incomeTaxExpense": "2154000000", "interestAndDebtExpense": "None", "netIncomeFromContinuingOperations": "-497000000", "comprehensiveIncomeNetOfTax": "None", "ebit": "1608000000", "ebitda": "2766000000", "netIncome": "-497000000"}, {"fiscalDateEnding": "2016-12-31", "reportedCurrency": "USD", "grossProfit": "3746000000", "totalRevenue": "9390000000", "costOfRevenue": "5644000000", "costofGoodsAndServicesSold": "5644000000", "operatingIncome": "1391000000", "sellingGeneralAndAdministrative": "1472000000", "researchAndDevelopment": "742000000", "operatingExpenses": "2278000000", "investmentIncomeNet": "None", "netInterestIncome": "-127000000", "interestIncome": "32000000", "interestExpense": "159000000", "nonInterestIncome": "None", "otherNonOperatingIncome": "-216000000", "depreciation": "None", "depreciationAndAmortization": "1195000000", "incomeBeforeTax": "3692000000", "incomeTaxExpense": "-3000000", "interestAndDebtExpense": "None", "netIncomeFromContinuingOperations": "1019000000", "comprehensiveIncomeNetOfTax": "None", "ebit": "1445000000", "ebitda": "2640000000", "netIncome": "3695000000"}, {"fiscalDateEnding": "2015-12-31", "reportedCurrency": "USD", "grossProfit": "3653000000", "totalRevenue": "9111000000", "costOfRevenue": "5458000000", "costofGoodsAndServicesSold": "5458000000", "operatingIncome": "1322000000", "sellingGeneralAndAdministrative": "1523000000", "researchAndDevelopment": "769000000", "operatingExpenses": "2346000000", "investmentIncomeNet": "None", "netInterestIncome": "None", "interestIncome": "265000000", "interestExpense": "140000000", "nonInterestIncome": "None", "otherNonOperatingIncome": "304000000", "depreciation": "None", "depreciationAndAmortization": "1184000000", "incomeBeforeTax": "1486000000", "incomeTaxExpense": "147000000", "interestAndDebtExpense": "None", "netIncomeFromContinuingOperations": "1339000000", "comprehensiveIncomeNetOfTax": "None", "ebit": "1333000000", "ebitda": "2517000000", "netIncome": "1339000000"}, {"fiscalDateEnding": "2014-12-31", "reportedCurrency": "USD", "grossProfit": "4052000000", "totalRevenue": "9715000000", "costOfRevenue": "5663000000", "costofGoodsAndServicesSold": "5663000000", "operatingIncome": "1931000000", "sellingGeneralAndAdministrative": "1211000000", "researchAndDevelopment": "815000000", "operatingExpenses": "2059000000", "investmentIncomeNet": "None", "netInterestIncome": "None", "interestIncome": "None", "interestExpense": "123000000", "nonInterestIncome": "None", "otherNonOperatingIncome": "1760000000", "depreciation": "None", "depreciationAndAmortization": "1200000000", "incomeBeforeTax": "3568000000", "incomeTaxExpense": "1096000000", "interestAndDebtExpense": "None", "netIncomeFromContinuingOperations": "2472000000", "comprehensiveIncomeNetOfTax": "None", "ebit": "1846000000", "ebitda": "3046000000", "netIncome": "2472000000"}, {"fiscalDateEnding": "2013-12-31", "reportedCurrency": "USD", "grossProfit": "3324000000", "totalRevenue": "7819000000", "costOfRevenue": "4495000000", "costofGoodsAndServicesSold": "4495000000", "operatingIncome": "1371000000", "sellingGeneralAndAdministrative": "1126000000", "researchAndDevelopment": "710000000", "operatingExpenses": "1867000000", "investmentIncomeNet": "None", "netInterestIncome": "None", "interestIncome": "None", "interestExpense": "120000000", "nonInterestIncome": "None", "otherNonOperatingIncome": "1222000000", "depreciation": "None", "depreciationAndAmortization": "1002000000", "incomeBeforeTax": "2473000000", "incomeTaxExpense": "512000000", "interestAndDebtExpense": "None", "netIncomeFromContinuingOperations": "1961000000", "comprehensiveIncomeNetOfTax": "None", "ebit": "1457000000", "ebitda": "2459000000", "netIncome": "1961000000"}, {"fiscalDateEnding": "2012-12-31", "reportedCurrency": "USD", "grossProfit": "3397000000", "totalRevenue": "8012000000", "costOfRevenue": "4615000000", "costofGoodsAndServicesSold": "4615000000", "operatingIncome": "1321000000", "sellingGeneralAndAdministrative": "1165000000", "researchAndDevelopment": "745000000", "operatingExpenses": "1929000000", "investmentIncomeNet": "None", "netInterestIncome": "None", "interestIncome": "None", "interestExpense": "111000000", "nonInterestIncome": "None", "otherNonOperatingIncome": "907000000", "depreciation": "None", "depreciationAndAmortization": "997000000", "incomeBeforeTax": "2117000000", "incomeTaxExpense": "389000000", "interestAndDebtExpense": "None", "netIncomeFromContinuingOperations": "1728000000", "comprehensiveIncomeNetOfTax": "None", "ebit": "2223000000", "ebitda": "3220000000", "netIncome": "1636000000"}, {"fiscalDateEnding": "2011-12-31", "reportedCurrency": "USD", "grossProfit": "3566000000", "totalRevenue": "7890000000", "costOfRevenue": "4324000000", "costofGoodsAndServicesSold": "4324000000", "operatingIncome": "1694000000", "sellingGeneralAndAdministrative": "1033000000", "researchAndDevelopment": "671000000", "operatingExpenses": "1719000000", "investmentIncomeNet": "None", "netInterestIncome": "None", "interestIncome": "None", "interestExpense": "89000000", "nonInterestIncome": "None", "otherNonOperatingIncome": "1608000000", "depreciation": "None", "depreciationAndAmortization": "957000000", "incomeBeforeTax": "3213000000", "incomeTaxExpense": "408000000", "interestAndDebtExpense": "None", "netIncomeFromContinuingOperations": "2805000000", "comprehensiveIncomeNetOfTax": "None", "ebit": "3299000000", "ebitda": "4256000000", "netIncome": "2817000000"}, {"fiscalDateEnding": "2010-12-31", "reportedCurrency": "USD", "grossProfit": "3049000000", "totalRevenue": "6632000000", "costOfRevenue": "3583000000", "costofGoodsAndServicesSold": "3583000000", "operatingIncome": "1801000000", "sellingGeneralAndAdministrative": "1015000000", "researchAndDevelopment": "603000000", "operatingExpenses": "1577000000", "investmentIncomeNet": "None", "netInterestIncome": "None", "interestIncome": "None", "interestExpense": "109000000", "nonInterestIncome": "None", "otherNonOperatingIncome": "2153000000", "depreciation": "None", "depreciationAndAmortization": "854000000", "incomeBeforeTax": "3845000000", "incomeTaxExpense": "287000000", "interestAndDebtExpense": "None", "netIncomeFromContinuingOperations": "3558000000", "comprehensiveIncomeNetOfTax": "None", "ebit": "3952000000", "ebitda": "4806000000", "netIncome": "3558000000"}, {"fiscalDateEnding": "2009-12-31", "reportedCurrency": "USD", "grossProfit": "2093000000", "totalRevenue": "5395000000", "costOfRevenue": "3302000000", "costofGoodsAndServicesSold": "3302000000", "operatingIncome": "391000000", "sellingGeneralAndAdministrative": "881000000", "researchAndDevelopment": "563000000", "operatingExpenses": "1454000000", "investmentIncomeNet": "None", "netInterestIncome": "None", "interestIncome": "None", "interestExpense": "82000000", "nonInterestIncome": "None", "otherNonOperatingIncome": "1627000000", "depreciation": "None", "depreciationAndAmortization": "792000000", "incomeBeforeTax": "1934000000", "incomeTaxExpense": "-74000000", "interestAndDebtExpense": "None", "netIncomeFromContinuingOperations": "2010000000", "comprehensiveIncomeNetOfTax": "None", "ebit": "2022000000", "ebitda": "2814000000", "netIncome": "2008000000"}, {"fiscalDateEnding": "2008-12-31", "reportedCurrency": "USD", "grossProfit": "2738000000", "totalRevenue": "5948000000", "costOfRevenue": "3210000000", "costofGoodsAndServicesSold": "3210000000", "operatingIncome": "1520000000", "sellingGeneralAndAdministrative": "901000000", "researchAndDevelopment": "627000000", "operatingExpenses": "1218000000", "investmentIncomeNet": "None", "netInterestIncome": "None", "interestIncome": "None", "interestExpense": "59000000", "nonInterestIncome": "None", "otherNonOperatingIncome": "None", "depreciation": "None", "depreciationAndAmortization": "695000000", "incomeBeforeTax": "1523000000", "incomeTaxExpense": "-2405000000", "interestAndDebtExpense": "None", "netIncomeFromContinuingOperations": "None", "comprehensiveIncomeNetOfTax": "None", "ebit": "1582000000", "ebitda": "2277000000", "netIncome": "5257000000"}, {"fiscalDateEnding": "2007-12-31", "reportedCurrency": "USD", "grossProfit": "2749000000", "totalRevenue": "5860000000", "costOfRevenue": "3111000000", "costofGoodsAndServicesSold": "3111000000", "operatingIncome": "1081000000", "sellingGeneralAndAdministrative": "912000000", "researchAndDevelopment": "565000000", "operatingExpenses": "1672000000", "investmentIncomeNet": "None", "netInterestIncome": "None", "interestIncome": "None", "interestExpense": "82000000", "nonInterestIncome": "None", "otherNonOperatingIncome": "None", "depreciation": "None", "depreciationAndAmortization": "607000000", "incomeBeforeTax": "1291000000", "incomeTaxExpense": "80000000", "interestAndDebtExpense": "None", "netIncomeFromContinuingOperations": "None", "comprehensiveIncomeNetOfTax": "None", "ebit": "1373000000", "ebitda": "1980000000", "netIncome": "2150000000"}, {"fiscalDateEnding": "2006-12-31", "reportedCurrency": "USD", "grossProfit": "2283000000", "totalRevenue": "5174000000", "costOfRevenue": "2891000000", "costofGoodsAndServicesSold": "2891000000", "operatingIncome": "846000000", "sellingGeneralAndAdministrative": "857000000", "researchAndDevelopment": "517000000", "operatingExpenses": "1431000000", "investmentIncomeNet": "None", "netInterestIncome": "None", "interestIncome": "None", "interestExpense": "76000000", "nonInterestIncome": "None", "otherNonOperatingIncome": "None", "depreciation": "None", "depreciationAndAmortization": "591000000", "incomeBeforeTax": "961000000", "incomeTaxExpense": "55000000", "interestAndDebtExpense": "None", "netIncomeFromContinuingOperations": "None", "comprehensiveIncomeNetOfTax": "None", "ebit": "1037000000", "ebitda": "1628000000", "netIncome": "1855000000"}, {"fiscalDateEnding": "2005-12-31", "reportedCurrency": "USD", "grossProfit": "1984000000", "totalRevenue": "4579000000", "costOfRevenue": "2595000000", "costofGoodsAndServicesSold": "2595000000", "operatingIncome": "613000000", "sellingGeneralAndAdministrative": "756000000", "researchAndDevelopment": "443000000", "operatingExpenses": "1409000000", "investmentIncomeNet": "None", "netInterestIncome": "None", "interestIncome": "None", "interestExpense": "0", "nonInterestIncome": "None", "otherNonOperatingIncome": "None", "depreciation": "None", "depreciationAndAmortization": "512000000", "incomeBeforeTax": "572000000", "incomeTaxExpense": "578000000", "interestAndDebtExpense": "None", "netIncomeFromContinuingOperations": "None", "comprehensiveIncomeNetOfTax": "None", "ebit": "667000000", "ebitda": "1179000000", "netIncome": "585000000"}], "quarterlyReports": [{"fiscalDateEnding": "2024-12-31", "reportedCurrency": "USD", "grossProfit": "1197000000", "totalRevenue": "3501000000", "costOfRevenue": "2304000000", "costofGoodsAndServicesSold": "2304000000", "operatingIncome": "393000000", "sellingGeneralAndAdministrative": "499000000", "researchAndDevelopment": "275000000", "operatingExpenses": "804000000", "investmentIncomeNet": "None", "netInterestIncome": "-66000000", "interestIncome": "13000000", "interestExpense": "79000000", "nonInterestIncome": "None", "otherNonOperatingIncome": "None", "depreciation": "None", "depreciationAndAmortization": "335000000", "incomeBeforeTax": "437000000", "incomeTaxExpense": "97000000", "interestAndDebtExpense": "None", "netIncomeFromContinuingOperations": "340000000", "comprehensiveIncomeNetOfTax": "None", "ebit": "441000000", "ebitda": "776000000", "netIncome": "310000000"}, {"fiscalDateEnding": "2024-09-30", "reportedCurrency": "USD", "grossProfit": "1137000000", "totalRevenue": "3391000000", "costOfRevenue": "2254000000", "costofGoodsAndServicesSold": "2254000000", "operatingIncome": "302000000", "sellingGeneralAndAdministrative": "510000000", "researchAndDevelopment": "294000000", "operatingExpenses": "804000000", "investmentIncomeNet": "None", "netInterestIncome": "-71000000", "interestIncome": "12000000", "interestExpense": "83000000", "nonInterestIncome": "None", "otherNonOperatingIncome": "None", "depreciation": "None", "depreciationAndAmortization": "339000000", "incomeBeforeTax": "-92000000", "incomeTaxExpense": "3000000", "interestAndDebtExpense": "None", "netIncomeFromContinuingOperations": "-95000000", "comprehensiveIncomeNetOfTax": "None", "ebit": "-9000000", "ebitda": "330000000", "netIncome": "-117000000"}, {"fiscalDateEnding": "2024-06-30", "reportedCurrency": "USD", "grossProfit": "934000000", "totalRevenue": "3251000000", "costOfRevenue": "2317000000", "costofGoodsAndServicesSold": "2317000000", "operatingIncome": "353000000", "sellingGeneralAndAdministrative": "471000000", "researchAndDevelopment": "262000000", "operatingExpenses": "581000000", "investmentIncomeNet": "None", "netInterestIncome": "-74000000", "interestIncome": "10000000", "interestExpense": "84000000", "nonInterestIncome": "None", "otherNonOperatingIncome": "None", "depreciation": "None", "depreciationAndAmortization": "335000000", "incomeBeforeTax": "172000000", "incomeTaxExpense": "50000000", "interestAndDebtExpense": "None", "netIncomeFromContinuingOperations": "122000000", "comprehensiveIncomeNetOfTax": "None", "ebit": "256000000", "ebitda": "591000000", "netIncome": "104000000"}, {"fiscalDateEnding": "2024-03-31", "reportedCurrency": "USD", "grossProfit": "963000000", "totalRevenue": "2975000000", "costOfRevenue": "2012000000", "costofGoodsAndServicesSold": "2012000000", "operatingIncome": "254000000", "sellingGeneralAndAdministrative": "451000000", "researchAndDevelopment": "258000000", "operatingExpenses": "709000000", "investmentIncomeNet": "None", "netInterestIncome": "-71000000", "interestIncome": "12000000", "interestExpense": "83000000", "nonInterestIncome": "None", "otherNonOperatingIncome": "None", "depreciation": "None", "depreciationAndAmortization": "337000000", "incomeBeforeTax": "296000000", "incomeTaxExpense": "71000000", "interestAndDebtExpense": "None", "netIncomeFromContinuingOperations": "225000000", "comprehensiveIncomeNetOfTax": "None", "ebit": "257000000", "ebitda": "594000000", "netIncome": "209000000"}, {"fiscalDateEnding": "2023-12-31", "reportedCurrency": "USD", "grossProfit": "911000000", "totalRevenue": "2994000000", "costOfRevenue": "2083000000", "costofGoodsAndServicesSold": "2083000000", "operatingIncome": "78000000", "sellingGeneralAndAdministrative": "514000000", "researchAndDevelopment": "289000000", "operatingExpenses": "803000000", "investmentIncomeNet": "None", "netInterestIncome": "-77000000", "interestIncome": "13000000", "interestExpense": "90000000", "nonInterestIncome": "None", "otherNonOperatingIncome": "None", "depreciation": "None", "depreciationAndAmortization": "345000000", "incomeBeforeTax": "-38000000", "incomeTaxExpense": "10000000", "interestAndDebtExpense": "None", "netIncomeFromContinuingOperations": "-28000000", "comprehensiveIncomeNetOfTax": "None", "ebit": "492000000", "ebitda": "837000000", "netIncome": "-40000000"}, {"fiscalDateEnding": "2023-09-30", "reportedCurrency": "USD", "grossProfit": "1004000000", "totalRevenue": "3173000000", "costOfRevenue": "2169000000", "costofGoodsAndServicesSold": "2169000000", "operatingIncome": "236000000", "sellingGeneralAndAdministrative": "468000000", "researchAndDevelopment": "270000000", "operatingExpenses": "738000000", "investmentIncomeNet": "None", "netInterestIncome": "-72000000", "interestIncome": "10000000", "interestExpense": "82000000", "nonInterestIncome": "None", "otherNonOperatingIncome": "None", "depreciation": "None", "depreciationAndAmortization": "340000000", "incomeBeforeTax": "217000000", "incomeTaxExpense": "-35000000", "interestAndDebtExpense": "None", "netIncomeFromContinuingOperations": "182000000", "comprehensiveIncomeNetOfTax": "None", "ebit": "225000000", "ebitda": "565000000", "netIncome": "164000000"}, {"fiscalDateEnding": "2023-06-30", "reportedCurrency": "USD", "grossProfit": "1013000000", "totalRevenue": "3243000000", "costOfRevenue": "2230000000", "costofGoodsAndServicesSold": "2230000000", "operatingIncome": "45000000", "sellingGeneralAndAdministrative": "440000000", "researchAndDevelopment": "263000000", "operatingExpenses": "734000000", "investmentIncomeNet": "None", "netInterestIncome": "-73000000", "interestIncome": "8000000", "interestExpense": "81000000", "nonInterestIncome": "None", "otherNonOperatingIncome": "95000000", "depreciation": "None", "depreciationAndAmortization": "343000000", "incomeBeforeTax": "409000000", "incomeTaxExpense": "-106000000", "interestAndDebtExpense": "None", "netIncomeFromContinuingOperations": "303000000", "comprehensiveIncomeNetOfTax": "None", "ebit": "278000000", "ebitda": "621000000", "netIncome": "515000000"}, {"fiscalDateEnding": "2023-03-31", "reportedCurrency": "USD", "grossProfit": "1003000000", "totalRevenue": "3178000000", "costOfRevenue": "2175000000", "costofGoodsAndServicesSold": "2175000000", "operatingIncome": "297000000", "sellingGeneralAndAdministrative": "421000000", "researchAndDevelopment": "254000000", "operatingExpenses": "706000000", "investmentIncomeNet": "None", "netInterestIncome": "-69000000", "interestIncome": "7000000", "interestExpense": "76000000", "nonInterestIncome": "None", "otherNonOperatingIncome": "15000000", "depreciation": "None", "depreciationAndAmortization": "341000000", "incomeBeforeTax": "228000000", "incomeTaxExpense": "37000000", "interestAndDebtExpense": "None", "netIncomeFromContinuingOperations": "191000000", "comprehensiveIncomeNetOfTax": "None", "ebit": "296000000", "ebitda": "637000000", "netIncome": "176000000"}, {"fiscalDateEnding": "2022-12-31", "reportedCurrency": "USD", "grossProfit": "915000000", "totalRevenue": "3406000000", "costOfRevenue": "2491000000", "costofGoodsAndServicesSold": "2491000000", "operatingIncome": "-14000000", "sellingGeneralAndAdministrative": "517000000", "researchAndDevelopment": "281000000", "operatingExpenses": "829000000", "investmentIncomeNet": "None", "netInterestIncome": "-70000000", "interestIncome": "24000000", "interestExpense": "76000000", "nonInterestIncome": "None", "otherNonOperatingIncome": "-78000000", "depreciation": "None", "depreciationAndAmortization": "346000000", "incomeBeforeTax": "4000000", "incomeTaxExpense": "31000000", "interestAndDebtExpense": "None", "netIncomeFromContinuingOperations": "-27000000", "comprehensiveIncomeNetOfTax": "None", "ebit": "501000000", "ebitda": "847000000", "netIncome": "-27000000"}, {"fiscalDateEnding": "2022-09-30", "reportedCurrency": "USD", "grossProfit": "1062000000", "totalRevenue": "3488000000", "costOfRevenue": "2426000000", "costofGoodsAndServicesSold": "2426000000", "operatingIncome": "401000000", "sellingGeneralAndAdministrative": "461000000", "researchAndDevelopment": "278000000", "operatingExpenses": "770000000", "investmentIncomeNet": "None", "netInterestIncome": "-70000000", "interestIncome": "138000000", "interestExpense": "73000000", "nonInterestIncome": "None", "otherNonOperatingIncome": "109000000", "depreciation": "None", "depreciationAndAmortization": "358000000", "incomeBeforeTax": "260000000", "incomeTaxExpense": "34000000", "interestAndDebtExpense": "None", "netIncomeFromContinuingOperations": "226000000", "comprehensiveIncomeNetOfTax": "None", "ebit": "319000000", "ebitda": "677000000", "netIncome": "208000000"}, {"fiscalDateEnding": "2022-06-30", "reportedCurrency": "USD", "grossProfit": "1246000000", "totalRevenue": "3615000000", "costOfRevenue": "2369000000", "costofGoodsAndServicesSold": "2369000000", "operatingIncome": "490000000", "sellingGeneralAndAdministrative": "486000000", "researchAndDevelopment": "240000000", "operatingExpenses": "756000000", "investmentIncomeNet": "None", "netInterestIncome": "-69000000", "interestIncome": "3000000", "interestExpense": "72000000", "nonInterestIncome": "None", "otherNonOperatingIncome": "136000000", "depreciation": "None", "depreciationAndAmortization": "375000000", "incomeBeforeTax": "750000000", "incomeTaxExpense": "166000000", "interestAndDebtExpense": "None", "netIncomeFromContinuingOperations": "584000000", "comprehensiveIncomeNetOfTax": "None", "ebit": "491000000", "ebitda": "866000000", "netIncome": "563000000"}, {"fiscalDateEnding": "2022-03-31", "reportedCurrency": "USD", "grossProfit": "1283000000", "totalRevenue": "3680000000", "costOfRevenue": "2397000000", "costofGoodsAndServicesSold": "2397000000", "operatingIncome": "570000000", "sellingGeneralAndAdministrative": "434000000", "researchAndDevelopment": "248000000", "operatingExpenses": "713000000", "investmentIncomeNet": "None", "netInterestIncome": "-68000000", "interestIncome": "3000000", "interestExpense": "71000000", "nonInterestIncome": "None", "otherNonOperatingIncome": "133000000", "depreciation": "None", "depreciationAndAmortization": "373000000", "incomeBeforeTax": "761000000", "incomeTaxExpense": "180000000", "interestAndDebtExpense": "None", "netIncomeFromContinuingOperations": "581000000", "comprehensiveIncomeNetOfTax": "None", "ebit": "594000000", "ebitda": "967000000", "netIncome": "581000000"}, {"fiscalDateEnding": "2021-12-31", "reportedCurrency": "USD", "grossProfit": "1271000000", "totalRevenue": "3676000000", "costOfRevenue": "2405000000", "costofGoodsAndServicesSold": "2405000000", "operatingIncome": "483000000", "sellingGeneralAndAdministrative": "476000000", "researchAndDevelopment": "280000000", "operatingExpenses": "788000000", "investmentIncomeNet": "None", "netInterestIncome": "-70000000", "interestIncome": "3000000", "interestExpense": "73000000", "nonInterestIncome": "None", "otherNonOperatingIncome": "74000000", "depreciation": "None", "depreciationAndAmortization": "379000000", "incomeBeforeTax": "576000000", "incomeTaxExpense": "89000000", "interestAndDebtExpense": "None", "netIncomeFromContinuingOperations": "487000000", "comprehensiveIncomeNetOfTax": "None", "ebit": "588000000", "ebitda": "967000000", "netIncome": "487000000"}, {"fiscalDateEnding": "2021-09-30", "reportedCurrency": "USD", "grossProfit": "1321000000", "totalRevenue": "3615000000", "costOfRevenue": "2294000000", "costofGoodsAndServicesSold": "2294000000", "operatingIncome": "552000000", "sellingGeneralAndAdministrative": "486000000", "researchAndDevelopment": "251000000", "operatingExpenses": "769000000", "investmentIncomeNet": "None", "netInterestIncome": "-69000000", "interestIncome": "66000000", "interestExpense": "72000000", "nonInterestIncome": "None", "otherNonOperatingIncome": "13000000", "depreciation": "None", "depreciationAndAmortization": "371000000", "incomeBeforeTax": "480000000", "incomeTaxExpense": "109000000", "interestAndDebtExpense": "None", "netIncomeFromContinuingOperations": "371000000", "comprehensiveIncomeNetOfTax": "None", "ebit": "581000000", "ebitda": "952000000", "netIncome": "371000000"}, {"fiscalDateEnding": "2021-06-30", "reportedCurrency": "USD", "grossProfit": "1315000000", "totalRevenue": "3501000000", "costOfRevenue": "2186000000", "costofGoodsAndServicesSold": "2186000000", "operatingIncome": "575000000", "sellingGeneralAndAdministrative": "465000000", "researchAndDevelopment": "242000000", "operatingExpenses": "740000000", "investmentIncomeNet": "None", "netInterestIncome": "-76000000", "interestIncome": "66000000", "interestExpense": "78000000", "nonInterestIncome": "None", "otherNonOperatingIncome": "16000000", "depreciation": "None", "depreciationAndAmortization": "369000000", "incomeBeforeTax": "516000000", "incomeTaxExpense": "67000000", "interestAndDebtExpense": "None", "netIncomeFromContinuingOperations": "449000000", "comprehensiveIncomeNetOfTax": "None", "ebit": "594000000", "ebitda": "963000000", "netIncome": "449000000"}, {"fiscalDateEnding": "2021-03-31", "reportedCurrency": "USD", "grossProfit": "1156000000", "totalRevenue": "3290000000", "costOfRevenue": "2134000000", "costofGoodsAndServicesSold": "2134000000", "operatingIncome": "502000000", "sellingGeneralAndAdministrative": "400000000", "researchAndDevelopment": "222000000", "operatingExpenses": "654000000", "investmentIncomeNet": "None", "netInterestIncome": "-74000000", "interestIncome": "3000000", "interestExpense": "77000000", "nonInterestIncome": "None", "otherNonOperatingIncome": "128000000", "depreciation": "None", "depreciationAndAmortization": "362000000", "incomeBeforeTax": "825000000", "incomeTaxExpense": "226000000", "interestAndDebtExpense": "None", "netIncomeFromContinuingOperations": "599000000", "comprehensiveIncomeNetOfTax": "None", "ebit": "530000000", "ebitda": "892000000", "netIncome": "599000000"}, {"fiscalDateEnding": "2020-12-31", "reportedCurrency": "USD", "grossProfit": "1213000000", "totalRevenue": "3350000000", "costOfRevenue": "2137000000", "costofGoodsAndServicesSold": "2137000000", "operatingIncome": "476000000", "sellingGeneralAndAdministrative": "471000000", "researchAndDevelopment": "232000000", "operatingExpenses": "737000000", "investmentIncomeNet": "None", "netInterestIncome": "-72000000", "interestIncome": "3000000", "interestExpense": "75000000", "nonInterestIncome": "None", "otherNonOperatingIncome": "-28000000", "depreciation": "None", "depreciationAndAmortization": "392000000", "incomeBeforeTax": "330000000", "incomeTaxExpense": "78000000", "interestAndDebtExpense": "None", "netIncomeFromContinuingOperations": "252000000", "comprehensiveIncomeNetOfTax": "None", "ebit": "567000000", "ebitda": "959000000", "netIncome": "252000000"}, {"fiscalDateEnding": "2020-09-30", "reportedCurrency": "USD", "grossProfit": "1001000000", "totalRevenue": "3001000000", "costOfRevenue": "2000000000", "costofGoodsAndServicesSold": "2000000000", "operatingIncome": "257000000", "sellingGeneralAndAdministrative": "480000000", "researchAndDevelopment": "231000000", "operatingExpenses": "744000000", "investmentIncomeNet": "None", "netInterestIncome": "-67000000", "interestIncome": "243000000", "interestExpense": "70000000", "nonInterestIncome": "None", "otherNonOperatingIncome": "363000000", "depreciation": "None", "depreciationAndAmortization": "394000000", "incomeBeforeTax": "450000000", "incomeTaxExpense": "23000000", "interestAndDebtExpense": "None", "netIncomeFromContinuingOperations": "427000000", "comprehensiveIncomeNetOfTax": "None", "ebit": "432000000", "ebitda": "826000000", "netIncome": "427000000"}, {"fiscalDateEnding": "2020-06-30", "reportedCurrency": "USD", "grossProfit": "756000000", "totalRevenue": "2561000000", "costOfRevenue": "1805000000", "costofGoodsAndServicesSold": "1805000000", "operatingIncome": "-103000000", "sellingGeneralAndAdministrative": "401000000", "researchAndDevelopment": "430000000", "operatingExpenses": "859000000", "investmentIncomeNet": "None", "netInterestIncome": "-64000000", "interestIncome": "3000000", "interestExpense": "67000000", "nonInterestIncome": "None", "otherNonOperatingIncome": "84000000", "depreciation": "None", "depreciationAndAmortization": "352000000", "incomeBeforeTax": "-49000000", "incomeTaxExpense": "22000000", "interestAndDebtExpense": "None", "netIncomeFromContinuingOperations": "-71000000", "comprehensiveIncomeNetOfTax": "None", "ebit": "244000000", "ebitda": "596000000", "netIncome": "-71000000"}, {"fiscalDateEnding": "2020-03-31", "reportedCurrency": "USD", "grossProfit": "561000000", "totalRevenue": "2391000000", "costOfRevenue": "1830000000", "costofGoodsAndServicesSold": "1830000000", "operatingIncome": "-121000000", "sellingGeneralAndAdministrative": "395000000", "researchAndDevelopment": "261000000", "operatingExpenses": "682000000", "investmentIncomeNet": "None", "netInterestIncome": "-58000000", "interestIncome": "6000000", "interestExpense": "64000000", "nonInterestIncome": "None", "otherNonOperatingIncome": "9000000", "depreciation": "None", "depreciationAndAmortization": "382000000", "incomeBeforeTax": "-108000000", "incomeTaxExpense": "-12000000", "interestAndDebtExpense": "None", "netIncomeFromContinuingOperations": "-96000000", "comprehensiveIncomeNetOfTax": "None", "ebit": "-44000000", "ebitda": "338000000", "netIncome": "-96000000"}, {"fiscalDateEnding": "2019-12-31", "reportedCurrency": "USD", "grossProfit": "854000000", "totalRevenue": "2817000000", "costOfRevenue": "1963000000", "costofGoodsAndServicesSold": "1963000000", "operatingIncome": "147000000", "sellingGeneralAndAdministrative": "401000000", "researchAndDevelopment": "278000000", "operatingExpenses": "707000000", "investmentIncomeNet": "None", "netInterestIncome": "-55000000", "interestIncome": "5000000", "interestExpense": "60000000", "nonInterestIncome": "None", "otherNonOperatingIncome": "-232000000", "depreciation": "None", "depreciationAndAmortization": "392000000", "incomeBeforeTax": "17000000", "incomeTaxExpense": "-15000000", "interestAndDebtExpense": "None", "netIncomeFromContinuingOperations": "32000000", "comprehensiveIncomeNetOfTax": "None", "ebit": "281000000", "ebitda": "673000000", "netIncome": "32000000"}, {"fiscalDateEnding": "2019-09-30", "reportedCurrency": "USD", "grossProfit": "1017000000", "totalRevenue": "2934000000", "costOfRevenue": "1917000000", "costofGoodsAndServicesSold": "1917000000", "operatingIncome": "365000000", "sellingGeneralAndAdministrative": "369000000", "researchAndDevelopment": "255000000", "operatingExpenses": "652000000", "investmentIncomeNet": "None", "netInterestIncome": "-51000000", "interestIncome": "4000000", "interestExpense": "55000000", "nonInterestIncome": "None", "otherNonOperatingIncome": "12000000", "depreciation": "None", "depreciationAndAmortization": "396000000", "incomeBeforeTax": "408000000", "incomeTaxExpense": "71000000", "interestAndDebtExpense": "None", "netIncomeFromContinuingOperations": "337000000", "comprehensiveIncomeNetOfTax": "None", "ebit": "508000000", "ebitda": "904000000", "netIncome": "337000000"}, {"fiscalDateEnding": "2019-06-30", "reportedCurrency": "USD", "grossProfit": "1065000000", "totalRevenue": "2940000000", "costOfRevenue": "1875000000", "costofGoodsAndServicesSold": "1875000000", "operatingIncome": "374000000", "sellingGeneralAndAdministrative": "414000000", "researchAndDevelopment": "249000000", "operatingExpenses": "691000000", "investmentIncomeNet": "None", "netInterestIncome": "-49000000", "interestIncome": "5000000", "interestExpense": "54000000", "nonInterestIncome": "None", "otherNonOperatingIncome": "-104000000", "depreciation": "None", "depreciationAndAmortization": "380000000", "incomeBeforeTax": "216000000", "incomeTaxExpense": "124000000", "interestAndDebtExpense": "None", "netIncomeFromContinuingOperations": "92000000", "comprehensiveIncomeNetOfTax": "None", "ebit": "419000000", "ebitda": "799000000", "netIncome": "92000000"}, {"fiscalDateEnding": "2019-03-31", "reportedCurrency": "USD", "grossProfit": "1099000000", "totalRevenue": "2812000000", "costOfRevenue": "1713000000", "costofGoodsAndServicesSold": "1713000000", "operatingIncome": "420000000", "sellingGeneralAndAdministrative": "401000000", "researchAndDevelopment": "249000000", "operatingExpenses": "679000000", "investmentIncomeNet": "None", "netInterestIncome": "-45000000", "interestIncome": "7000000", "interestExpense": "52000000", "nonInterestIncome": "None", "otherNonOperatingIncome": "207000000", "depreciation": "None", "depreciationAndAmortization": "335000000", "incomeBeforeTax": "575000000", "incomeTaxExpense": "76000000", "interestAndDebtExpense": "None", "netIncomeFromContinuingOperations": "499000000", "comprehensiveIncomeNetOfTax": "None", "ebit": "419000000", "ebitda": "754000000", "netIncome": "499000000"}, {"fiscalDateEnding": "2018-12-31", "reportedCurrency": "USD", "grossProfit": "1202000000", "totalRevenue": "3035000000", "costOfRevenue": "1833000000", "costofGoodsAndServicesSold": "1833000000", "operatingIncome": "464000000", "sellingGeneralAndAdministrative": "447000000", "researchAndDevelopment": "265000000", "operatingExpenses": "738000000", "investmentIncomeNet": "None", "netInterestIncome": "None", "interestIncome": "None", "interestExpense": "51000000", "nonInterestIncome": "None", "otherNonOperatingIncome": "-67000000", "depreciation": "None", "depreciationAndAmortization": "330000000", "incomeBeforeTax": "346000000", "incomeTaxExpense": "54000000", "interestAndDebtExpense": "None", "netIncomeFromContinuingOperations": "292000000", "comprehensiveIncomeNetOfTax": "None", "ebit": "457000000", "ebitda": "787000000", "netIncome": "292000000"}, {"fiscalDateEnding": "2018-09-30", "reportedCurrency": "USD", "grossProfit": "1232000000", "totalRevenue": "3008000000", "costOfRevenue": "1776000000", "costofGoodsAndServicesSold": "1776000000", "operatingIncome": "522000000", "sellingGeneralAndAdministrative": "439000000", "researchAndDevelopment": "244000000", "operatingExpenses": "710000000", "investmentIncomeNet": "None", "netInterestIncome": "None", "interestIncome": "None", "interestExpense": "45000000", "nonInterestIncome": "None", "otherNonOperatingIncome": "281000000", "depreciation": "None", "depreciationAndAmortization": "318000000", "incomeBeforeTax": "758000000", "incomeTaxExpense": "133000000", "interestAndDebtExpense": "None", "netIncomeFromContinuingOperations": "625000000", "comprehensiveIncomeNetOfTax": "None", "ebit": "531000000", "ebitda": "849000000", "netIncome": "625000000"}, {"fiscalDateEnding": "2018-06-30", "reportedCurrency": "USD", "grossProfit": "1072000000", "totalRevenue": "2747000000", "costOfRevenue": "1675000000", "costofGoodsAndServicesSold": "1675000000", "operatingIncome": "395000000", "sellingGeneralAndAdministrative": "412000000", "researchAndDevelopment": "243000000", "operatingExpenses": "677000000", "investmentIncomeNet": "None", "netInterestIncome": "None", "interestIncome": "None", "interestExpense": "43000000", "nonInterestIncome": "None", "otherNonOperatingIncome": "512000000", "depreciation": "None", "depreciationAndAmortization": "322000000", "incomeBeforeTax": "864000000", "incomeTaxExpense": "126000000", "interestAndDebtExpense": "None", "netIncomeFromContinuingOperations": "738000000", "comprehensiveIncomeNetOfTax": "None", "ebit": "403000000", "ebitda": "725000000", "netIncome": "738000000"}, {"fiscalDateEnding": "2018-03-31", "reportedCurrency": "USD", "grossProfit": "955000000", "totalRevenue": "2500000000", "costOfRevenue": "1545000000", "costofGoodsAndServicesSold": "1545000000", "operatingIncome": "194000000", "sellingGeneralAndAdministrative": "501000000", "researchAndDevelopment": "241000000", "operatingExpenses": "761000000", "investmentIncomeNet": "None", "netInterestIncome": "None", "interestIncome": "None", "interestExpense": "52000000", "nonInterestIncome": "None", "otherNonOperatingIncome": "-607000000", "depreciation": "None", "depreciationAndAmortization": "323000000", "incomeBeforeTax": "-465000000", "incomeTaxExpense": "124000000", "interestAndDebtExpense": "None", "netIncomeFromContinuingOperations": "-589000000", "comprehensiveIncomeNetOfTax": "None", "ebit": "-413000000", "ebitda": "-90000000", "netIncome": "-589000000"}, {"fiscalDateEnding": "2017-12-31", "reportedCurrency": "USD", "grossProfit": "1034000000", "totalRevenue": "2637000000", "costOfRevenue": "1603000000", "costofGoodsAndServicesSold": "1603000000", "operatingIncome": "372000000", "sellingGeneralAndAdministrative": "400000000", "researchAndDevelopment": "240000000", "operatingExpenses": "662000000", "investmentIncomeNet": "None", "netInterestIncome": "None", "interestIncome": "None", "interestExpense": "43000000", "nonInterestIncome": "None", "otherNonOperatingIncome": "237000000", "depreciation": "None", "depreciationAndAmortization": "306000000", "incomeBeforeTax": "566000000", "incomeTaxExpense": "1978000000", "interestAndDebtExpense": "None", "netIncomeFromContinuingOperations": "-1588000000", "comprehensiveIncomeNetOfTax": "None", "ebit": "369000000", "ebitda": "675000000", "netIncome": "-1412000000"}, {"fiscalDateEnding": "2017-09-30", "reportedCurrency": "USD", "grossProfit": "1056000000", "totalRevenue": "2607000000", "costOfRevenue": "1551000000", "costofGoodsAndServicesSold": "1551000000", "operatingIncome": "453000000", "sellingGeneralAndAdministrative": "372000000", "researchAndDevelopment": "213000000", "operatingExpenses": "603000000", "investmentIncomeNet": "None", "netInterestIncome": "None", "interestIncome": "None", "interestExpense": "37000000", "nonInterestIncome": "None", "otherNonOperatingIncome": "63000000", "depreciation": "None", "depreciationAndAmortization": "294000000", "incomeBeforeTax": "479000000", "incomeTaxExpense": "89000000", "interestAndDebtExpense": "None", "netIncomeFromContinuingOperations": "479000000", "comprehensiveIncomeNetOfTax": "None", "ebit": "446000000", "ebitda": "740000000", "netIncome": "390000000"}, {"fiscalDateEnding": "2017-06-30", "reportedCurrency": "USD", "grossProfit": "985000000", "totalRevenue": "2497000000", "costOfRevenue": "1512000000", "costofGoodsAndServicesSold": "1512000000", "operatingIncome": "381000000", "sellingGeneralAndAdministrative": "379000000", "researchAndDevelopment": "207000000", "operatingExpenses": "604000000", "investmentIncomeNet": "None", "netInterestIncome": "None", "interestIncome": "None", "interestExpense": "38000000", "nonInterestIncome": "None", "otherNonOperatingIncome": "249000000", "depreciation": "None", "depreciationAndAmortization": "281000000", "incomeBeforeTax": "592000000", "incomeTaxExpense": "153000000", "interestAndDebtExpense": "None", "netIncomeFromContinuingOperations": "592000000", "comprehensiveIncomeNetOfTax": "None", "ebit": "385000000", "ebitda": "666000000", "netIncome": "439000000"}, {"fiscalDateEnding": "2017-03-31", "reportedCurrency": "USD", "grossProfit": "957000000", "totalRevenue": "2375000000", "costOfRevenue": "1418000000", "costofGoodsAndServicesSold": "1418000000", "operatingIncome": "424000000", "sellingGeneralAndAdministrative": "316000000", "researchAndDevelopment": "200000000", "operatingExpenses": "533000000", "investmentIncomeNet": "None", "netInterestIncome": "None", "interestIncome": "None", "interestExpense": "37000000", "nonInterestIncome": "None", "otherNonOperatingIncome": "-367000000", "depreciation": "None", "depreciationAndAmortization": "277000000", "incomeBeforeTax": "20000000", "incomeTaxExpense": "-66000000", "interestAndDebtExpense": "None", "netIncomeFromContinuingOperations": "20000000", "comprehensiveIncomeNetOfTax": "None", "ebit": "406000000", "ebitda": "683000000", "netIncome": "86000000"}, {"fiscalDateEnding": "2016-12-31", "reportedCurrency": "USD", "grossProfit": "990000000", "totalRevenue": "2476000000", "costOfRevenue": "1486000000", "costofGoodsAndServicesSold": "1486000000", "operatingIncome": "432000000", "sellingGeneralAndAdministrative": "368000000", "researchAndDevelopment": "173000000", "operatingExpenses": "559000000", "investmentIncomeNet": "None", "netInterestIncome": "None", "interestIncome": "None", "interestExpense": "37000000", "nonInterestIncome": "None", "otherNonOperatingIncome": "2009000000", "depreciation": "None", "depreciationAndAmortization": "305000000", "incomeBeforeTax": "2404000000", "incomeTaxExpense": "832000000", "interestAndDebtExpense": "None", "netIncomeFromContinuingOperations": "1572000000", "comprehensiveIncomeNetOfTax": "None", "ebit": "252000000", "ebitda": "557000000", "netIncome": "1572000000"}, {"fiscalDateEnding": "2016-09-30", "reportedCurrency": "USD", "grossProfit": "1041000000", "totalRevenue": "2507000000", "costOfRevenue": "1466000000", "costofGoodsAndServicesSold": "1466000000", "operatingIncome": "535000000", "sellingGeneralAndAdministrative": "302000000", "researchAndDevelopment": "187000000", "operatingExpenses": "506000000", "investmentIncomeNet": "None", "netInterestIncome": "None", "interestIncome": "None", "interestExpense": "41000000", "nonInterestIncome": "None", "otherNonOperatingIncome": "-237000000", "depreciation": "None", "depreciationAndAmortization": "300000000", "incomeBeforeTax": "257000000", "incomeTaxExpense": "-27000000", "interestAndDebtExpense": "None", "netIncomeFromContinuingOperations": "284000000", "comprehensiveIncomeNetOfTax": "None", "ebit": "486000000", "ebitda": "786000000", "netIncome": "284000000"}, {"fiscalDateEnding": "2016-06-30", "reportedCurrency": "USD", "grossProfit": "951000000", "totalRevenue": "2360000000", "costOfRevenue": "1409000000", "costofGoodsAndServicesSold": "1409000000", "operatingIncome": "247000000", "sellingGeneralAndAdministrative": "499000000", "researchAndDevelopment": "192000000", "operatingExpenses": "706000000", "investmentIncomeNet": "None", "netInterestIncome": "None", "interestIncome": "None", "interestExpense": "40000000", "nonInterestIncome": "None", "otherNonOperatingIncome": "-1180000000", "depreciation": "None", "depreciationAndAmortization": "295000000", "incomeBeforeTax": "1703000000", "incomeTaxExpense": "-504000000", "interestAndDebtExpense": "None", "netIncomeFromContinuingOperations": "-469000000", "comprehensiveIncomeNetOfTax": "None", "ebit": "310000000", "ebitda": "605000000", "netIncome": "2207000000"}, {"fiscalDateEnding": "2016-03-31", "reportedCurrency": "USD", "grossProfit": "764000000", "totalRevenue": "2047000000", "costOfRevenue": "1283000000", "costofGoodsAndServicesSold": "1283000000", "operatingIncome": "177000000", "sellingGeneralAndAdministrative": "303000000", "researchAndDevelopment": "190000000", "operatingExpenses": "507000000", "investmentIncomeNet": "None", "netInterestIncome": "None", "interestIncome": "None", "interestExpense": "41000000", "nonInterestIncome": "None", "otherNonOperatingIncome": "-808000000", "depreciation": "None", "depreciationAndAmortization": "295000000", "incomeBeforeTax": "-672000000", "incomeTaxExpense": "-304000000", "interestAndDebtExpense": "None", "netIncomeFromContinuingOperations": "-368000000", "comprehensiveIncomeNetOfTax": "None", "ebit": "-118000000", "ebitda": "177000000", "netIncome": "-368000000"}, {"fiscalDateEnding": "2015-12-31", "reportedCurrency": "USD", "grossProfit": "857000000", "totalRevenue": "2231000000", "costOfRevenue": "1374000000", "costofGoodsAndServicesSold": "1374000000", "operatingIncome": "87000000", "sellingGeneralAndAdministrative": "563000000", "researchAndDevelopment": "208000000", "operatingExpenses": "779000000", "investmentIncomeNet": "None", "netInterestIncome": "None", "interestIncome": "None", "interestExpense": "39000000", "nonInterestIncome": "None", "otherNonOperatingIncome": "121000000", "depreciation": "None", "depreciationAndAmortization": "302000000", "incomeBeforeTax": "169000000", "incomeTaxExpense": "-55000000", "interestAndDebtExpense": "None", "netIncomeFromContinuingOperations": "224000000", "comprehensiveIncomeNetOfTax": "None", "ebit": "85000000", "ebitda": "387000000", "netIncome": "224000000"}, {"fiscalDateEnding": "2015-09-30", "reportedCurrency": "USD", "grossProfit": "892000000", "totalRevenue": "2272000000", "costOfRevenue": "1380000000", "costofGoodsAndServicesSold": "1380000000", "operatingIncome": "392000000", "sellingGeneralAndAdministrative": "307000000", "researchAndDevelopment": "181000000", "operatingExpenses": "500000000", "investmentIncomeNet": "None", "netInterestIncome": "None", "interestIncome": "None", "interestExpense": "38000000", "nonInterestIncome": "None", "otherNonOperatingIncome": "-136000000", "depreciation": "None", "depreciationAndAmortization": "292000000", "incomeBeforeTax": "218000000", "incomeTaxExpense": "6000000", "interestAndDebtExpense": "None", "netIncomeFromContinuingOperations": "212000000", "comprehensiveIncomeNetOfTax": "None", "ebit": "392000000", "ebitda": "684000000", "netIncome": "212000000"}, {"fiscalDateEnding": "2015-06-30", "reportedCurrency": "USD", "grossProfit": "975000000", "totalRevenue": "2343000000", "costOfRevenue": "1368000000", "costofGoodsAndServicesSold": "1368000000", "operatingIncome": "431000000", "sellingGeneralAndAdministrative": "337000000", "researchAndDevelopment": "191000000", "operatingExpenses": "544000000", "investmentIncomeNet": "None", "netInterestIncome": "None", "interestIncome": "None", "interestExpense": "33000000", "nonInterestIncome": "None", "otherNonOperatingIncome": "208000000", "depreciation": "None", "depreciationAndAmortization": "299000000", "incomeBeforeTax": "606000000", "incomeTaxExpense": "110000000", "interestAndDebtExpense": "None", "netIncomeFromContinuingOperations": "496000000", "comprehensiveIncomeNetOfTax": "None", "ebit": "431000000", "ebitda": "730000000", "netIncome": "496000000"}, {"fiscalDateEnding": "2015-03-31", "reportedCurrency": "USD", "grossProfit": "929000000", "totalRevenue": "2265000000", "costOfRevenue": "1336000000", "costofGoodsAndServicesSold": "1336000000", "operatingIncome": "412000000", "sellingGeneralAndAdministrative": "316000000", "researchAndDevelopment": "189000000", "operatingExpenses": "517000000", "investmentIncomeNet": "None", "netInterestIncome": "None", "interestIncome": "None", "interestExpense": "30000000", "nonInterestIncome": "None", "otherNonOperatingIncome": "111000000", "depreciation": "None", "depreciationAndAmortization": "291000000", "incomeBeforeTax": "493000000", "incomeTaxExpense": "86000000", "interestAndDebtExpense": "None", "netIncomeFromContinuingOperations": "407000000", "comprehensiveIncomeNetOfTax": "None", "ebit": "412000000", "ebitda": "703000000", "netIncome": "407000000"}, {"fiscalDateEnding": "2014-12-31", "reportedCurrency": "USD", "grossProfit": "996000000", "totalRevenue": "2404000000", "costOfRevenue": "1408000000", "costofGoodsAndServicesSold": "1408000000", "operatingIncome": "536000000", "sellingGeneralAndAdministrative": "242000000", "researchAndDevelopment": "210000000", "operatingExpenses": "460000000", "investmentIncomeNet": "None", "netInterestIncome": "None", "interestIncome": "None", "interestExpense": "32000000", "nonInterestIncome": "None", "otherNonOperatingIncome": "833000000", "depreciation": "None", "depreciationAndAmortization": "298000000", "incomeBeforeTax": "1337000000", "incomeTaxExpense": "349000000", "interestAndDebtExpense": "None", "netIncomeFromContinuingOperations": "988000000", "comprehensiveIncomeNetOfTax": "None", "ebit": "468000000", "ebitda": "766000000", "netIncome": "988000000"}, {"fiscalDateEnding": "2014-09-30", "reportedCurrency": "USD", "grossProfit": "1089000000", "totalRevenue": "2540000000", "costOfRevenue": "1451000000", "costofGoodsAndServicesSold": "1451000000", "operatingIncome": "620000000", "sellingGeneralAndAdministrative": "256000000", "researchAndDevelopment": "199000000", "operatingExpenses": "464000000", "investmentIncomeNet": "None", "netInterestIncome": "None", "interestIncome": "None", "interestExpense": "31000000", "nonInterestIncome": "None", "otherNonOperatingIncome": "820000000", "depreciation": "None", "depreciationAndAmortization": "303000000", "incomeBeforeTax": "1409000000", "incomeTaxExpense": "395000000", "interestAndDebtExpense": "None", "netIncomeFromContinuingOperations": "1014000000", "comprehensiveIncomeNetOfTax": "None", "ebit": "543000000", "ebitda": "846000000", "netIncome": "1014000000"}, {"fiscalDateEnding": "2014-06-30", "reportedCurrency": "USD", "grossProfit": "1032000000", "totalRevenue": "2482000000", "costOfRevenue": "1450000000", "costofGoodsAndServicesSold": "1450000000", "operatingIncome": "460000000", "sellingGeneralAndAdministrative": "318000000", "researchAndDevelopment": "208000000", "operatingExpenses": "534000000", "investmentIncomeNet": "None", "netInterestIncome": "None", "interestIncome": "None", "interestExpense": "30000000", "nonInterestIncome": "None", "otherNonOperatingIncome": "-89000000", "depreciation": "None", "depreciationAndAmortization": "302000000", "incomeBeforeTax": "341000000", "incomeTaxExpense": "172000000", "interestAndDebtExpense": "None", "netIncomeFromContinuingOperations": "169000000", "comprehensiveIncomeNetOfTax": "None", "ebit": "494000000", "ebitda": "796000000", "netIncome": "169000000"}, {"fiscalDateEnding": "2014-03-31", "reportedCurrency": "USD", "grossProfit": "935000000", "totalRevenue": "2289000000", "costOfRevenue": "1354000000", "costofGoodsAndServicesSold": "1354000000", "operatingIncome": "315000000", "sellingGeneralAndAdministrative": "395000000", "researchAndDevelopment": "198000000", "operatingExpenses": "601000000", "investmentIncomeNet": "None", "netInterestIncome": "None", "interestIncome": "None", "interestExpense": "30000000", "nonInterestIncome": "None", "otherNonOperatingIncome": "196000000", "depreciation": "None", "depreciationAndAmortization": "297000000", "incomeBeforeTax": "481000000", "incomeTaxExpense": "180000000", "interestAndDebtExpense": "None", "netIncomeFromContinuingOperations": "301000000", "comprehensiveIncomeNetOfTax": "None", "ebit": "332000000", "ebitda": "629000000", "netIncome": "301000000"}, {"fiscalDateEnding": "2013-12-31", "reportedCurrency": "USD", "grossProfit": "770000000", "totalRevenue": "1956000000", "costOfRevenue": "1186000000", "costofGoodsAndServicesSold": "1186000000", "operatingIncome": "184000000", "sellingGeneralAndAdministrative": "336000000", "researchAndDevelopment": "169000000", "operatingExpenses": "509000000", "investmentIncomeNet": "None", "netInterestIncome": "None", "interestIncome": "None", "interestExpense": "28000000", "nonInterestIncome": "None", "otherNonOperatingIncome": "411000000", "depreciation": "None", "depreciationAndAmortization": "249000000", "incomeBeforeTax": "567000000", "incomeTaxExpense": "146000000", "interestAndDebtExpense": "None", "netIncomeFromContinuingOperations": "421000000", "comprehensiveIncomeNetOfTax": "None", "ebit": "257000000", "ebitda": "506000000", "netIncome": "421000000"}, {"fiscalDateEnding": "2013-09-30", "reportedCurrency": "USD", "grossProfit": "901000000", "totalRevenue": "2067000000", "costOfRevenue": "1166000000", "costofGoodsAndServicesSold": "1166000000", "operatingIncome": "439000000", "sellingGeneralAndAdministrative": "265000000", "researchAndDevelopment": "184000000", "operatingExpenses": "457000000", "investmentIncomeNet": "None", "netInterestIncome": "None", "interestIncome": "None", "interestExpense": "28000000", "nonInterestIncome": "None", "otherNonOperatingIncome": "138000000", "depreciation": "None", "depreciationAndAmortization": "8000000", "incomeBeforeTax": "549000000", "incomeTaxExpense": "141000000", "interestAndDebtExpense": "None", "netIncomeFromContinuingOperations": "408000000", "comprehensiveIncomeNetOfTax": "None", "ebit": "684000000", "ebitda": "692000000", "netIncome": "408000000"}, {"fiscalDateEnding": "2013-06-30", "reportedCurrency": "USD", "grossProfit": "883000000", "totalRevenue": "1982000000", "costOfRevenue": "1099000000", "costofGoodsAndServicesSold": "1099000000", "operatingIncome": "424000000", "sellingGeneralAndAdministrative": "266000000", "researchAndDevelopment": "179000000", "operatingExpenses": "453000000", "investmentIncomeNet": "None", "netInterestIncome": "None", "interestIncome": "None", "interestExpense": "28000000", "nonInterestIncome": "None", "otherNonOperatingIncome": "433000000", "depreciation": "None", "depreciationAndAmortization": "250000000", "incomeBeforeTax": "829000000", "incomeTaxExpense": "191000000", "interestAndDebtExpense": "None", "netIncomeFromContinuingOperations": "638000000", "comprehensiveIncomeNetOfTax": "None", "ebit": "857000000", "ebitda": "1107000000", "netIncome": "638000000"}, {"fiscalDateEnding": "2013-03-31", "reportedCurrency": "USD", "grossProfit": "770000000", "totalRevenue": "1814000000", "costOfRevenue": "1044000000", "costofGoodsAndServicesSold": "1044000000", "operatingIncome": "324000000", "sellingGeneralAndAdministrative": "259000000", "researchAndDevelopment": "178000000", "operatingExpenses": "444000000", "investmentIncomeNet": "None", "netInterestIncome": "None", "interestIncome": "None", "interestExpense": "36000000", "nonInterestIncome": "None", "otherNonOperatingIncome": "240000000", "depreciation": "None", "depreciationAndAmortization": "255000000", "incomeBeforeTax": "528000000", "incomeTaxExpense": "34000000", "interestAndDebtExpense": "None", "netIncomeFromContinuingOperations": "494000000", "comprehensiveIncomeNetOfTax": "None", "ebit": "564000000", "ebitda": "819000000", "netIncome": "494000000"}, {"fiscalDateEnding": "2012-12-31", "reportedCurrency": "USD", "grossProfit": "907000000", "totalRevenue": "2146000000", "costOfRevenue": "1239000000", "costofGoodsAndServicesSold": "1239000000", "operatingIncome": "277000000", "sellingGeneralAndAdministrative": "301000000", "researchAndDevelopment": "185000000", "operatingExpenses": "492000000", "investmentIncomeNet": "None", "netInterestIncome": "None", "interestIncome": "None", "interestExpense": "34000000", "nonInterestIncome": "None", "otherNonOperatingIncome": "138000000", "depreciation": "None", "depreciationAndAmortization": "267000000", "incomeBeforeTax": "381000000", "incomeTaxExpense": "98000000", "interestAndDebtExpense": "None", "netIncomeFromContinuingOperations": "283000000", "comprehensiveIncomeNetOfTax": "None", "ebit": "415000000", "ebitda": "682000000", "netIncome": "283000000"}, {"fiscalDateEnding": "2012-09-30", "reportedCurrency": "USD", "grossProfit": "879000000", "totalRevenue": "2038000000", "costOfRevenue": "1159000000", "costofGoodsAndServicesSold": "1159000000", "operatingIncome": "393000000", "sellingGeneralAndAdministrative": "294000000", "researchAndDevelopment": "185000000", "operatingExpenses": "483000000", "investmentIncomeNet": "None", "netInterestIncome": "None", "interestIncome": "None", "interestExpense": "33000000", "nonInterestIncome": "None", "otherNonOperatingIncome": "248000000", "depreciation": "None", "depreciationAndAmortization": "248000000", "incomeBeforeTax": "608000000", "incomeTaxExpense": "87000000", "interestAndDebtExpense": "None", "netIncomeFromContinuingOperations": "521000000", "comprehensiveIncomeNetOfTax": "None", "ebit": "659000000", "ebitda": "907000000", "netIncome": "533000000"}, {"fiscalDateEnding": "2012-06-30", "reportedCurrency": "USD", "grossProfit": "797000000", "totalRevenue": "1908000000", "costOfRevenue": "1111000000", "costofGoodsAndServicesSold": "1111000000", "operatingIncome": "309000000", "sellingGeneralAndAdministrative": "291000000", "researchAndDevelopment": "188000000", "operatingExpenses": "483000000", "investmentIncomeNet": "None", "netInterestIncome": "None", "interestIncome": "None", "interestExpense": "24000000", "nonInterestIncome": "None", "otherNonOperatingIncome": "270000000", "depreciation": "None", "depreciationAndAmortization": "242000000", "incomeBeforeTax": "555000000", "incomeTaxExpense": "93000000", "interestAndDebtExpense": "None", "netIncomeFromContinuingOperations": "462000000", "comprehensiveIncomeNetOfTax": "None", "ebit": "598000000", "ebitda": "840000000", "netIncome": "474000000"}, {"fiscalDateEnding": "2012-03-31", "reportedCurrency": "USD", "grossProfit": "814000000", "totalRevenue": "1920000000", "costOfRevenue": "1106000000", "costofGoodsAndServicesSold": "1106000000", "operatingIncome": "342000000", "sellingGeneralAndAdministrative": "279000000", "researchAndDevelopment": "187000000", "operatingExpenses": "471000000", "investmentIncomeNet": "None", "netInterestIncome": "None", "interestIncome": "None", "interestExpense": "20000000", "nonInterestIncome": "None", "otherNonOperatingIncome": "251000000", "depreciation": "None", "depreciationAndAmortization": "240000000", "incomeBeforeTax": "573000000", "incomeTaxExpense": "111000000", "interestAndDebtExpense": "None", "netIncomeFromContinuingOperations": "462000000", "comprehensiveIncomeNetOfTax": "None", "ebit": "612000000", "ebitda": "852000000", "netIncome": "474000000"}, {"fiscalDateEnding": "2011-12-31", "reportedCurrency": "USD", "grossProfit": "825000000", "totalRevenue": "1887000000", "costOfRevenue": "1062000000", "costofGoodsAndServicesSold": "1062000000", "operatingIncome": "223000000", "sellingGeneralAndAdministrative": "283000000", "researchAndDevelopment": "177000000", "operatingExpenses": "464000000", "investmentIncomeNet": "None", "netInterestIncome": "None", "interestIncome": "None", "interestExpense": "17000000", "nonInterestIncome": "None", "otherNonOperatingIncome": "346000000", "depreciation": "None", "depreciationAndAmortization": "247000000", "incomeBeforeTax": "552000000", "incomeTaxExpense": "61000000", "interestAndDebtExpense": "None", "netIncomeFromContinuingOperations": "491000000", "comprehensiveIncomeNetOfTax": "None", "ebit": "569000000", "ebitda": "816000000", "netIncome": "491000000"}, {"fiscalDateEnding": "2011-09-30", "reportedCurrency": "USD", "grossProfit": "978000000", "totalRevenue": "2075000000", "costOfRevenue": "1097000000", "costofGoodsAndServicesSold": "1097000000", "operatingIncome": "587000000", "sellingGeneralAndAdministrative": "216000000", "researchAndDevelopment": "166000000", "operatingExpenses": "391000000", "investmentIncomeNet": "None", "netInterestIncome": "None", "interestIncome": "None", "interestExpense": "23000000", "nonInterestIncome": "None", "otherNonOperatingIncome": "357000000", "depreciation": "None", "depreciationAndAmortization": "245000000", "incomeBeforeTax": "921000000", "incomeTaxExpense": "110000000", "interestAndDebtExpense": "None", "netIncomeFromContinuingOperations": "811000000", "comprehensiveIncomeNetOfTax": "None", "ebit": "944000000", "ebitda": "1189000000", "netIncome": "811000000"}, {"fiscalDateEnding": "2011-06-30", "reportedCurrency": "USD", "grossProfit": "889000000", "totalRevenue": "2005000000", "costOfRevenue": "1116000000", "costofGoodsAndServicesSold": "1116000000", "operatingIncome": "424000000", "sellingGeneralAndAdministrative": "284000000", "researchAndDevelopment": "172000000", "operatingExpenses": "465000000", "investmentIncomeNet": "None", "netInterestIncome": "None", "interestIncome": "None", "interestExpense": "22000000", "nonInterestIncome": "None", "otherNonOperatingIncome": "476000000", "depreciation": "None", "depreciationAndAmortization": "236000000", "incomeBeforeTax": "878000000", "incomeTaxExpense": "123000000", "interestAndDebtExpense": "None", "netIncomeFromContinuingOperations": "755000000", "comprehensiveIncomeNetOfTax": "None", "ebit": "900000000", "ebitda": "1136000000", "netIncome": "755000000"}, {"fiscalDateEnding": "2011-03-31", "reportedCurrency": "USD", "grossProfit": "874000000", "totalRevenue": "1923000000", "costOfRevenue": "1049000000", "costofGoodsAndServicesSold": "1049000000", "operatingIncome": "460000000", "sellingGeneralAndAdministrative": "250000000", "researchAndDevelopment": "156000000", "operatingExpenses": "414000000", "investmentIncomeNet": "None", "netInterestIncome": "None", "interestIncome": "None", "interestExpense": "27000000", "nonInterestIncome": "None", "otherNonOperatingIncome": "429000000", "depreciation": "None", "depreciationAndAmortization": "229000000", "incomeBeforeTax": "862000000", "incomeTaxExpense": "114000000", "interestAndDebtExpense": "None", "netIncomeFromContinuingOperations": "748000000", "comprehensiveIncomeNetOfTax": "None", "ebit": "889000000", "ebitda": "1118000000", "netIncome": "748000000"}, {"fiscalDateEnding": "2010-12-31", "reportedCurrency": "USD", "grossProfit": "767000000", "totalRevenue": "1765000000", "costOfRevenue": "998000000", "costofGoodsAndServicesSold": "998000000", "operatingIncome": "649000000", "sellingGeneralAndAdministrative": "284000000", "researchAndDevelopment": "166000000", "operatingExpenses": "452000000", "investmentIncomeNet": "None", "netInterestIncome": "None", "interestIncome": "None", "interestExpense": "28000000", "nonInterestIncome": "None", "otherNonOperatingIncome": "567000000", "depreciation": "None", "depreciationAndAmortization": "224000000", "incomeBeforeTax": "1189000000", "incomeTaxExpense": "145000000", "interestAndDebtExpense": "None", "netIncomeFromContinuingOperations": "1043000000", "comprehensiveIncomeNetOfTax": "None", "ebit": "1217000000", "ebitda": "1441000000", "netIncome": "1044000000"}, {"fiscalDateEnding": "2010-09-30", "reportedCurrency": "USD", "grossProfit": "724000000", "totalRevenue": "1602000000", "costOfRevenue": "878000000", "costofGoodsAndServicesSold": "878000000", "operatingIncome": "319000000", "sellingGeneralAndAdministrative": "250000000", "researchAndDevelopment": "148000000", "operatingExpenses": "400000000", "investmentIncomeNet": "None", "netInterestIncome": "None", "interestIncome": "None", "interestExpense": "29000000", "nonInterestIncome": "None", "otherNonOperatingIncome": "509000000", "depreciation": "None", "depreciationAndAmortization": "214000000", "incomeBeforeTax": "799000000", "incomeTaxExpense": "14000000", "interestAndDebtExpense": "None", "netIncomeFromContinuingOperations": "785000000", "comprehensiveIncomeNetOfTax": "None", "ebit": "828000000", "ebitda": "1042000000", "netIncome": "785000000"}, {"fiscalDateEnding": "2010-06-30", "reportedCurrency": "USD", "grossProfit": "827000000", "totalRevenue": "1712000000", "costOfRevenue": "885000000", "costofGoodsAndServicesSold": "885000000", "operatingIncome": "430000000", "sellingGeneralAndAdministrative": "246000000", "researchAndDevelopment": "144000000", "operatingExpenses": "392000000", "investmentIncomeNet": "None", "netInterestIncome": "None", "interestIncome": "None", "interestExpense": "26000000", "nonInterestIncome": "None", "otherNonOperatingIncome": "541000000", "depreciation": "None", "depreciationAndAmortization": "208000000", "incomeBeforeTax": "944000000", "incomeTaxExpense": "31000000", "interestAndDebtExpense": "None", "netIncomeFromContinuingOperations": "914000000", "comprehensiveIncomeNetOfTax": "None", "ebit": "970000000", "ebitda": "1178000000", "netIncome": "913000000"}, {"fiscalDateEnding": "2010-03-31", "reportedCurrency": "USD", "grossProfit": "731000000", "totalRevenue": "1553000000", "costOfRevenue": "822000000", "costofGoodsAndServicesSold": "822000000", "operatingIncome": "403000000", "sellingGeneralAndAdministrative": "235000000", "researchAndDevelopment": "145000000", "operatingExpenses": "330000000", "investmentIncomeNet": "None", "netInterestIncome": "None", "interestIncome": "None", "interestExpense": "26000000", "nonInterestIncome": "None", "otherNonOperatingIncome": "536000000", "depreciation": "None", "depreciationAndAmortization": "208000000", "incomeBeforeTax": "913000000", "incomeTaxExpense": "97000000", "interestAndDebtExpense": "None", "netIncomeFromContinuingOperations": "816000000", "comprehensiveIncomeNetOfTax": "None", "ebit": "939000000", "ebitda": "1147000000", "netIncome": "816000000"}, {"fiscalDateEnding": "2009-12-31", "reportedCurrency": "USD", "grossProfit": "649000000", "totalRevenue": "1532000000", "costOfRevenue": "883000000", "costofGoodsAndServicesSold": "883000000", "operatingIncome": "200000000", "sellingGeneralAndAdministrative": "244000000", "researchAndDevelopment": "145000000", "operatingExpenses": "391000000", "investmentIncomeNet": "None", "netInterestIncome": "None", "interestIncome": "None", "interestExpense": "24000000", "nonInterestIncome": "None", "otherNonOperatingIncome": "None", "depreciation": "None", "depreciationAndAmortization": "198000000", "incomeBeforeTax": "704000000", "incomeTaxExpense": "-36000000", "interestAndDebtExpense": "None", "netIncomeFromContinuingOperations": "0", "comprehensiveIncomeNetOfTax": "None", "ebit": "728000000", "ebitda": "926000000", "netIncome": "740000000"}, {"fiscalDateEnding": "2009-09-30", "reportedCurrency": "USD", "grossProfit": "599000000", "totalRevenue": "1479000000", "costOfRevenue": "880000000", "costofGoodsAndServicesSold": "880000000", "operatingIncome": "230000000", "sellingGeneralAndAdministrative": "219000000", "researchAndDevelopment": "131000000", "operatingExpenses": "353000000", "investmentIncomeNet": "None", "netInterestIncome": "None", "interestIncome": "None", "interestExpense": "24000000", "nonInterestIncome": "None", "otherNonOperatingIncome": "470000000", "depreciation": "None", "depreciationAndAmortization": "230000000", "incomeBeforeTax": "675000000", "incomeTaxExpense": "32000000", "interestAndDebtExpense": "None", "netIncomeFromContinuingOperations": "644000000", "comprehensiveIncomeNetOfTax": "None", "ebit": "699000000", "ebitda": "929000000", "netIncome": "643000000"}, {"fiscalDateEnding": "2009-06-30", "reportedCurrency": "USD", "grossProfit": "575000000", "totalRevenue": "1395000000", "costOfRevenue": "820000000", "costofGoodsAndServicesSold": "820000000", "operatingIncome": "221000000", "sellingGeneralAndAdministrative": "211000000", "researchAndDevelopment": "136000000", "operatingExpenses": "349000000", "investmentIncomeNet": "None", "netInterestIncome": "None", "interestIncome": "None", "interestExpense": "20000000", "nonInterestIncome": "None", "otherNonOperatingIncome": "407000000", "depreciation": "None", "depreciationAndAmortization": "186000000", "incomeBeforeTax": "607000000", "incomeTaxExpense": "-4000000", "interestAndDebtExpense": "None", "netIncomeFromContinuingOperations": "612000000", "comprehensiveIncomeNetOfTax": "None", "ebit": "627000000", "ebitda": "813000000", "netIncome": "611000000"}, {"fiscalDateEnding": "2009-03-31", "reportedCurrency": "USD", "grossProfit": "270000000", "totalRevenue": "989000000", "costOfRevenue": "719000000", "costofGoodsAndServicesSold": "719000000", "operatingIncome": "-260000000", "sellingGeneralAndAdministrative": "207000000", "researchAndDevelopment": "151000000", "operatingExpenses": "361000000", "investmentIncomeNet": "None", "netInterestIncome": "None", "interestIncome": "None", "interestExpense": "14000000", "nonInterestIncome": "None", "otherNonOperatingIncome": "None", "depreciation": "None", "depreciationAndAmortization": "178000000", "incomeBeforeTax": "-52000000", "incomeTaxExpense": "-66000000", "interestAndDebtExpense": "None", "netIncomeFromContinuingOperations": "0", "comprehensiveIncomeNetOfTax": "None", "ebit": "-438000000", "ebitda": "-260000000", "netIncome": "14000000"}, {"fiscalDateEnding": "2008-12-31", "reportedCurrency": "USD", "grossProfit": "307000000", "totalRevenue": "1084000000", "costOfRevenue": "777000000", "costofGoodsAndServicesSold": "777000000", "operatingIncome": "-23000000", "sellingGeneralAndAdministrative": "179000000", "researchAndDevelopment": "153000000", "operatingExpenses": "308000000", "investmentIncomeNet": "None", "netInterestIncome": "None", "interestIncome": "None", "interestExpense": "59000000", "nonInterestIncome": "None", "otherNonOperatingIncome": "None", "depreciation": "None", "depreciationAndAmortization": "205000000", "incomeBeforeTax": "-56000000", "incomeTaxExpense": "-23000000", "interestAndDebtExpense": "None", "netIncomeFromContinuingOperations": "0", "comprehensiveIncomeNetOfTax": "None", "ebit": "42000000", "ebitda": "247000000", "netIncome": "249000000"}, {"fiscalDateEnding": "2008-09-30", "reportedCurrency": "USD", "grossProfit": "735000000", "totalRevenue": "1555000000", "costOfRevenue": "820000000", "costofGoodsAndServicesSold": "820000000", "operatingIncome": "349000000", "sellingGeneralAndAdministrative": "220000000", "researchAndDevelopment": "160000000", "operatingExpenses": "388000000", "investmentIncomeNet": "None", "netInterestIncome": "None", "interestIncome": "None", "interestExpense": "15000000", "nonInterestIncome": "None", "otherNonOperatingIncome": "None", "depreciation": "None", "depreciationAndAmortization": "166000000", "incomeBeforeTax": "326000000", "incomeTaxExpense": "-60000000", "interestAndDebtExpense": "None", "netIncomeFromContinuingOperations": "0", "comprehensiveIncomeNetOfTax": "None", "ebit": "732000000", "ebitda": "898000000", "netIncome": "768000000"}, {"fiscalDateEnding": "2008-06-30", "reportedCurrency": "USD", "grossProfit": "852000000", "totalRevenue": "1692000000", "costOfRevenue": "840000000", "costofGoodsAndServicesSold": "840000000", "operatingIncome": "417000000", "sellingGeneralAndAdministrative": "260000000", "researchAndDevelopment": "163000000", "operatingExpenses": "435000000", "investmentIncomeNet": "None", "netInterestIncome": "None", "interestIncome": "None", "interestExpense": "15000000", "nonInterestIncome": "None", "otherNonOperatingIncome": "None", "depreciation": "None", "depreciationAndAmortization": "165000000", "incomeBeforeTax": "463000000", "incomeTaxExpense": "-2388000000", "interestAndDebtExpense": "None", "netIncomeFromContinuingOperations": "0", "comprehensiveIncomeNetOfTax": "None", "ebit": "845000000", "ebitda": "1010000000", "netIncome": "3211000000"}, {"fiscalDateEnding": "2008-03-31", "reportedCurrency": "USD", "grossProfit": "844000000", "totalRevenue": "1617000000", "costOfRevenue": "773000000", "costofGoodsAndServicesSold": "773000000", "operatingIncome": "777000000", "sellingGeneralAndAdministrative": "242000000", "researchAndDevelopment": "151000000", "operatingExpenses": "68000000", "investmentIncomeNet": "None", "netInterestIncome": "None", "interestIncome": "None", "interestExpense": "18000000", "nonInterestIncome": "None", "otherNonOperatingIncome": "None", "depreciation": "None", "depreciationAndAmortization": "159000000", "incomeBeforeTax": "790000000", "incomeTaxExpense": "66000000", "interestAndDebtExpense": "None", "netIncomeFromContinuingOperations": "0", "comprehensiveIncomeNetOfTax": "None", "ebit": "447000000", "ebitda": "606000000", "netIncome": "1029000000"}, {"fiscalDateEnding": "2007-12-31", "reportedCurrency": "USD", "grossProfit": "757000000", "totalRevenue": "1582000000", "costOfRevenue": "825000000", "costofGoodsAndServicesSold": "825000000", "operatingIncome": "331000000", "sellingGeneralAndAdministrative": "257000000", "researchAndDevelopment": "153000000", "operatingExpenses": "428000000", "investmentIncomeNet": "None", "netInterestIncome": "None", "interestIncome": "None", "interestExpense": "82000000", "nonInterestIncome": "None", "otherNonOperatingIncome": "None", "depreciation": "None", "depreciationAndAmortization": "154000000", "incomeBeforeTax": "390000000", "incomeTaxExpense": "-61000000", "interestAndDebtExpense": "None", "netIncomeFromContinuingOperations": "0", "comprehensiveIncomeNetOfTax": "None", "ebit": "329000000", "ebitda": "483000000", "netIncome": "717000000"}, {"fiscalDateEnding": "2007-09-30", "reportedCurrency": "USD", "grossProfit": "742000000", "totalRevenue": "1553000000", "costOfRevenue": "811000000", "costofGoodsAndServicesSold": "811000000", "operatingIncome": "399000000", "sellingGeneralAndAdministrative": "212000000", "researchAndDevelopment": "145000000", "operatingExpenses": "343000000", "investmentIncomeNet": "None", "netInterestIncome": "None", "interestIncome": "None", "interestExpense": "21000000", "nonInterestIncome": "None", "otherNonOperatingIncome": "None", "depreciation": "None", "depreciationAndAmortization": "149000000", "incomeBeforeTax": "445000000", "incomeTaxExpense": "66000000", "interestAndDebtExpense": "None", "netIncomeFromContinuingOperations": "0", "comprehensiveIncomeNetOfTax": "None", "ebit": "250000000", "ebitda": "399000000", "netIncome": "617000000"}, {"fiscalDateEnding": "2007-06-30", "reportedCurrency": "USD", "grossProfit": "659000000", "totalRevenue": "1418000000", "costOfRevenue": "759000000", "costofGoodsAndServicesSold": "759000000", "operatingIncome": "217000000", "sellingGeneralAndAdministrative": "229000000", "researchAndDevelopment": "137000000", "operatingExpenses": "444000000", "investmentIncomeNet": "None", "netInterestIncome": "None", "interestIncome": "None", "interestExpense": "20000000", "nonInterestIncome": "None", "otherNonOperatingIncome": "None", "depreciation": "None", "depreciationAndAmortization": "151000000", "incomeBeforeTax": "289000000", "incomeTaxExpense": "19000000", "interestAndDebtExpense": "None", "netIncomeFromContinuingOperations": "0", "comprehensiveIncomeNetOfTax": "None", "ebit": "215000000", "ebitda": "366000000", "netIncome": "489000000"}, {"fiscalDateEnding": "2007-03-31", "reportedCurrency": "USD", "grossProfit": "591000000", "totalRevenue": "1307000000", "costOfRevenue": "716000000", "costofGoodsAndServicesSold": "716000000", "operatingIncome": "134000000", "sellingGeneralAndAdministrative": "214000000", "researchAndDevelopment": "130000000", "operatingExpenses": "457000000", "investmentIncomeNet": "None", "netInterestIncome": "None", "interestIncome": "None", "interestExpense": "21000000", "nonInterestIncome": "None", "otherNonOperatingIncome": "None", "depreciation": "None", "depreciationAndAmortization": "153000000", "incomeBeforeTax": "167000000", "incomeTaxExpense": "56000000", "interestAndDebtExpense": "None", "netIncomeFromContinuingOperations": "0", "comprehensiveIncomeNetOfTax": "None", "ebit": "-19000000", "ebitda": "134000000", "netIncome": "327000000"}, {"fiscalDateEnding": "2006-12-31", "reportedCurrency": "USD", "grossProfit": "603000000", "totalRevenue": "1369000000", "costOfRevenue": "766000000", "costofGoodsAndServicesSold": "766000000", "operatingIncome": "338000000", "sellingGeneralAndAdministrative": "222000000", "researchAndDevelopment": "138000000", "operatingExpenses": "272000000", "investmentIncomeNet": "None", "netInterestIncome": "None", "interestIncome": "None", "interestExpense": "76000000", "nonInterestIncome": "None", "otherNonOperatingIncome": "None", "depreciation": "None", "depreciationAndAmortization": "153000000", "incomeBeforeTax": "377000000", "incomeTaxExpense": "-110000000", "interestAndDebtExpense": "None", "netIncomeFromContinuingOperations": "0", "comprehensiveIncomeNetOfTax": "None", "ebit": "331000000", "ebitda": "484000000", "netIncome": "646000000"}, {"fiscalDateEnding": "2006-09-30", "reportedCurrency": "USD", "grossProfit": "566000000", "totalRevenue": "1282000000", "costOfRevenue": "716000000", "costofGoodsAndServicesSold": "716000000", "operatingIncome": "204000000", "sellingGeneralAndAdministrative": "218000000", "researchAndDevelopment": "127000000", "operatingExpenses": "360000000", "investmentIncomeNet": "None", "netInterestIncome": "None", "interestIncome": "None", "interestExpense": "18000000", "nonInterestIncome": "None", "otherNonOperatingIncome": "None", "depreciation": "None", "depreciationAndAmortization": "142000000", "incomeBeforeTax": "245000000", "incomeTaxExpense": "33000000", "interestAndDebtExpense": "None", "netIncomeFromContinuingOperations": "0", "comprehensiveIncomeNetOfTax": "None", "ebit": "206000000", "ebitda": "348000000", "netIncome": "438000000"}, {"fiscalDateEnding": "2006-06-30", "reportedCurrency": "USD", "grossProfit": "541000000", "totalRevenue": "1261000000", "costOfRevenue": "720000000", "costofGoodsAndServicesSold": "720000000", "operatingIncome": "272000000", "sellingGeneralAndAdministrative": "194000000", "researchAndDevelopment": "128000000", "operatingExpenses": "264000000", "investmentIncomeNet": "None", "netInterestIncome": "None", "interestIncome": "None", "interestExpense": "18000000", "nonInterestIncome": "None", "otherNonOperatingIncome": "None", "depreciation": "None", "depreciationAndAmortization": "152000000", "incomeBeforeTax": "283000000", "incomeTaxExpense": "24000000", "interestAndDebtExpense": "None", "netIncomeFromContinuingOperations": "0", "comprehensiveIncomeNetOfTax": "None", "ebit": "277000000", "ebitda": "429000000", "netIncome": "514000000"}, {"fiscalDateEnding": "2006-03-31", "reportedCurrency": "USD", "grossProfit": "573000000", "totalRevenue": "1262000000", "costOfRevenue": "689000000", "costofGoodsAndServicesSold": "689000000", "operatingIncome": "32000000", "sellingGeneralAndAdministrative": "178000000", "researchAndDevelopment": "124000000", "operatingExpenses": "535000000", "investmentIncomeNet": "None", "netInterestIncome": "None", "interestIncome": "None", "interestExpense": "20000000", "nonInterestIncome": "None", "otherNonOperatingIncome": "None", "depreciation": "None", "depreciationAndAmortization": "144000000", "incomeBeforeTax": "56000000", "incomeTaxExpense": "-2000000", "interestAndDebtExpense": "None", "netIncomeFromContinuingOperations": "0", "comprehensiveIncomeNetOfTax": "None", "ebit": "38000000", "ebitda": "182000000", "netIncome": "257000000"}, {"fiscalDateEnding": "2005-12-31", "reportedCurrency": "USD", "grossProfit": "527000000", "totalRevenue": "1200000000", "costOfRevenue": "673000000", "costofGoodsAndServicesSold": "673000000", "operatingIncome": "275000000", "sellingGeneralAndAdministrative": "203000000", "researchAndDevelopment": "123000000", "operatingExpenses": "336000000", "investmentIncomeNet": "None", "netInterestIncome": "None", "interestIncome": "None", "interestExpense": "24000000", "nonInterestIncome": "None", "otherNonOperatingIncome": "None", "depreciation": "None", "depreciationAndAmortization": "128000000", "incomeBeforeTax": "268000000", "incomeTaxExpense": "487000000", "interestAndDebtExpense": "None", "netIncomeFromContinuingOperations": "0", "comprehensiveIncomeNetOfTax": "None", "ebit": "191000000", "ebitda": "319000000", "netIncome": "-32000000"}, {"fiscalDateEnding": "2005-09-30", "reportedCurrency": "USD", "grossProfit": "545000000", "totalRevenue": "1188000000", "costOfRevenue": "643000000", "costofGoodsAndServicesSold": "643000000", "operatingIncome": "150000000", "sellingGeneralAndAdministrative": "178000000", "researchAndDevelopment": "118000000", "operatingExpenses": "367000000", "investmentIncomeNet": "None", "netInterestIncome": "None", "interestIncome": "None", "interestExpense": "23000000", "nonInterestIncome": "None", "otherNonOperatingIncome": "None", "depreciation": "None", "depreciationAndAmortization": "130000000", "incomeBeforeTax": "131000000", "incomeTaxExpense": "28000000", "interestAndDebtExpense": "None", "netIncomeFromContinuingOperations": "0", "comprehensiveIncomeNetOfTax": "None", "ebit": "178000000", "ebitda": "308000000", "netIncome": "203000000"}, {"fiscalDateEnding": "2005-06-30", "reportedCurrency": "USD", "grossProfit": "483000000", "totalRevenue": "1141000000", "costOfRevenue": "658000000", "costofGoodsAndServicesSold": "658000000", "operatingIncome": "49000000", "sellingGeneralAndAdministrative": "191000000", "researchAndDevelopment": "104000000", "operatingExpenses": "435000000", "investmentIncomeNet": "None", "netInterestIncome": "None", "interestIncome": "None", "interestExpense": "26000000", "nonInterestIncome": "None", "otherNonOperatingIncome": "None", "depreciation": "None", "depreciationAndAmortization": "129000000", "incomeBeforeTax": "42000000", "incomeTaxExpense": "44000000", "interestAndDebtExpense": "None", "netIncomeFromContinuingOperations": "0", "comprehensiveIncomeNetOfTax": "None", "ebit": "48000000", "ebitda": "177000000", "netIncome": "165000000"}, {"fiscalDateEnding": "2005-03-31", "reportedCurrency": "USD", "grossProfit": "429000000", "totalRevenue": "1050000000", "costOfRevenue": "621000000", "costofGoodsAndServicesSold": "621000000", "operatingIncome": "139000000", "sellingGeneralAndAdministrative": "184000000", "researchAndDevelopment": "98000000", "operatingExpenses": "271000000", "investmentIncomeNet": "None", "netInterestIncome": "None", "interestIncome": "None", "interestExpense": "35000000", "nonInterestIncome": "None", "otherNonOperatingIncome": "None", "depreciation": "None", "depreciationAndAmortization": "125000000", "incomeBeforeTax": "103000000", "incomeTaxExpense": "19000000", "interestAndDebtExpense": "None", "netIncomeFromContinuingOperations": "0", "comprehensiveIncomeNetOfTax": "None", "ebit": "154000000", "ebitda": "279000000", "netIncome": "250000000"}, {"fiscalDateEnding": "2004-12-31", "reportedCurrency": "USD", "grossProfit": "365000000", "totalRevenue": "1033000000", "costOfRevenue": "668000000", "costofGoodsAndServicesSold": "668000000", "operatingIncome": "71000000", "sellingGeneralAndAdministrative": "174000000", "researchAndDevelopment": "98000000", "operatingExpenses": "299000000", "investmentIncomeNet": "None", "netInterestIncome": "None", "interestIncome": "None", "interestExpense": "30000000", "nonInterestIncome": "None", "otherNonOperatingIncome": "None", "depreciation": "None", "depreciationAndAmortization": "136000000", "incomeBeforeTax": "67000000", "incomeTaxExpense": "34000000", "interestAndDebtExpense": "None", "netIncomeFromContinuingOperations": "0", "comprehensiveIncomeNetOfTax": "None", "ebit": "66000000", "ebitda": "202000000", "netIncome": "163000000"}]}