{"symbol": "PAYC", "annualReports": [{"fiscalDateEnding": "2024-12-31", "reportedCurrency": "USD", "grossProfit": "1548600000", "totalRevenue": "1883200000", "costOfRevenue": "334600000", "costofGoodsAndServicesSold": "334600000", "operatingIncome": "634300000", "sellingGeneralAndAdministrative": "158600000", "researchAndDevelopment": "242600000", "operatingExpenses": "835600000", "investmentIncomeNet": "None", "netInterestIncome": "-3400000", "interestIncome": "None", "interestExpense": "3400000", "nonInterestIncome": "None", "otherNonOperatingIncome": "None", "depreciation": "None", "depreciationAndAmortization": "145900000", "incomeBeforeTax": "649000000", "incomeTaxExpense": "147000000", "interestAndDebtExpense": "None", "netIncomeFromContinuingOperations": "502000000", "comprehensiveIncomeNetOfTax": "None", "ebit": "652400000", "ebitda": "798300000", "netIncome": "502000000"}, {"fiscalDateEnding": "2023-12-31", "reportedCurrency": "USD", "grossProfit": "1417384000", "totalRevenue": "1693674000", "costOfRevenue": "276290000", "costofGoodsAndServicesSold": "276290000", "operatingIncome": "451322000", "sellingGeneralAndAdministrative": "288137000", "researchAndDevelopment": "198951000", "operatingExpenses": "966062000", "investmentIncomeNet": "None", "netInterestIncome": "-2610000", "interestIncome": "None", "interestExpense": "1927000", "nonInterestIncome": "None", "otherNonOperatingIncome": "None", "depreciation": "None", "depreciationAndAmortization": "52591000", "incomeBeforeTax": "472399000", "incomeTaxExpense": "131611000", "interestAndDebtExpense": "None", "netIncomeFromContinuingOperations": "338982000", "comprehensiveIncomeNetOfTax": "None", "ebit": "450779000", "ebitda": "503370000", "netIncome": "340788000"}, {"fiscalDateEnding": "2022-12-31", "reportedCurrency": "USD", "grossProfit": "1162477000", "totalRevenue": "1375218000", "costOfRevenue": "212741000", "costofGoodsAndServicesSold": "212741000", "operatingIncome": "378679000", "sellingGeneralAndAdministrative": "239130000", "researchAndDevelopment": "148343000", "operatingExpenses": "783798000", "investmentIncomeNet": "None", "netInterestIncome": "-2536000", "interestIncome": "None", "interestExpense": "2536000", "nonInterestIncome": "None", "otherNonOperatingIncome": "13435000", "depreciation": "None", "depreciationAndAmortization": "179053000", "incomeBeforeTax": "389578000", "incomeTaxExpense": "108189000", "interestAndDebtExpense": "None", "netIncomeFromContinuingOperations": "281389000", "comprehensiveIncomeNetOfTax": "None", "ebit": "245025000", "ebitda": "424078000", "netIncome": "281389000"}, {"fiscalDateEnding": "2021-12-31", "reportedCurrency": "USD", "grossProfit": "893638000", "totalRevenue": "1055524000", "costOfRevenue": "161886000", "costofGoodsAndServicesSold": "161886000", "operatingIncome": "253567000", "sellingGeneralAndAdministrative": "209840000", "researchAndDevelopment": "118426000", "operatingExpenses": "640071000", "investmentIncomeNet": "None", "netInterestIncome": "-215000", "interestIncome": "None", "interestExpense": "2395000", "nonInterestIncome": "None", "otherNonOperatingIncome": "2395000", "depreciation": "None", "depreciationAndAmortization": "135194000", "incomeBeforeTax": "255962000", "incomeTaxExpense": "60002000", "interestAndDebtExpense": "None", "netIncomeFromContinuingOperations": "195960000", "comprehensiveIncomeNetOfTax": "None", "ebit": "149095000", "ebitda": "284289000", "netIncome": "195960000"}, {"fiscalDateEnding": "2020-12-31", "reportedCurrency": "USD", "grossProfit": "717888000", "totalRevenue": "841434000", "costOfRevenue": "123546000", "costofGoodsAndServicesSold": "123546000", "operatingIncome": "186123000", "sellingGeneralAndAdministrative": "178200000", "researchAndDevelopment": "90244000", "operatingExpenses": "531765000", "investmentIncomeNet": "None", "netInterestIncome": "-19000", "interestIncome": "None", "interestExpense": "19000", "nonInterestIncome": "None", "otherNonOperatingIncome": "-168000", "depreciation": "None", "depreciationAndAmortization": "53373000", "incomeBeforeTax": "185936000", "incomeTaxExpense": "42483000", "interestAndDebtExpense": "None", "netIncomeFromContinuingOperations": "143453000", "comprehensiveIncomeNetOfTax": "None", "ebit": "185955000", "ebitda": "239328000", "netIncome": "143453000"}, {"fiscalDateEnding": "2019-12-31", "reportedCurrency": "USD", "grossProfit": "627924000", "totalRevenue": "737671000", "costOfRevenue": "109747000", "costofGoodsAndServicesSold": "109747000", "operatingIncome": "226224000", "sellingGeneralAndAdministrative": "127534000", "researchAndDevelopment": "73080000", "operatingExpenses": "401700000", "investmentIncomeNet": "None", "netInterestIncome": "-940000", "interestIncome": "460000", "interestExpense": "940000", "nonInterestIncome": "None", "otherNonOperatingIncome": "803000", "depreciation": "None", "depreciationAndAmortization": "42211000", "incomeBeforeTax": "226087000", "incomeTaxExpense": "45511000", "interestAndDebtExpense": "None", "netIncomeFromContinuingOperations": "180576000", "comprehensiveIncomeNetOfTax": "None", "ebit": "227027000", "ebitda": "269238000", "netIncome": "180576000"}, {"fiscalDateEnding": "2018-12-31", "reportedCurrency": "USD", "grossProfit": "475573000", "totalRevenue": "566336000", "costOfRevenue": "90763000", "costofGoodsAndServicesSold": "90763000", "operatingIncome": "173715000", "sellingGeneralAndAdministrative": "96605000", "researchAndDevelopment": "46247000", "operatingExpenses": "301858000", "investmentIncomeNet": "None", "netInterestIncome": "-766000", "interestIncome": "34000", "interestExpense": "766000", "nonInterestIncome": "None", "otherNonOperatingIncome": "1762000", "depreciation": "None", "depreciationAndAmortization": "29657000", "incomeBeforeTax": "174711000", "incomeTaxExpense": "37646000", "interestAndDebtExpense": "None", "netIncomeFromContinuingOperations": "137065000", "comprehensiveIncomeNetOfTax": "None", "ebit": "175477000", "ebitda": "205134000", "netIncome": "137065000"}, {"fiscalDateEnding": "2017-12-31", "reportedCurrency": "USD", "grossProfit": "361019000", "totalRevenue": "433047000", "costOfRevenue": "72028000", "costofGoodsAndServicesSold": "72028000", "operatingIncome": "78625000", "sellingGeneralAndAdministrative": "91647000", "researchAndDevelopment": "30430000", "operatingExpenses": "282394000", "investmentIncomeNet": "None", "netInterestIncome": "-911000", "interestIncome": "111000", "interestExpense": "911000", "nonInterestIncome": "None", "otherNonOperatingIncome": "-1067000", "depreciation": "None", "depreciationAndAmortization": "19395000", "incomeBeforeTax": "76647000", "incomeTaxExpense": "9840000", "interestAndDebtExpense": "None", "netIncomeFromContinuingOperations": "66807000", "comprehensiveIncomeNetOfTax": "None", "ebit": "128643000", "ebitda": "148038000", "netIncome": "66807000"}, {"fiscalDateEnding": "2016-12-31", "reportedCurrency": "USD", "grossProfit": "275075000", "totalRevenue": "329141000", "costOfRevenue": "54066000", "costofGoodsAndServicesSold": "54066000", "operatingIncome": "57971000", "sellingGeneralAndAdministrative": "69046000", "researchAndDevelopment": "20966000", "operatingExpenses": "217104000", "investmentIncomeNet": "None", "netInterestIncome": "-1036000", "interestIncome": "636000", "interestExpense": "1036000", "nonInterestIncome": "None", "otherNonOperatingIncome": "308000", "depreciation": "None", "depreciationAndAmortization": "13632000", "incomeBeforeTax": "57243000", "incomeTaxExpense": "13403000", "interestAndDebtExpense": "None", "netIncomeFromContinuingOperations": "43840000", "comprehensiveIncomeNetOfTax": "None", "ebit": "58279000", "ebitda": "71911000", "netIncome": "43840000"}, {"fiscalDateEnding": "2015-12-31", "reportedCurrency": "USD", "grossProfit": "189180000", "totalRevenue": "224653000", "costOfRevenue": "35473000", "costofGoodsAndServicesSold": "35473000", "operatingIncome": "34435000", "sellingGeneralAndAdministrative": "47826000", "researchAndDevelopment": "8627000", "operatingExpenses": "154745000", "investmentIncomeNet": "None", "netInterestIncome": "None", "interestIncome": "1427000", "interestExpense": "1427000", "nonInterestIncome": "None", "otherNonOperatingIncome": "517000", "depreciation": "None", "depreciationAndAmortization": "9421000", "incomeBeforeTax": "33525000", "incomeTaxExpense": "12580000", "interestAndDebtExpense": "None", "netIncomeFromContinuingOperations": "20945000", "comprehensiveIncomeNetOfTax": "None", "ebit": "34952000", "ebitda": "44373000", "netIncome": "20945000"}, {"fiscalDateEnding": "2014-12-31", "reportedCurrency": "USD", "grossProfit": "123611000", "totalRevenue": "150929000", "costOfRevenue": "27318000", "costofGoodsAndServicesSold": "27318000", "operatingIncome": "15700000", "sellingGeneralAndAdministrative": "35501000", "researchAndDevelopment": "4325000", "operatingExpenses": "107911000", "investmentIncomeNet": "None", "netInterestIncome": "None", "interestIncome": "None", "interestExpense": "3421000", "nonInterestIncome": "None", "otherNonOperatingIncome": "-4044000", "depreciation": "None", "depreciationAndAmortization": "7162000", "incomeBeforeTax": "9656000", "incomeTaxExpense": "3993000", "interestAndDebtExpense": "None", "netIncomeFromContinuingOperations": "5663000", "comprehensiveIncomeNetOfTax": "None", "ebit": "13077000", "ebitda": "20239000", "netIncome": "5663000"}, {"fiscalDateEnding": "2013-12-31", "reportedCurrency": "USD", "grossProfit": "86710000", "totalRevenue": "107601000", "costOfRevenue": "20891000", "costofGoodsAndServicesSold": "20891000", "operatingIncome": "9317000", "sellingGeneralAndAdministrative": "28884000", "researchAndDevelopment": "2146000", "operatingExpenses": "77393000", "investmentIncomeNet": "None", "netInterestIncome": "None", "interestIncome": "None", "interestExpense": "2805000", "nonInterestIncome": "None", "otherNonOperatingIncome": "None", "depreciation": "None", "depreciationAndAmortization": "5486000", "incomeBeforeTax": "7711000", "incomeTaxExpense": "4004000", "interestAndDebtExpense": "None", "netIncomeFromContinuingOperations": "None", "comprehensiveIncomeNetOfTax": "None", "ebit": "8872000", "ebitda": "14358000", "netIncome": "7711000"}, {"fiscalDateEnding": "2012-12-31", "reportedCurrency": "USD", "grossProfit": "60484000", "totalRevenue": "76810000", "costOfRevenue": "16326000", "costofGoodsAndServicesSold": "16326000", "operatingIncome": "6133000", "sellingGeneralAndAdministrative": "19372000", "researchAndDevelopment": "1632000", "operatingExpenses": "54351000", "investmentIncomeNet": "None", "netInterestIncome": "None", "interestIncome": "None", "interestExpense": "6977000", "nonInterestIncome": "None", "otherNonOperatingIncome": "None", "depreciation": "None", "depreciationAndAmortization": "5522000", "incomeBeforeTax": "-490000", "incomeTaxExpense": "-84000", "interestAndDebtExpense": "None", "netIncomeFromContinuingOperations": "None", "comprehensiveIncomeNetOfTax": "None", "ebit": "6487000", "ebitda": "12009000", "netIncome": "-406000"}, {"fiscalDateEnding": "2011-12-31", "reportedCurrency": "USD", "grossProfit": "43932000", "totalRevenue": "57206000", "costOfRevenue": "13274000", "costofGoodsAndServicesSold": "13274000", "operatingIncome": "1456000", "sellingGeneralAndAdministrative": "14707000", "researchAndDevelopment": "1225000", "operatingExpenses": "42476000", "investmentIncomeNet": "None", "netInterestIncome": "None", "interestIncome": "None", "interestExpense": "134000", "nonInterestIncome": "None", "otherNonOperatingIncome": "None", "depreciation": "None", "depreciationAndAmortization": "5286000", "incomeBeforeTax": "1430000", "incomeTaxExpense": "242000", "interestAndDebtExpense": "None", "netIncomeFromContinuingOperations": "None", "comprehensiveIncomeNetOfTax": "None", "ebit": "1565000", "ebitda": "6851000", "netIncome": "1430000"}], "quarterlyReports": [{"fiscalDateEnding": "2024-12-31", "reportedCurrency": "USD", "grossProfit": "410068000", "totalRevenue": "493800000", "costOfRevenue": "83732000", "costofGoodsAndServicesSold": "83732000", "operatingIncome": "148500000", "sellingGeneralAndAdministrative": "66000000", "researchAndDevelopment": "66700000", "operatingExpenses": "240200000", "investmentIncomeNet": "None", "netInterestIncome": "-1047000", "interestIncome": "None", "interestExpense": "1047000", "nonInterestIncome": "None", "otherNonOperatingIncome": "None", "depreciation": "None", "depreciationAndAmortization": "39742000", "incomeBeforeTax": "151500000", "incomeTaxExpense": "37900000", "interestAndDebtExpense": "None", "netIncomeFromContinuingOperations": "113565000", "comprehensiveIncomeNetOfTax": "None", "ebit": "152558000", "ebitda": "192300000", "netIncome": "113600000"}, {"fiscalDateEnding": "2024-09-30", "reportedCurrency": "USD", "grossProfit": "363581000", "totalRevenue": "451934000", "costOfRevenue": "88353000", "costofGoodsAndServicesSold": "88353000", "operatingIncome": "104874000", "sellingGeneralAndAdministrative": "70642000", "researchAndDevelopment": "63047000", "operatingExpenses": "258707000", "investmentIncomeNet": "None", "netInterestIncome": "-789000", "interestIncome": "None", "interestExpense": "789000", "nonInterestIncome": "None", "otherNonOperatingIncome": "None", "depreciation": "None", "depreciationAndAmortization": "38076000", "incomeBeforeTax": "108314000", "incomeTaxExpense": "35036000", "interestAndDebtExpense": "None", "netIncomeFromContinuingOperations": "73278000", "comprehensiveIncomeNetOfTax": "None", "ebit": "109103000", "ebitda": "147179000", "netIncome": "73278000"}, {"fiscalDateEnding": "2024-06-30", "reportedCurrency": "USD", "grossProfit": "318639000", "totalRevenue": "437512000", "costOfRevenue": "118873000", "costofGoodsAndServicesSold": "118873000", "operatingIncome": "95140000", "sellingGeneralAndAdministrative": "70072000", "researchAndDevelopment": "62371000", "operatingExpenses": "223499000", "investmentIncomeNet": "None", "netInterestIncome": "-782000", "interestIncome": "None", "interestExpense": "782000", "nonInterestIncome": "None", "otherNonOperatingIncome": "None", "depreciation": "None", "depreciationAndAmortization": "51422000", "incomeBeforeTax": "99145000", "incomeTaxExpense": "31175000", "interestAndDebtExpense": "None", "netIncomeFromContinuingOperations": "67970000", "comprehensiveIncomeNetOfTax": "None", "ebit": "79331999", "ebitda": "130753999", "netIncome": "67970000"}, {"fiscalDateEnding": "2024-03-31", "reportedCurrency": "USD", "grossProfit": "388363000", "totalRevenue": "499881000", "costOfRevenue": "111518000", "costofGoodsAndServicesSold": "111518000", "operatingIncome": "285814000", "sellingGeneralAndAdministrative": "48104000", "researchAndDevelopment": "50509000", "operatingExpenses": "102549000", "investmentIncomeNet": "None", "netInterestIncome": "-782000", "interestIncome": "None", "interestExpense": "782000", "nonInterestIncome": "None", "otherNonOperatingIncome": "None", "depreciation": "None", "depreciationAndAmortization": "47848000", "incomeBeforeTax": "290041000", "incomeTaxExpense": "42854000", "interestAndDebtExpense": "None", "netIncomeFromContinuingOperations": "247187000", "comprehensiveIncomeNetOfTax": "None", "ebit": "290823000", "ebitda": "338671000", "netIncome": "247187000"}, {"fiscalDateEnding": "2023-12-31", "reportedCurrency": "USD", "grossProfit": "359906000", "totalRevenue": "434595000", "costOfRevenue": "74689000", "costofGoodsAndServicesSold": "74689000", "operatingIncome": "106723000", "sellingGeneralAndAdministrative": "74740000", "researchAndDevelopment": "55300000", "operatingExpenses": "253183000", "investmentIncomeNet": "None", "netInterestIncome": "-266000", "interestIncome": "None", "interestExpense": "266000", "nonInterestIncome": "None", "otherNonOperatingIncome": "None", "depreciation": "None", "depreciationAndAmortization": "59791000", "incomeBeforeTax": "111912000", "incomeTaxExpense": "30155000", "interestAndDebtExpense": "None", "netIncomeFromContinuingOperations": "81757000", "comprehensiveIncomeNetOfTax": "None", "ebit": "112178000", "ebitda": "171969000", "netIncome": "81757000"}, {"fiscalDateEnding": "2023-09-30", "reportedCurrency": "USD", "grossProfit": "337362000", "totalRevenue": "406303000", "costOfRevenue": "68941000", "costofGoodsAndServicesSold": "68941000", "operatingIncome": "96901000", "sellingGeneralAndAdministrative": "71827000", "researchAndDevelopment": "51864000", "operatingExpenses": "240461000", "investmentIncomeNet": "None", "netInterestIncome": "-222000", "interestIncome": "None", "interestExpense": "222000", "nonInterestIncome": "None", "otherNonOperatingIncome": "None", "depreciation": "None", "depreciationAndAmortization": "56402000", "incomeBeforeTax": "102041000", "incomeTaxExpense": "26822000", "interestAndDebtExpense": "None", "netIncomeFromContinuingOperations": "75219000", "comprehensiveIncomeNetOfTax": "None", "ebit": "102263000", "ebitda": "158665000", "netIncome": "75219000"}, {"fiscalDateEnding": "2023-06-30", "reportedCurrency": "USD", "grossProfit": "333711000", "totalRevenue": "401139000", "costOfRevenue": "67428000", "costofGoodsAndServicesSold": "67428000", "operatingIncome": "87266000", "sellingGeneralAndAdministrative": "75965000", "researchAndDevelopment": "49118000", "operatingExpenses": "246445000", "investmentIncomeNet": "None", "netInterestIncome": "-602000", "interestIncome": "None", "interestExpense": "602000", "nonInterestIncome": "None", "otherNonOperatingIncome": "None", "depreciation": "None", "depreciationAndAmortization": "53958000", "incomeBeforeTax": "92847000", "incomeTaxExpense": "28331000", "interestAndDebtExpense": "None", "netIncomeFromContinuingOperations": "64516000", "comprehensiveIncomeNetOfTax": "None", "ebit": "61046000", "ebitda": "115004000", "netIncome": "64516000"}, {"fiscalDateEnding": "2023-03-31", "reportedCurrency": "USD", "grossProfit": "386405000", "totalRevenue": "451637000", "costOfRevenue": "65232000", "costofGoodsAndServicesSold": "65232000", "operatingIncome": "160432000", "sellingGeneralAndAdministrative": "65605000", "researchAndDevelopment": "42669000", "operatingExpenses": "225973000", "investmentIncomeNet": "None", "netInterestIncome": "-837000", "interestIncome": "None", "interestExpense": "837000", "nonInterestIncome": "None", "otherNonOperatingIncome": "6004000", "depreciation": "None", "depreciationAndAmortization": "27279000", "incomeBeforeTax": "165599000", "incomeTaxExpense": "46303000", "interestAndDebtExpense": "None", "netIncomeFromContinuingOperations": "119296000", "comprehensiveIncomeNetOfTax": "None", "ebit": "166436000", "ebitda": "193715000", "netIncome": "119296000"}, {"fiscalDateEnding": "2022-12-31", "reportedCurrency": "USD", "grossProfit": "311537000", "totalRevenue": "370608000", "costOfRevenue": "59071000", "costofGoodsAndServicesSold": "59071000", "operatingIncome": "105834000", "sellingGeneralAndAdministrative": "60021000", "researchAndDevelopment": "39569000", "operatingExpenses": "205703000", "investmentIncomeNet": "None", "netInterestIncome": "-949000", "interestIncome": "None", "interestExpense": "949000", "nonInterestIncome": "None", "otherNonOperatingIncome": "9104000", "depreciation": "None", "depreciationAndAmortization": "48280000", "incomeBeforeTax": "113989000", "incomeTaxExpense": "34038000", "interestAndDebtExpense": "None", "netIncomeFromContinuingOperations": "79951000", "comprehensiveIncomeNetOfTax": "None", "ebit": "114938000", "ebitda": "163218000", "netIncome": "79951000"}, {"fiscalDateEnding": "2022-09-30", "reportedCurrency": "USD", "grossProfit": "279063000", "totalRevenue": "334167000", "costOfRevenue": "55104000", "costofGoodsAndServicesSold": "55104000", "operatingIncome": "74265000", "sellingGeneralAndAdministrative": "60693000", "researchAndDevelopment": "40366000", "operatingExpenses": "204798000", "investmentIncomeNet": "None", "netInterestIncome": "-1018000", "interestIncome": "None", "interestExpense": "1018000", "nonInterestIncome": "None", "otherNonOperatingIncome": "2041000", "depreciation": "None", "depreciationAndAmortization": "45649000", "incomeBeforeTax": "75288000", "incomeTaxExpense": "23135000", "interestAndDebtExpense": "None", "netIncomeFromContinuingOperations": "52153000", "comprehensiveIncomeNetOfTax": "None", "ebit": "76306000", "ebitda": "121955000", "netIncome": "52153000"}, {"fiscalDateEnding": "2022-06-30", "reportedCurrency": "USD", "grossProfit": "266842000", "totalRevenue": "316924000", "costOfRevenue": "50082000", "costofGoodsAndServicesSold": "50082000", "operatingIncome": "72313000", "sellingGeneralAndAdministrative": "57912000", "researchAndDevelopment": "36803000", "operatingExpenses": "194529000", "investmentIncomeNet": "None", "netInterestIncome": "-354000", "interestIncome": "None", "interestExpense": "354000", "nonInterestIncome": "None", "otherNonOperatingIncome": "878000", "depreciation": "None", "depreciationAndAmortization": "22568000", "incomeBeforeTax": "72837000", "incomeTaxExpense": "15482000", "interestAndDebtExpense": "None", "netIncomeFromContinuingOperations": "57355000", "comprehensiveIncomeNetOfTax": "None", "ebit": "73191000", "ebitda": "95759000", "netIncome": "57355000"}, {"fiscalDateEnding": "2022-03-31", "reportedCurrency": "USD", "grossProfit": "305035000", "totalRevenue": "353519000", "costOfRevenue": "48484000", "costofGoodsAndServicesSold": "48484000", "operatingIncome": "126267000", "sellingGeneralAndAdministrative": "60504000", "researchAndDevelopment": "31605000", "operatingExpenses": "178768000", "investmentIncomeNet": "None", "netInterestIncome": "-215000", "interestIncome": "None", "interestExpense": "215000", "nonInterestIncome": "None", "otherNonOperatingIncome": "1412000", "depreciation": "None", "depreciationAndAmortization": "41543000", "incomeBeforeTax": "127464000", "incomeTaxExpense": "35534000", "interestAndDebtExpense": "None", "netIncomeFromContinuingOperations": "91930000", "comprehensiveIncomeNetOfTax": "None", "ebit": "127679000", "ebitda": "169222000", "netIncome": "91930000"}, {"fiscalDateEnding": "2021-12-31", "reportedCurrency": "USD", "grossProfit": "238463000", "totalRevenue": "284986000", "costOfRevenue": "46523000", "costofGoodsAndServicesSold": "46523000", "operatingIncome": "68626000", "sellingGeneralAndAdministrative": "49606000", "researchAndDevelopment": "34414000", "operatingExpenses": "169837000", "investmentIncomeNet": "None", "netInterestIncome": "0", "interestIncome": "None", "interestExpense": "0", "nonInterestIncome": "None", "otherNonOperatingIncome": "1376000", "depreciation": "None", "depreciationAndAmortization": "37430000", "incomeBeforeTax": "70002000", "incomeTaxExpense": "21315000", "interestAndDebtExpense": "None", "netIncomeFromContinuingOperations": "48687000", "comprehensiveIncomeNetOfTax": "None", "ebit": "15729000", "ebitda": "53159000", "netIncome": "48687000"}, {"fiscalDateEnding": "2021-09-30", "reportedCurrency": "USD", "grossProfit": "213514000", "totalRevenue": "256194000", "costOfRevenue": "42680000", "costofGoodsAndServicesSold": "42680000", "operatingIncome": "43305000", "sellingGeneralAndAdministrative": "59980000", "researchAndDevelopment": "31077000", "operatingExpenses": "170209000", "investmentIncomeNet": "None", "netInterestIncome": "0", "interestIncome": "None", "interestExpense": "0", "nonInterestIncome": "None", "otherNonOperatingIncome": "244000", "depreciation": "None", "depreciationAndAmortization": "34721000", "incomeBeforeTax": "43549000", "incomeTaxExpense": "13170000", "interestAndDebtExpense": "None", "netIncomeFromContinuingOperations": "30379000", "comprehensiveIncomeNetOfTax": "None", "ebit": "16742000", "ebitda": "51463000", "netIncome": "30379000"}, {"fiscalDateEnding": "2021-06-30", "reportedCurrency": "USD", "grossProfit": "205736000", "totalRevenue": "242146000", "costOfRevenue": "36410000", "costofGoodsAndServicesSold": "36410000", "operatingIncome": "47090000", "sellingGeneralAndAdministrative": "54063000", "researchAndDevelopment": "28224000", "operatingExpenses": "158646000", "investmentIncomeNet": "None", "netInterestIncome": "0", "interestIncome": "None", "interestExpense": "0", "nonInterestIncome": "None", "otherNonOperatingIncome": "146000", "depreciation": "None", "depreciationAndAmortization": "32540000", "incomeBeforeTax": "47236000", "incomeTaxExpense": "-5042000", "interestAndDebtExpense": "None", "netIncomeFromContinuingOperations": "52278000", "comprehensiveIncomeNetOfTax": "None", "ebit": "22333000", "ebitda": "54873000", "netIncome": "52278000"}, {"fiscalDateEnding": "2021-03-31", "reportedCurrency": "USD", "grossProfit": "235925000", "totalRevenue": "272198000", "costOfRevenue": "36273000", "costofGoodsAndServicesSold": "36273000", "operatingIncome": "94546000", "sellingGeneralAndAdministrative": "46191000", "researchAndDevelopment": "24711000", "operatingExpenses": "141379000", "investmentIncomeNet": "None", "netInterestIncome": "0", "interestIncome": "None", "interestExpense": "0", "nonInterestIncome": "None", "otherNonOperatingIncome": "629000", "depreciation": "None", "depreciationAndAmortization": "30503000", "incomeBeforeTax": "95175000", "incomeTaxExpense": "30559000", "interestAndDebtExpense": "None", "netIncomeFromContinuingOperations": "64616000", "comprehensiveIncomeNetOfTax": "None", "ebit": "71872000", "ebitda": "102375000", "netIncome": "64616000"}, {"fiscalDateEnding": "2020-12-31", "reportedCurrency": "USD", "grossProfit": "187917000", "totalRevenue": "220947000", "costOfRevenue": "33030000", "costofGoodsAndServicesSold": "33030000", "operatingIncome": "36247000", "sellingGeneralAndAdministrative": "56713000", "researchAndDevelopment": "25073000", "operatingExpenses": "151670000", "investmentIncomeNet": "None", "netInterestIncome": "0", "interestIncome": "None", "interestExpense": "38000", "nonInterestIncome": "None", "otherNonOperatingIncome": "354000", "depreciation": "None", "depreciationAndAmortization": "14300000", "incomeBeforeTax": "36601000", "incomeTaxExpense": "12234000", "interestAndDebtExpense": "None", "netIncomeFromContinuingOperations": "24367000", "comprehensiveIncomeNetOfTax": "None", "ebit": "36601000", "ebitda": "50901000", "netIncome": "24367000"}, {"fiscalDateEnding": "2020-09-30", "reportedCurrency": "USD", "grossProfit": "165620000", "totalRevenue": "196532000", "costOfRevenue": "30912000", "costofGoodsAndServicesSold": "30912000", "operatingIncome": "34036000", "sellingGeneralAndAdministrative": "40516000", "researchAndDevelopment": "21772000", "operatingExpenses": "131584000", "investmentIncomeNet": "None", "netInterestIncome": "0", "interestIncome": "None", "interestExpense": "0", "nonInterestIncome": "None", "otherNonOperatingIncome": "246000", "depreciation": "None", "depreciationAndAmortization": "13783000", "incomeBeforeTax": "34282000", "incomeTaxExpense": "6800000", "interestAndDebtExpense": "None", "netIncomeFromContinuingOperations": "27482000", "comprehensiveIncomeNetOfTax": "None", "ebit": "34282000", "ebitda": "48065000", "netIncome": "27482000"}, {"fiscalDateEnding": "2020-06-30", "reportedCurrency": "USD", "grossProfit": "152029000", "totalRevenue": "181587000", "costOfRevenue": "29558000", "costofGoodsAndServicesSold": "29558000", "operatingIncome": "26576000", "sellingGeneralAndAdministrative": "40837000", "researchAndDevelopment": "21778000", "operatingExpenses": "125453000", "investmentIncomeNet": "None", "netInterestIncome": "-3000", "interestIncome": "None", "interestExpense": "3000", "nonInterestIncome": "None", "otherNonOperatingIncome": "162000", "depreciation": "None", "depreciationAndAmortization": "13075000", "incomeBeforeTax": "26735000", "incomeTaxExpense": "-1854000", "interestAndDebtExpense": "None", "netIncomeFromContinuingOperations": "28589000", "comprehensiveIncomeNetOfTax": "None", "ebit": "26738000", "ebitda": "39813000", "netIncome": "28589000"}, {"fiscalDateEnding": "2020-03-31", "reportedCurrency": "USD", "grossProfit": "212322000", "totalRevenue": "242368000", "costOfRevenue": "30046000", "costofGoodsAndServicesSold": "30046000", "operatingIncome": "89264000", "sellingGeneralAndAdministrative": "40134000", "researchAndDevelopment": "21621000", "operatingExpenses": "123058000", "investmentIncomeNet": "None", "netInterestIncome": "-16000", "interestIncome": "1584000", "interestExpense": "16000", "nonInterestIncome": "None", "otherNonOperatingIncome": "-930000", "depreciation": "None", "depreciationAndAmortization": "12215000", "incomeBeforeTax": "88318000", "incomeTaxExpense": "25303000", "interestAndDebtExpense": "None", "netIncomeFromContinuingOperations": "63015000", "comprehensiveIncomeNetOfTax": "None", "ebit": "88334000", "ebitda": "100549000", "netIncome": "63015000"}, {"fiscalDateEnding": "2019-12-31", "reportedCurrency": "USD", "grossProfit": "164611000", "totalRevenue": "193409000", "costOfRevenue": "28798000", "costofGoodsAndServicesSold": "28798000", "operatingIncome": "60294000", "sellingGeneralAndAdministrative": "29148000", "researchAndDevelopment": "18211000", "operatingExpenses": "104317000", "investmentIncomeNet": "None", "netInterestIncome": "-146000", "interestIncome": "3054000", "interestExpense": "146000", "nonInterestIncome": "None", "otherNonOperatingIncome": "971000", "depreciation": "None", "depreciationAndAmortization": "11567000", "incomeBeforeTax": "61119000", "incomeTaxExpense": "15739000", "interestAndDebtExpense": "None", "netIncomeFromContinuingOperations": "45380000", "comprehensiveIncomeNetOfTax": "None", "ebit": "61265000", "ebitda": "72832000", "netIncome": "45380000"}, {"fiscalDateEnding": "2019-09-30", "reportedCurrency": "USD", "grossProfit": "148614000", "totalRevenue": "175006000", "costOfRevenue": "26392000", "costofGoodsAndServicesSold": "26392000", "operatingIncome": "50556000", "sellingGeneralAndAdministrative": "25728000", "researchAndDevelopment": "19605000", "operatingExpenses": "98058000", "investmentIncomeNet": "None", "netInterestIncome": "-260000", "interestIncome": "660000", "interestExpense": "260000", "nonInterestIncome": "None", "otherNonOperatingIncome": "195000", "depreciation": "None", "depreciationAndAmortization": "10969000", "incomeBeforeTax": "50491000", "incomeTaxExpense": "11339000", "interestAndDebtExpense": "None", "netIncomeFromContinuingOperations": "39152000", "comprehensiveIncomeNetOfTax": "None", "ebit": "50751000", "ebitda": "61720000", "netIncome": "39152000"}, {"fiscalDateEnding": "2019-06-30", "reportedCurrency": "USD", "grossProfit": "144074000", "totalRevenue": "169313000", "costOfRevenue": "25239000", "costofGoodsAndServicesSold": "25239000", "operatingIncome": "52886000", "sellingGeneralAndAdministrative": "27460000", "researchAndDevelopment": "16775000", "operatingExpenses": "91188000", "investmentIncomeNet": "None", "netInterestIncome": "-258000", "interestIncome": "1934000", "interestExpense": "258000", "nonInterestIncome": "None", "otherNonOperatingIncome": "-263000", "depreciation": "None", "depreciationAndAmortization": "10328000", "incomeBeforeTax": "52365000", "incomeTaxExpense": "3603000", "interestAndDebtExpense": "None", "netIncomeFromContinuingOperations": "48762000", "comprehensiveIncomeNetOfTax": "None", "ebit": "52623000", "ebitda": "62951000", "netIncome": "48762000"}, {"fiscalDateEnding": "2019-03-31", "reportedCurrency": "USD", "grossProfit": "170625000", "totalRevenue": "199943000", "costOfRevenue": "29318000", "costofGoodsAndServicesSold": "29318000", "operatingIncome": "62488000", "sellingGeneralAndAdministrative": "45198000", "researchAndDevelopment": "18489000", "operatingExpenses": "108137000", "investmentIncomeNet": "None", "netInterestIncome": "-276000", "interestIncome": "776000", "interestExpense": "276000", "nonInterestIncome": "None", "otherNonOperatingIncome": "-100000", "depreciation": "None", "depreciationAndAmortization": "9347000", "incomeBeforeTax": "62112000", "incomeTaxExpense": "14830000", "interestAndDebtExpense": "None", "netIncomeFromContinuingOperations": "47282000", "comprehensiveIncomeNetOfTax": "None", "ebit": "62388000", "ebitda": "71735000", "netIncome": "47282000"}, {"fiscalDateEnding": "2018-12-31", "reportedCurrency": "USD", "grossProfit": "126230000", "totalRevenue": "150332000", "costOfRevenue": "24102000", "costofGoodsAndServicesSold": "24102000", "operatingIncome": "43413000", "sellingGeneralAndAdministrative": "22905000", "researchAndDevelopment": "12740000", "operatingExpenses": "82817000", "investmentIncomeNet": "None", "netInterestIncome": "None", "interestIncome": "None", "interestExpense": "348000", "nonInterestIncome": "None", "otherNonOperatingIncome": "-366000", "depreciation": "None", "depreciationAndAmortization": "8747000", "incomeBeforeTax": "42699000", "incomeTaxExpense": "11285000", "interestAndDebtExpense": "None", "netIncomeFromContinuingOperations": "31414000", "comprehensiveIncomeNetOfTax": "None", "ebit": "43047000", "ebitda": "51794000", "netIncome": "31414000"}, {"fiscalDateEnding": "2018-09-30", "reportedCurrency": "USD", "grossProfit": "111163000", "totalRevenue": "133288000", "costOfRevenue": "22125000", "costofGoodsAndServicesSold": "22125000", "operatingIncome": "36245000", "sellingGeneralAndAdministrative": "22048000", "researchAndDevelopment": "11526000", "operatingExpenses": "74918000", "investmentIncomeNet": "None", "netInterestIncome": "None", "interestIncome": "None", "interestExpense": "384000", "nonInterestIncome": "None", "otherNonOperatingIncome": "583000", "depreciation": "None", "depreciationAndAmortization": "8128000", "incomeBeforeTax": "36444000", "incomeTaxExpense": "7675000", "interestAndDebtExpense": "None", "netIncomeFromContinuingOperations": "28769000", "comprehensiveIncomeNetOfTax": "None", "ebit": "36828000", "ebitda": "44956000", "netIncome": "28769000"}, {"fiscalDateEnding": "2018-06-30", "reportedCurrency": "USD", "grossProfit": "107869000", "totalRevenue": "128800000", "costOfRevenue": "20931000", "costofGoodsAndServicesSold": "20931000", "operatingIncome": "43037000", "sellingGeneralAndAdministrative": "18995000", "researchAndDevelopment": "10731000", "operatingExpenses": "64832000", "investmentIncomeNet": "None", "netInterestIncome": "None", "interestIncome": "None", "interestExpense": "34000", "nonInterestIncome": "None", "otherNonOperatingIncome": "515000", "depreciation": "None", "depreciationAndAmortization": "6713000", "incomeBeforeTax": "43518000", "incomeTaxExpense": "7796000", "interestAndDebtExpense": "None", "netIncomeFromContinuingOperations": "35722000", "comprehensiveIncomeNetOfTax": "None", "ebit": "43552000", "ebitda": "50265000", "netIncome": "35722000"}, {"fiscalDateEnding": "2018-03-31", "reportedCurrency": "USD", "grossProfit": "130311000", "totalRevenue": "153916000", "costOfRevenue": "23605000", "costofGoodsAndServicesSold": "23605000", "operatingIncome": "51020000", "sellingGeneralAndAdministrative": "32657000", "researchAndDevelopment": "11250000", "operatingExpenses": "79291000", "investmentIncomeNet": "None", "netInterestIncome": "None", "interestIncome": "None", "interestExpense": "800000", "nonInterestIncome": "None", "otherNonOperatingIncome": "1030000", "depreciation": "None", "depreciationAndAmortization": "6069000", "incomeBeforeTax": "52050000", "incomeTaxExpense": "10890000", "interestAndDebtExpense": "None", "netIncomeFromContinuingOperations": "41160000", "comprehensiveIncomeNetOfTax": "None", "ebit": "51020000", "ebitda": "57089000", "netIncome": "41160000"}, {"fiscalDateEnding": "2017-12-31", "reportedCurrency": "USD", "grossProfit": "94845000", "totalRevenue": "114025000", "costOfRevenue": "19180000", "costofGoodsAndServicesSold": "19180000", "operatingIncome": "19434000", "sellingGeneralAndAdministrative": "21197000", "researchAndDevelopment": "7426000", "operatingExpenses": "75411000", "investmentIncomeNet": "None", "netInterestIncome": "None", "interestIncome": "None", "interestExpense": "153000", "nonInterestIncome": "None", "otherNonOperatingIncome": "-1429000", "depreciation": "None", "depreciationAndAmortization": "5497000", "incomeBeforeTax": "17852000", "incomeTaxExpense": "4947000", "interestAndDebtExpense": "None", "netIncomeFromContinuingOperations": "12905000", "comprehensiveIncomeNetOfTax": "None", "ebit": "18005000", "ebitda": "23502000", "netIncome": "12905000"}, {"fiscalDateEnding": "2017-09-30", "reportedCurrency": "USD", "grossProfit": "83461000", "totalRevenue": "101287000", "costOfRevenue": "17826000", "costofGoodsAndServicesSold": "17826000", "operatingIncome": "11437000", "sellingGeneralAndAdministrative": "25967000", "researchAndDevelopment": "8112000", "operatingExpenses": "72024000", "investmentIncomeNet": "None", "netInterestIncome": "None", "interestIncome": "None", "interestExpense": "220000", "nonInterestIncome": "None", "otherNonOperatingIncome": "118000", "depreciation": "None", "depreciationAndAmortization": "4905000", "incomeBeforeTax": "11335000", "incomeTaxExpense": "-2732000", "interestAndDebtExpense": "None", "netIncomeFromContinuingOperations": "14067000", "comprehensiveIncomeNetOfTax": "None", "ebit": "22007000", "ebitda": "26912000", "netIncome": "14067000"}, {"fiscalDateEnding": "2017-06-30", "reportedCurrency": "USD", "grossProfit": "80351000", "totalRevenue": "98227000", "costOfRevenue": "17876000", "costofGoodsAndServicesSold": "17876000", "operatingIncome": "9089000", "sellingGeneralAndAdministrative": "26657000", "researchAndDevelopment": "8095000", "operatingExpenses": "71262000", "investmentIncomeNet": "None", "netInterestIncome": "None", "interestIncome": "None", "interestExpense": "281000", "nonInterestIncome": "None", "otherNonOperatingIncome": "149000", "depreciation": "None", "depreciationAndAmortization": "4707000", "incomeBeforeTax": "8957000", "incomeTaxExpense": "-5264000", "interestAndDebtExpense": "None", "netIncomeFromContinuingOperations": "14221000", "comprehensiveIncomeNetOfTax": "None", "ebit": "18792000", "ebitda": "23499000", "netIncome": "14221000"}, {"fiscalDateEnding": "2017-03-31", "reportedCurrency": "USD", "grossProfit": "102362000", "totalRevenue": "119508000", "costOfRevenue": "17146000", "costofGoodsAndServicesSold": "17146000", "operatingIncome": "38665000", "sellingGeneralAndAdministrative": "17826000", "researchAndDevelopment": "6797000", "operatingExpenses": "63697000", "investmentIncomeNet": "None", "netInterestIncome": "None", "interestIncome": "None", "interestExpense": "257000", "nonInterestIncome": "None", "otherNonOperatingIncome": "95000", "depreciation": "None", "depreciationAndAmortization": "4286000", "incomeBeforeTax": "38503000", "incomeTaxExpense": "12889000", "interestAndDebtExpense": "None", "netIncomeFromContinuingOperations": "25614000", "comprehensiveIncomeNetOfTax": "None", "ebit": "52510000", "ebitda": "56796000", "netIncome": "25614000"}, {"fiscalDateEnding": "2016-12-31", "reportedCurrency": "USD", "grossProfit": "72328000", "totalRevenue": "87810000", "costOfRevenue": "15482000", "costofGoodsAndServicesSold": "15482000", "operatingIncome": "12681000", "sellingGeneralAndAdministrative": "14163000", "researchAndDevelopment": "6672000", "operatingExpenses": "59647000", "investmentIncomeNet": "None", "netInterestIncome": "None", "interestIncome": "None", "interestExpense": "303000", "nonInterestIncome": "None", "otherNonOperatingIncome": "371000", "depreciation": "None", "depreciationAndAmortization": "3961000", "incomeBeforeTax": "12749000", "incomeTaxExpense": "4116000", "interestAndDebtExpense": "None", "netIncomeFromContinuingOperations": "8633000", "comprehensiveIncomeNetOfTax": "None", "ebit": "13052000", "ebitda": "17013000", "netIncome": "8633000"}, {"fiscalDateEnding": "2016-09-30", "reportedCurrency": "USD", "grossProfit": "62577000", "totalRevenue": "77325000", "costOfRevenue": "14748000", "costofGoodsAndServicesSold": "14748000", "operatingIncome": "582000", "sellingGeneralAndAdministrative": "24457000", "researchAndDevelopment": "6232000", "operatingExpenses": "61995000", "investmentIncomeNet": "None", "netInterestIncome": "None", "interestIncome": "None", "interestExpense": "252000", "nonInterestIncome": "None", "otherNonOperatingIncome": "-213000", "depreciation": "None", "depreciationAndAmortization": "3553000", "incomeBeforeTax": "117000", "incomeTaxExpense": "-6081000", "interestAndDebtExpense": "None", "netIncomeFromContinuingOperations": "6198000", "comprehensiveIncomeNetOfTax": "None", "ebit": "369000", "ebitda": "3922000", "netIncome": "6198000"}, {"fiscalDateEnding": "2016-06-30", "reportedCurrency": "USD", "grossProfit": "62015000", "totalRevenue": "73880000", "costOfRevenue": "11865000", "costofGoodsAndServicesSold": "11865000", "operatingIncome": "16004000", "sellingGeneralAndAdministrative": "15220000", "researchAndDevelopment": "4202000", "operatingExpenses": "46011000", "investmentIncomeNet": "None", "netInterestIncome": "None", "interestIncome": "None", "interestExpense": "170000", "nonInterestIncome": "None", "otherNonOperatingIncome": "116000", "depreciation": "None", "depreciationAndAmortization": "3209000", "incomeBeforeTax": "15950000", "incomeTaxExpense": "5529000", "interestAndDebtExpense": "None", "netIncomeFromContinuingOperations": "10421000", "comprehensiveIncomeNetOfTax": "None", "ebit": "16004000", "ebitda": "19213000", "netIncome": "10421000"}, {"fiscalDateEnding": "2016-03-31", "reportedCurrency": "USD", "grossProfit": "78155000", "totalRevenue": "90126000", "costOfRevenue": "11971000", "costofGoodsAndServicesSold": "11971000", "operatingIncome": "28704000", "sellingGeneralAndAdministrative": "15206000", "researchAndDevelopment": "3860000", "operatingExpenses": "49451000", "investmentIncomeNet": "None", "netInterestIncome": "None", "interestIncome": "None", "interestExpense": "311000", "nonInterestIncome": "None", "otherNonOperatingIncome": "34000", "depreciation": "None", "depreciationAndAmortization": "2909000", "incomeBeforeTax": "28427000", "incomeTaxExpense": "9839000", "interestAndDebtExpense": "None", "netIncomeFromContinuingOperations": "18588000", "comprehensiveIncomeNetOfTax": "None", "ebit": "28704000", "ebitda": "31613000", "netIncome": "18588000"}, {"fiscalDateEnding": "2015-12-31", "reportedCurrency": "USD", "grossProfit": "54856000", "totalRevenue": "65118000", "costOfRevenue": "10262000", "costofGoodsAndServicesSold": "10262000", "operatingIncome": "6234000", "sellingGeneralAndAdministrative": "13750000", "researchAndDevelopment": "2504000", "operatingExpenses": "48622000", "investmentIncomeNet": "None", "netInterestIncome": "None", "interestIncome": "None", "interestExpense": "360000", "nonInterestIncome": "None", "otherNonOperatingIncome": "400000", "depreciation": "None", "depreciationAndAmortization": "2599000", "incomeBeforeTax": "6241000", "incomeTaxExpense": "1084000", "interestAndDebtExpense": "None", "netIncomeFromContinuingOperations": "5157000", "comprehensiveIncomeNetOfTax": "None", "ebit": "4434000", "ebitda": "7033000", "netIncome": "5157000"}, {"fiscalDateEnding": "2015-09-30", "reportedCurrency": "USD", "grossProfit": "46431000", "totalRevenue": "55340000", "costOfRevenue": "8909000", "costofGoodsAndServicesSold": "8909000", "operatingIncome": "6855000", "sellingGeneralAndAdministrative": "11996000", "researchAndDevelopment": "2349000", "operatingExpenses": "39576000", "investmentIncomeNet": "None", "netInterestIncome": "None", "interestIncome": "None", "interestExpense": "343000", "nonInterestIncome": "None", "otherNonOperatingIncome": "98000", "depreciation": "None", "depreciationAndAmortization": "2402000", "incomeBeforeTax": "6610000", "incomeTaxExpense": "2763000", "interestAndDebtExpense": "None", "netIncomeFromContinuingOperations": "3847000", "comprehensiveIncomeNetOfTax": "None", "ebit": "6855000", "ebitda": "9257000", "netIncome": "3847000"}, {"fiscalDateEnding": "2015-06-30", "reportedCurrency": "USD", "grossProfit": "40952000", "totalRevenue": "48973000", "costOfRevenue": "8021000", "costofGoodsAndServicesSold": "8021000", "operatingIncome": "10808000", "sellingGeneralAndAdministrative": "10096000", "researchAndDevelopment": "1907000", "operatingExpenses": "30144000", "investmentIncomeNet": "None", "netInterestIncome": "None", "interestIncome": "None", "interestExpense": "392000", "nonInterestIncome": "None", "otherNonOperatingIncome": "19000", "depreciation": "None", "depreciationAndAmortization": "2287000", "incomeBeforeTax": "10435000", "incomeTaxExpense": "4489000", "interestAndDebtExpense": "None", "netIncomeFromContinuingOperations": "5946000", "comprehensiveIncomeNetOfTax": "None", "ebit": "10808000", "ebitda": "13095000", "netIncome": "5946000"}, {"fiscalDateEnding": "2015-03-31", "reportedCurrency": "USD", "grossProfit": "46941000", "totalRevenue": "55222000", "costOfRevenue": "8281000", "costofGoodsAndServicesSold": "8281000", "operatingIncome": "10538000", "sellingGeneralAndAdministrative": "11984000", "researchAndDevelopment": "1867000", "operatingExpenses": "36403000", "investmentIncomeNet": "None", "netInterestIncome": "None", "interestIncome": "None", "interestExpense": "332000", "nonInterestIncome": "None", "otherNonOperatingIncome": "None", "depreciation": "None", "depreciationAndAmortization": "2133000", "incomeBeforeTax": "10239000", "incomeTaxExpense": "4244000", "interestAndDebtExpense": "None", "netIncomeFromContinuingOperations": "5995000", "comprehensiveIncomeNetOfTax": "None", "ebit": "10538000", "ebitda": "12671000", "netIncome": "5995000"}, {"fiscalDateEnding": "2014-12-31", "reportedCurrency": "USD", "grossProfit": "36445000", "totalRevenue": "44040000", "costOfRevenue": "7595000", "costofGoodsAndServicesSold": "7595000", "operatingIncome": "4787000", "sellingGeneralAndAdministrative": "9685000", "researchAndDevelopment": "1447000", "operatingExpenses": "31658000", "investmentIncomeNet": "None", "netInterestIncome": "None", "interestIncome": "None", "interestExpense": "342000", "nonInterestIncome": "None", "otherNonOperatingIncome": "None", "depreciation": "None", "depreciationAndAmortization": "1964000", "incomeBeforeTax": "4471000", "incomeTaxExpense": "1965000", "interestAndDebtExpense": "None", "netIncomeFromContinuingOperations": "2506000", "comprehensiveIncomeNetOfTax": "None", "ebit": "3887000", "ebitda": "5851000", "netIncome": "2506000"}, {"fiscalDateEnding": "2014-09-30", "reportedCurrency": "USD", "grossProfit": "30162000", "totalRevenue": "36598000", "costOfRevenue": "6436000", "costofGoodsAndServicesSold": "6436000", "operatingIncome": "4678000", "sellingGeneralAndAdministrative": "8410000", "researchAndDevelopment": "1059000", "operatingExpenses": "25484000", "investmentIncomeNet": "None", "netInterestIncome": "None", "interestIncome": "None", "interestExpense": "338000", "nonInterestIncome": "None", "otherNonOperatingIncome": "None", "depreciation": "None", "depreciationAndAmortization": "1797000", "incomeBeforeTax": "4379000", "incomeTaxExpense": "1689000", "interestAndDebtExpense": "None", "netIncomeFromContinuingOperations": "2690000", "comprehensiveIncomeNetOfTax": "None", "ebit": "4678000", "ebitda": "6475000", "netIncome": "2690000"}, {"fiscalDateEnding": "2014-06-30", "reportedCurrency": "USD", "grossProfit": "26941000", "totalRevenue": "33306000", "costOfRevenue": "6365000", "costofGoodsAndServicesSold": "6365000", "operatingIncome": "3094000", "sellingGeneralAndAdministrative": "8138000", "researchAndDevelopment": "937000", "operatingExpenses": "23847000", "investmentIncomeNet": "None", "netInterestIncome": "None", "interestIncome": "None", "interestExpense": "674000", "nonInterestIncome": "None", "otherNonOperatingIncome": "-4044000", "depreciation": "None", "depreciationAndAmortization": "1680000", "incomeBeforeTax": "-1037000", "incomeTaxExpense": "-444000", "interestAndDebtExpense": "None", "netIncomeFromContinuingOperations": "-593000", "comprehensiveIncomeNetOfTax": "None", "ebit": "3094000", "ebitda": "4774000", "netIncome": "-593000"}, {"fiscalDateEnding": "2014-03-31", "reportedCurrency": "USD", "grossProfit": "30063000", "totalRevenue": "36985000", "costOfRevenue": "6922000", "costofGoodsAndServicesSold": "6922000", "operatingIncome": "3141000", "sellingGeneralAndAdministrative": "9268000", "researchAndDevelopment": "882000", "operatingExpenses": "26922000", "investmentIncomeNet": "None", "netInterestIncome": "None", "interestIncome": "None", "interestExpense": "2067000", "nonInterestIncome": "None", "otherNonOperatingIncome": "None", "depreciation": "None", "depreciationAndAmortization": "1721000", "incomeBeforeTax": "1843000", "incomeTaxExpense": "783000", "interestAndDebtExpense": "None", "netIncomeFromContinuingOperations": "1060000", "comprehensiveIncomeNetOfTax": "None", "ebit": "3141000", "ebitda": "4862000", "netIncome": "1060000"}, {"fiscalDateEnding": "2013-12-31", "reportedCurrency": "USD", "grossProfit": "24342000", "totalRevenue": "30280000", "costOfRevenue": "5938000", "costofGoodsAndServicesSold": "5938000", "operatingIncome": "-1254000", "sellingGeneralAndAdministrative": "10033000", "researchAndDevelopment": "829000", "operatingExpenses": "25596000", "investmentIncomeNet": "None", "netInterestIncome": "None", "interestIncome": "None", "interestExpense": "4124000", "nonInterestIncome": "None", "otherNonOperatingIncome": "None", "depreciation": "None", "depreciationAndAmortization": "1450000", "incomeBeforeTax": "3929000", "incomeTaxExpense": "-4276000", "interestAndDebtExpense": "None", "netIncomeFromContinuingOperations": "0", "comprehensiveIncomeNetOfTax": "None", "ebit": "-2362000", "ebitda": "-912000", "netIncome": "5140000"}, {"fiscalDateEnding": "2013-09-30", "reportedCurrency": "USD", "grossProfit": "20490000", "totalRevenue": "25830000", "costOfRevenue": "5340000", "costofGoodsAndServicesSold": "5340000", "operatingIncome": "1839000", "sellingGeneralAndAdministrative": "6815000", "researchAndDevelopment": "538000", "operatingExpenses": "18651000", "investmentIncomeNet": "None", "netInterestIncome": "None", "interestIncome": "None", "interestExpense": "2329000", "nonInterestIncome": "None", "otherNonOperatingIncome": "None", "depreciation": "None", "depreciationAndAmortization": "1453000", "incomeBeforeTax": "-623000", "incomeTaxExpense": "-199000", "interestAndDebtExpense": "None", "netIncomeFromContinuingOperations": "0", "comprehensiveIncomeNetOfTax": "None", "ebit": "1839000", "ebitda": "3292000", "netIncome": "-424000"}, {"fiscalDateEnding": "2013-06-30", "reportedCurrency": "USD", "grossProfit": "19146000", "totalRevenue": "23914000", "costOfRevenue": "4768000", "costofGoodsAndServicesSold": "4768000", "operatingIncome": "3193000", "sellingGeneralAndAdministrative": "6040000", "researchAndDevelopment": "324000", "operatingExpenses": "15953000", "investmentIncomeNet": "None", "netInterestIncome": "None", "interestIncome": "None", "interestExpense": "2326000", "nonInterestIncome": "None", "otherNonOperatingIncome": "None", "depreciation": "None", "depreciationAndAmortization": "1288000", "incomeBeforeTax": "529000", "incomeTaxExpense": "169000", "interestAndDebtExpense": "None", "netIncomeFromContinuingOperations": "0", "comprehensiveIncomeNetOfTax": "None", "ebit": "2855000", "ebitda": "4143000", "netIncome": "360000"}, {"fiscalDateEnding": "2013-03-31", "reportedCurrency": "USD", "grossProfit": "22732000", "totalRevenue": "27577000", "costOfRevenue": "4845000", "costofGoodsAndServicesSold": "4845000", "operatingIncome": "5539000", "sellingGeneralAndAdministrative": "5996000", "researchAndDevelopment": "455000", "operatingExpenses": "17193000", "investmentIncomeNet": "None", "netInterestIncome": "None", "interestIncome": "None", "interestExpense": "2274000", "nonInterestIncome": "None", "otherNonOperatingIncome": "None", "depreciation": "None", "depreciationAndAmortization": "1295000", "incomeBeforeTax": "3876000", "incomeTaxExpense": "1241000", "interestAndDebtExpense": "None", "netIncomeFromContinuingOperations": "0", "comprehensiveIncomeNetOfTax": "None", "ebit": "6150000", "ebitda": "7445000", "netIncome": "2635000"}, {"fiscalDateEnding": "2012-12-31", "reportedCurrency": "USD", "grossProfit": "17342000", "totalRevenue": "21307000", "costOfRevenue": "3965000", "costofGoodsAndServicesSold": "3965000", "operatingIncome": "1510000", "sellingGeneralAndAdministrative": "19372000", "researchAndDevelopment": "1632000", "operatingExpenses": "15496999", "investmentIncomeNet": "None", "netInterestIncome": "None", "interestIncome": "None", "interestExpense": "702000", "nonInterestIncome": "None", "otherNonOperatingIncome": "None", "depreciation": "None", "depreciationAndAmortization": "830000", "incomeBeforeTax": "-3663000", "incomeTaxExpense": "98000", "interestAndDebtExpense": "None", "netIncomeFromContinuingOperations": "0", "comprehensiveIncomeNetOfTax": "None", "ebit": "1510000", "ebitda": "2340000", "netIncome": "-355000"}, {"fiscalDateEnding": "2012-09-30", "reportedCurrency": "USD", "grossProfit": "14820000", "totalRevenue": "18567000", "costOfRevenue": "3747000", "costofGoodsAndServicesSold": "3747000", "operatingIncome": "1616000", "sellingGeneralAndAdministrative": "11999000", "researchAndDevelopment": "361000", "operatingExpenses": "12948000", "investmentIncomeNet": "None", "netInterestIncome": "None", "interestIncome": "None", "interestExpense": "683000", "nonInterestIncome": "None", "otherNonOperatingIncome": "None", "depreciation": "None", "depreciationAndAmortization": "1430665", "incomeBeforeTax": "1189000", "incomeTaxExpense": "0", "interestAndDebtExpense": "None", "netIncomeFromContinuingOperations": "0", "comprehensiveIncomeNetOfTax": "None", "ebit": "1616000", "ebitda": "3046665", "netIncome": "1189000"}, {"fiscalDateEnding": "2012-06-30", "reportedCurrency": "USD", "grossProfit": "0", "totalRevenue": "17092000", "costOfRevenue": "3366000", "costofGoodsAndServicesSold": "3366000", "operatingIncome": "179000", "sellingGeneralAndAdministrative": "11994000", "researchAndDevelopment": "542000", "operatingExpenses": "0", "investmentIncomeNet": "None", "netInterestIncome": "None", "interestIncome": "None", "interestExpense": "650000", "nonInterestIncome": "None", "otherNonOperatingIncome": "None", "depreciation": "None", "depreciationAndAmortization": "None", "incomeBeforeTax": "-2389000", "incomeTaxExpense": "0", "interestAndDebtExpense": "None", "netIncomeFromContinuingOperations": "0", "comprehensiveIncomeNetOfTax": "None", "ebit": "0", "ebitda": "None", "netIncome": "-2389000"}, {"fiscalDateEnding": "2012-03-31", "reportedCurrency": "USD", "grossProfit": "0", "totalRevenue": "19844000", "costOfRevenue": "3817000", "costofGoodsAndServicesSold": "3817000", "operatingIncome": "2512000", "sellingGeneralAndAdministrative": "11981000", "researchAndDevelopment": "380000", "operatingExpenses": "0", "investmentIncomeNet": "None", "netInterestIncome": "None", "interestIncome": "None", "interestExpense": "136000", "nonInterestIncome": "None", "otherNonOperatingIncome": "None", "depreciation": "None", "depreciationAndAmortization": "None", "incomeBeforeTax": "2389000", "incomeTaxExpense": "0", "interestAndDebtExpense": "None", "netIncomeFromContinuingOperations": "0", "comprehensiveIncomeNetOfTax": "None", "ebit": "0", "ebitda": "None", "netIncome": "2389000"}]}