{"symbol": "BAX", "annualReports": [{"fiscalDateEnding": "2024-12-31", "reportedCurrency": "USD", "grossProfit": "1701000000", "totalRevenue": "4513000000", "costOfRevenue": "2812000000", "costofGoodsAndServicesSold": "2812000000", "operatingIncome": "-112000000", "sellingGeneralAndAdministrative": "2967000000", "researchAndDevelopment": "181000000", "operatingExpenses": "1384000000", "investmentIncomeNet": "None", "netInterestIncome": "-341000000", "interestIncome": "67000000", "interestExpense": "408000000", "nonInterestIncome": "None", "otherNonOperatingIncome": "None", "depreciation": "None", "depreciationAndAmortization": "10000000", "incomeBeforeTax": "-135000000", "incomeTaxExpense": "177000000", "interestAndDebtExpense": "None", "netIncomeFromContinuingOperations": "-326000000", "comprehensiveIncomeNetOfTax": "None", "ebit": "-122000000", "ebitda": "-112000000", "netIncome": "-312000000"}, {"fiscalDateEnding": "2023-12-31", "reportedCurrency": "USD", "grossProfit": "4975000000", "totalRevenue": "14813000000", "costOfRevenue": "9838000000", "costofGoodsAndServicesSold": "9838000000", "operatingIncome": "390000000", "sellingGeneralAndAdministrative": "3938000000", "researchAndDevelopment": "667000000", "operatingExpenses": "4585000000", "investmentIncomeNet": "None", "netInterestIncome": "-442000000", "interestIncome": "70000000", "interestExpense": "512000000", "nonInterestIncome": "None", "otherNonOperatingIncome": "None", "depreciation": "None", "depreciationAndAmortization": "1263000000", "incomeBeforeTax": "-103000000", "incomeTaxExpense": "-34000000", "interestAndDebtExpense": "None", "netIncomeFromContinuingOperations": "-69000000", "comprehensiveIncomeNetOfTax": "None", "ebit": "415000000", "ebitda": "1678000000", "netIncome": "2656000000"}, {"fiscalDateEnding": "2022-12-31", "reportedCurrency": "USD", "grossProfit": "5397000000", "totalRevenue": "15113000000", "costOfRevenue": "9716000000", "costofGoodsAndServicesSold": "9716000000", "operatingIncome": "-549000000", "sellingGeneralAndAdministrative": "3862000000", "researchAndDevelopment": "605000000", "operatingExpenses": "4528000000", "investmentIncomeNet": "None", "netInterestIncome": "-395000000", "interestIncome": "20000000", "interestExpense": "395000000", "nonInterestIncome": "None", "otherNonOperatingIncome": "-15000000", "depreciation": "None", "depreciationAndAmortization": "1380000000", "incomeBeforeTax": "-2353000000", "incomeTaxExpense": "68000000", "interestAndDebtExpense": "None", "netIncomeFromContinuingOperations": "-2421000000", "comprehensiveIncomeNetOfTax": "None", "ebit": "-2229000000", "ebitda": "-849000000", "netIncome": "-2421000000"}, {"fiscalDateEnding": "2021-12-31", "reportedCurrency": "USD", "grossProfit": "5105000000", "totalRevenue": "12784000000", "costOfRevenue": "7679000000", "costofGoodsAndServicesSold": "7679000000", "operatingIncome": "779000000", "sellingGeneralAndAdministrative": "2878000000", "researchAndDevelopment": "534000000", "operatingExpenses": "3395000000", "investmentIncomeNet": "None", "netInterestIncome": "-192000000", "interestIncome": "192000000", "interestExpense": "192000000", "nonInterestIncome": "None", "otherNonOperatingIncome": "-41000000", "depreciation": "None", "depreciationAndAmortization": "890000000", "incomeBeforeTax": "1477000000", "incomeTaxExpense": "182000000", "interestAndDebtExpense": "None", "netIncomeFromContinuingOperations": "1295000000", "comprehensiveIncomeNetOfTax": "None", "ebit": "1629000000", "ebitda": "2519000000", "netIncome": "1284000000"}, {"fiscalDateEnding": "2020-12-31", "reportedCurrency": "USD", "grossProfit": "4587000000", "totalRevenue": "11673000000", "costOfRevenue": "7086000000", "costofGoodsAndServicesSold": "7086000000", "operatingIncome": "603000000", "sellingGeneralAndAdministrative": "2469000000", "researchAndDevelopment": "521000000", "operatingExpenses": "2971000000", "investmentIncomeNet": "None", "netInterestIncome": "-134000000", "interestIncome": "134000000", "interestExpense": "134000000", "nonInterestIncome": "None", "otherNonOperatingIncome": "-190000000", "depreciation": "None", "depreciationAndAmortization": "823000000", "incomeBeforeTax": "1292000000", "incomeTaxExpense": "182000000", "interestAndDebtExpense": "None", "netIncomeFromContinuingOperations": "1110000000", "comprehensiveIncomeNetOfTax": "None", "ebit": "1713000000", "ebitda": "2536000000", "netIncome": "1102000000"}, {"fiscalDateEnding": "2019-12-31", "reportedCurrency": "USD", "grossProfit": "4761000000", "totalRevenue": "11362000000", "costOfRevenue": "6601000000", "costofGoodsAndServicesSold": "6601000000", "operatingIncome": "976000000", "sellingGeneralAndAdministrative": "3290000000", "researchAndDevelopment": "595000000", "operatingExpenses": "3885000000", "investmentIncomeNet": "None", "netInterestIncome": "-71000000", "interestIncome": "40000000", "interestExpense": "111000000", "nonInterestIncome": "None", "otherNonOperatingIncome": "-731000000", "depreciation": "None", "depreciationAndAmortization": "789000000", "incomeBeforeTax": "970000000", "incomeTaxExpense": "-41000000", "interestAndDebtExpense": "None", "netIncomeFromContinuingOperations": "1011000000", "comprehensiveIncomeNetOfTax": "None", "ebit": "1081000000", "ebitda": "1870000000", "netIncome": "1001000000"}, {"fiscalDateEnding": "2018-12-31", "reportedCurrency": "USD", "grossProfit": "4781000000", "totalRevenue": "11127000000", "costOfRevenue": "6346000000", "costofGoodsAndServicesSold": "6346000000", "operatingIncome": "1599000000", "sellingGeneralAndAdministrative": "48000000", "researchAndDevelopment": "655000000", "operatingExpenses": "3182000000", "investmentIncomeNet": "None", "netInterestIncome": "-45000000", "interestIncome": "48000000", "interestExpense": "45000000", "nonInterestIncome": "None", "otherNonOperatingIncome": "139000000", "depreciation": "None", "depreciationAndAmortization": "771000000", "incomeBeforeTax": "1693000000", "incomeTaxExpense": "63000000", "interestAndDebtExpense": "None", "netIncomeFromContinuingOperations": "1630000000", "comprehensiveIncomeNetOfTax": "None", "ebit": "1706000000", "ebitda": "2477000000", "netIncome": "1624000000"}, {"fiscalDateEnding": "2017-12-31", "reportedCurrency": "USD", "grossProfit": "4470000000", "totalRevenue": "10561000000", "costOfRevenue": "6091000000", "costofGoodsAndServicesSold": "6091000000", "operatingIncome": "1291000000", "sellingGeneralAndAdministrative": "33000000", "researchAndDevelopment": "613000000", "operatingExpenses": "3212000000", "investmentIncomeNet": "None", "netInterestIncome": "-55000000", "interestIncome": "30000000", "interestExpense": "85000000", "nonInterestIncome": "None", "otherNonOperatingIncome": "14000000", "depreciation": "None", "depreciationAndAmortization": "751000000", "incomeBeforeTax": "1217000000", "incomeTaxExpense": "493000000", "interestAndDebtExpense": "None", "netIncomeFromContinuingOperations": "724000000", "comprehensiveIncomeNetOfTax": "None", "ebit": "1299000000", "ebitda": "2050000000", "netIncome": "717000000"}, {"fiscalDateEnding": "2016-12-31", "reportedCurrency": "USD", "grossProfit": "4110000000", "totalRevenue": "10163000000", "costOfRevenue": "6053000000", "costofGoodsAndServicesSold": "6053000000", "operatingIncome": "724000000", "sellingGeneralAndAdministrative": "2739000000", "researchAndDevelopment": "647000000", "operatingExpenses": "3386000000", "investmentIncomeNet": "None", "netInterestIncome": "-66000000", "interestIncome": "23000000", "interestExpense": "66000000", "nonInterestIncome": "None", "otherNonOperatingIncome": "4296000000", "depreciation": "None", "depreciationAndAmortization": "752000000", "incomeBeforeTax": "4954000000", "incomeTaxExpense": "-12000000", "interestAndDebtExpense": "None", "netIncomeFromContinuingOperations": "4966000000", "comprehensiveIncomeNetOfTax": "None", "ebit": "1220000000", "ebitda": "1972000000", "netIncome": "4965000000"}, {"fiscalDateEnding": "2015-12-31", "reportedCurrency": "USD", "grossProfit": "4146000000", "totalRevenue": "9968000000", "costOfRevenue": "5822000000", "costofGoodsAndServicesSold": "5822000000", "operatingIncome": "449000000", "sellingGeneralAndAdministrative": "3094000000", "researchAndDevelopment": "603000000", "operatingExpenses": "3697000000", "investmentIncomeNet": "None", "netInterestIncome": "None", "interestIncome": "106000000", "interestExpense": "126000000", "nonInterestIncome": "None", "otherNonOperatingIncome": "105000000", "depreciation": "None", "depreciationAndAmortization": "759000000", "incomeBeforeTax": "428000000", "incomeTaxExpense": "28000000", "interestAndDebtExpense": "None", "netIncomeFromContinuingOperations": "393000000", "comprehensiveIncomeNetOfTax": "None", "ebit": "735000000", "ebitda": "1494000000", "netIncome": "968000000"}, {"fiscalDateEnding": "2014-12-31", "reportedCurrency": "USD", "grossProfit": "8157000000", "totalRevenue": "16671000000", "costOfRevenue": "8514000000", "costofGoodsAndServicesSold": "8514000000", "operatingIncome": "2562000000", "sellingGeneralAndAdministrative": "4029000000", "researchAndDevelopment": "1421000000", "operatingExpenses": "5450000000", "investmentIncomeNet": "None", "netInterestIncome": "None", "interestIncome": "None", "interestExpense": "145000000", "nonInterestIncome": "None", "otherNonOperatingIncome": "-123000000", "depreciation": "None", "depreciationAndAmortization": "1005000000", "incomeBeforeTax": "2439000000", "incomeTaxExpense": "493000000", "interestAndDebtExpense": "None", "netIncomeFromContinuingOperations": "1946000000", "comprehensiveIncomeNetOfTax": "None", "ebit": "631000000", "ebitda": "1636000000", "netIncome": "2497000000"}, {"fiscalDateEnding": "2013-12-31", "reportedCurrency": "USD", "grossProfit": "7595000000", "totalRevenue": "15259000000", "costOfRevenue": "7664000000", "costofGoodsAndServicesSold": "7664000000", "operatingIncome": "2668000000", "sellingGeneralAndAdministrative": "3681000000", "researchAndDevelopment": "1246000000", "operatingExpenses": "4927000000", "investmentIncomeNet": "None", "netInterestIncome": "None", "interestIncome": "None", "interestExpense": "128000000", "nonInterestIncome": "None", "otherNonOperatingIncome": "9000000", "depreciation": "None", "depreciationAndAmortization": "823000000", "incomeBeforeTax": "2549000000", "incomeTaxExpense": "537000000", "interestAndDebtExpense": "None", "netIncomeFromContinuingOperations": "2012000000", "comprehensiveIncomeNetOfTax": "None", "ebit": "2665000000", "ebitda": "3488000000", "netIncome": "2012000000"}, {"fiscalDateEnding": "2012-12-31", "reportedCurrency": "USD", "grossProfit": "7301000000", "totalRevenue": "14190000000", "costOfRevenue": "6889000000", "costofGoodsAndServicesSold": "6889000000", "operatingIncome": "2821000000", "sellingGeneralAndAdministrative": "3324000000", "researchAndDevelopment": "1156000000", "operatingExpenses": "4480000000", "investmentIncomeNet": "None", "netInterestIncome": "None", "interestIncome": "None", "interestExpense": "87000000", "nonInterestIncome": "None", "otherNonOperatingIncome": "155000000", "depreciation": "None", "depreciationAndAmortization": "712000000", "incomeBeforeTax": "2889000000", "incomeTaxExpense": "563000000", "interestAndDebtExpense": "None", "netIncomeFromContinuingOperations": "2326000000", "comprehensiveIncomeNetOfTax": "None", "ebit": "2985000000", "ebitda": "3697000000", "netIncome": "2326000000"}, {"fiscalDateEnding": "2011-12-31", "reportedCurrency": "USD", "grossProfit": "7046000000", "totalRevenue": "13893000000", "costOfRevenue": "6847000000", "costofGoodsAndServicesSold": "6847000000", "operatingIncome": "2946000000", "sellingGeneralAndAdministrative": "3924000000", "researchAndDevelopment": "946000000", "operatingExpenses": "4100000000", "investmentIncomeNet": "None", "netInterestIncome": "None", "interestIncome": "None", "interestExpense": "54000000", "nonInterestIncome": "None", "otherNonOperatingIncome": "None", "depreciation": "None", "depreciationAndAmortization": "670000000", "incomeBeforeTax": "2809000000", "incomeTaxExpense": "553000000", "interestAndDebtExpense": "None", "netIncomeFromContinuingOperations": "None", "comprehensiveIncomeNetOfTax": "None", "ebit": "2946000000", "ebitda": "3616000000", "netIncome": "2224000000"}, {"fiscalDateEnding": "2010-12-31", "reportedCurrency": "USD", "grossProfit": "5958000000", "totalRevenue": "12843000000", "costOfRevenue": "6885000000", "costofGoodsAndServicesSold": "6885000000", "operatingIncome": "2136000000", "sellingGeneralAndAdministrative": "2907000000", "researchAndDevelopment": "915000000", "operatingExpenses": "3822000000", "investmentIncomeNet": "None", "netInterestIncome": "None", "interestIncome": "None", "interestExpense": "87000000", "nonInterestIncome": "None", "otherNonOperatingIncome": "-159000000", "depreciation": "None", "depreciationAndAmortization": "685000000", "incomeBeforeTax": "1890000000", "incomeTaxExpense": "463000000", "interestAndDebtExpense": "None", "netIncomeFromContinuingOperations": "1427000000", "comprehensiveIncomeNetOfTax": "None", "ebit": "2082000000", "ebitda": "2767000000", "netIncome": "1420000000"}, {"fiscalDateEnding": "2009-12-31", "reportedCurrency": "USD", "grossProfit": "6525000000", "totalRevenue": "12562000000", "costOfRevenue": "6037000000", "costofGoodsAndServicesSold": "6037000000", "operatingIncome": "2877000000", "sellingGeneralAndAdministrative": "2731000000", "researchAndDevelopment": "917000000", "operatingExpenses": "3648000000", "investmentIncomeNet": "None", "netInterestIncome": "None", "interestIncome": "None", "interestExpense": "98000000", "nonInterestIncome": "None", "otherNonOperatingIncome": "None", "depreciation": "None", "depreciationAndAmortization": "638000000", "incomeBeforeTax": "2734000000", "incomeTaxExpense": "519000000", "interestAndDebtExpense": "None", "netIncomeFromContinuingOperations": "None", "comprehensiveIncomeNetOfTax": "None", "ebit": "2768000000", "ebitda": "3406000000", "netIncome": "2205000000"}, {"fiscalDateEnding": "2008-12-31", "reportedCurrency": "USD", "grossProfit": "6130000000", "totalRevenue": "12348000000", "costOfRevenue": "6218000000", "costofGoodsAndServicesSold": "6218000000", "operatingIncome": "2564000000", "sellingGeneralAndAdministrative": "2698000000", "researchAndDevelopment": "868000000", "operatingExpenses": "3566000000", "investmentIncomeNet": "None", "netInterestIncome": "None", "interestIncome": "None", "interestExpense": "148000000", "nonInterestIncome": "None", "otherNonOperatingIncome": "None", "depreciation": "None", "depreciationAndAmortization": "631000000", "incomeBeforeTax": "2451000000", "incomeTaxExpense": "437000000", "interestAndDebtExpense": "None", "netIncomeFromContinuingOperations": "None", "comprehensiveIncomeNetOfTax": "None", "ebit": "2599000000", "ebitda": "3230000000", "netIncome": "2014000000"}, {"fiscalDateEnding": "2007-12-31", "reportedCurrency": "USD", "grossProfit": "5519000000", "totalRevenue": "11263000000", "costOfRevenue": "5744000000", "costofGoodsAndServicesSold": "5744000000", "operatingIncome": "2168000000", "sellingGeneralAndAdministrative": "2521000000", "researchAndDevelopment": "760000000", "operatingExpenses": "3281000000", "investmentIncomeNet": "None", "netInterestIncome": "None", "interestIncome": "None", "interestExpense": "124000000", "nonInterestIncome": "None", "otherNonOperatingIncome": "None", "depreciation": "None", "depreciationAndAmortization": "581000000", "incomeBeforeTax": "2114000000", "incomeTaxExpense": "407000000", "interestAndDebtExpense": "None", "netIncomeFromContinuingOperations": "None", "comprehensiveIncomeNetOfTax": "None", "ebit": "2238000000", "ebitda": "2819000000", "netIncome": "1707000000"}, {"fiscalDateEnding": "2006-12-31", "reportedCurrency": "USD", "grossProfit": "4737000000", "totalRevenue": "10378000000", "costOfRevenue": "5641000000", "costofGoodsAndServicesSold": "5641000000", "operatingIncome": "1841000000", "sellingGeneralAndAdministrative": "2282000000", "researchAndDevelopment": "614000000", "operatingExpenses": "2896000000", "investmentIncomeNet": "None", "netInterestIncome": "None", "interestIncome": "None", "interestExpense": "101000000", "nonInterestIncome": "None", "otherNonOperatingIncome": "None", "depreciation": "None", "depreciationAndAmortization": "575000000", "incomeBeforeTax": "1746000000", "incomeTaxExpense": "348000000", "interestAndDebtExpense": "None", "netIncomeFromContinuingOperations": "None", "comprehensiveIncomeNetOfTax": "None", "ebit": "1841000000", "ebitda": "2416000000", "netIncome": "1396000000"}, {"fiscalDateEnding": "2005-12-31", "reportedCurrency": "USD", "grossProfit": "4093000000", "totalRevenue": "9849000000", "costOfRevenue": "5756000000", "costofGoodsAndServicesSold": "5756000000", "operatingIncome": "1639000000", "sellingGeneralAndAdministrative": "2030000000", "researchAndDevelopment": "533000000", "operatingExpenses": "2563000000", "investmentIncomeNet": "None", "netInterestIncome": "None", "interestIncome": "None", "interestExpense": "118000000", "nonInterestIncome": "None", "otherNonOperatingIncome": "None", "depreciation": "None", "depreciationAndAmortization": "580000000", "incomeBeforeTax": "1444000000", "incomeTaxExpense": "486000000", "interestAndDebtExpense": "None", "netIncomeFromContinuingOperations": "None", "comprehensiveIncomeNetOfTax": "None", "ebit": "1610000000", "ebitda": "2190000000", "netIncome": "956000000"}], "quarterlyReports": [{"fiscalDateEnding": "2024-12-31", "reportedCurrency": "USD", "grossProfit": "959000000", "totalRevenue": "2753000000", "costOfRevenue": "1794000000", "costofGoodsAndServicesSold": "1794000000", "operatingIncome": "-435000000", "sellingGeneralAndAdministrative": "761000000", "researchAndDevelopment": "211000000", "operatingExpenses": "1394000000", "investmentIncomeNet": "None", "netInterestIncome": "-90000000", "interestIncome": "10000000", "interestExpense": "100000000", "nonInterestIncome": "None", "otherNonOperatingIncome": "None", "depreciation": "None", "depreciationAndAmortization": "245000000", "incomeBeforeTax": "-521000000", "incomeTaxExpense": "-33000000", "interestAndDebtExpense": "None", "netIncomeFromContinuingOperations": "-488000000", "comprehensiveIncomeNetOfTax": "None", "ebit": "-421000000", "ebitda": "-176000000", "netIncome": "-512000000"}, {"fiscalDateEnding": "2024-09-30", "reportedCurrency": "USD", "grossProfit": "1033000000", "totalRevenue": "2699000000", "costOfRevenue": "1666000000", "costofGoodsAndServicesSold": "1666000000", "operatingIncome": "155000000", "sellingGeneralAndAdministrative": "754000000", "researchAndDevelopment": "129000000", "operatingExpenses": "878000000", "investmentIncomeNet": "None", "netInterestIncome": "-87000000", "interestIncome": "14000000", "interestExpense": "87000000", "nonInterestIncome": "None", "otherNonOperatingIncome": "None", "depreciation": "None", "depreciationAndAmortization": "129000000", "incomeBeforeTax": "69000000", "incomeTaxExpense": "8000000", "interestAndDebtExpense": "None", "netIncomeFromContinuingOperations": "61000000", "comprehensiveIncomeNetOfTax": "None", "ebit": "170000000", "ebitda": "299000000", "netIncome": "140000000"}, {"fiscalDateEnding": "2024-06-30", "reportedCurrency": "USD", "grossProfit": "1431000000", "totalRevenue": "3812000000", "costOfRevenue": "2381000000", "costofGoodsAndServicesSold": "2381000000", "operatingIncome": "-192000000", "sellingGeneralAndAdministrative": "1021000000", "researchAndDevelopment": "173000000", "operatingExpenses": "1194000000", "investmentIncomeNet": "None", "netInterestIncome": "-85000000", "interestIncome": "19000000", "interestExpense": "104000000", "nonInterestIncome": "None", "otherNonOperatingIncome": "None", "depreciation": "None", "depreciationAndAmortization": "288000000", "incomeBeforeTax": "-257000000", "incomeTaxExpense": "54000000", "interestAndDebtExpense": "None", "netIncomeFromContinuingOperations": "-311000000", "comprehensiveIncomeNetOfTax": "None", "ebit": "-155000000", "ebitda": "133000000", "netIncome": "-314000000"}, {"fiscalDateEnding": "2024-03-31", "reportedCurrency": "USD", "grossProfit": "1348000000", "totalRevenue": "3592000000", "costOfRevenue": "2244000000", "costofGoodsAndServicesSold": "2244000000", "operatingIncome": "332000000", "sellingGeneralAndAdministrative": "995000000", "researchAndDevelopment": "160000000", "operatingExpenses": "1016000000", "investmentIncomeNet": "None", "netInterestIncome": "-78000000", "interestIncome": "25000000", "interestExpense": "103000000", "nonInterestIncome": "None", "otherNonOperatingIncome": "None", "depreciation": "None", "depreciationAndAmortization": "335000000", "incomeBeforeTax": "116000000", "incomeTaxExpense": "77000000", "interestAndDebtExpense": "None", "netIncomeFromContinuingOperations": "39000000", "comprehensiveIncomeNetOfTax": "None", "ebit": "361000000", "ebitda": "696000000", "netIncome": "37000000"}, {"fiscalDateEnding": "2023-12-31", "reportedCurrency": "USD", "grossProfit": "1472000000", "totalRevenue": "3885000000", "costOfRevenue": "2413000000", "costofGoodsAndServicesSold": "2413000000", "operatingIncome": "329000000", "sellingGeneralAndAdministrative": "935000000", "researchAndDevelopment": "172000000", "operatingExpenses": "1107000000", "investmentIncomeNet": "None", "netInterestIncome": "-73000000", "interestIncome": "44000000", "interestExpense": "117000000", "nonInterestIncome": "None", "otherNonOperatingIncome": "None", "depreciation": "None", "depreciationAndAmortization": "324000000", "incomeBeforeTax": "238000000", "incomeTaxExpense": "165000000", "interestAndDebtExpense": "None", "netIncomeFromContinuingOperations": "73000000", "comprehensiveIncomeNetOfTax": "None", "ebit": "469000000", "ebitda": "793000000", "netIncome": "245000000"}, {"fiscalDateEnding": "2023-09-30", "reportedCurrency": "USD", "grossProfit": "1117000000", "totalRevenue": "3708000000", "costOfRevenue": "2591000000", "costofGoodsAndServicesSold": "2591000000", "operatingIncome": "-51000000", "sellingGeneralAndAdministrative": "1002000000", "researchAndDevelopment": "166000000", "operatingExpenses": "1168000000", "investmentIncomeNet": "None", "netInterestIncome": "-128000000", "interestIncome": "8000000", "interestExpense": "128000000", "nonInterestIncome": "None", "otherNonOperatingIncome": "None", "depreciation": "None", "depreciationAndAmortization": "311000000", "incomeBeforeTax": "-172000000", "incomeTaxExpense": "-223000000", "interestAndDebtExpense": "None", "netIncomeFromContinuingOperations": "51000000", "comprehensiveIncomeNetOfTax": "None", "ebit": "-35000000", "ebitda": "276000000", "netIncome": "2508000000"}, {"fiscalDateEnding": "2023-06-30", "reportedCurrency": "USD", "grossProfit": "1111000000", "totalRevenue": "3707000000", "costOfRevenue": "2596000000", "costofGoodsAndServicesSold": "2596000000", "operatingIncome": "-17000000", "sellingGeneralAndAdministrative": "964000000", "researchAndDevelopment": "165000000", "operatingExpenses": "1129000000", "investmentIncomeNet": "None", "netInterestIncome": "-124000000", "interestIncome": "8000000", "interestExpense": "132000000", "nonInterestIncome": "None", "otherNonOperatingIncome": "-42000000", "depreciation": "None", "depreciationAndAmortization": "309000000", "incomeBeforeTax": "-183000000", "incomeTaxExpense": "10000000", "interestAndDebtExpense": "None", "netIncomeFromContinuingOperations": "-193000000", "comprehensiveIncomeNetOfTax": "None", "ebit": "-53000000", "ebitda": "256000000", "netIncome": "-141000000"}, {"fiscalDateEnding": "2023-03-31", "reportedCurrency": "USD", "grossProfit": "1347000000", "totalRevenue": "3649000000", "costOfRevenue": "2302000000", "costofGoodsAndServicesSold": "2302000000", "operatingIncome": "-132000000", "sellingGeneralAndAdministrative": "914000000", "researchAndDevelopment": "164000000", "operatingExpenses": "1161000000", "investmentIncomeNet": "None", "netInterestIncome": "-117000000", "interestIncome": "126000000", "interestExpense": "117000000", "nonInterestIncome": "None", "otherNonOperatingIncome": "1000000", "depreciation": "None", "depreciationAndAmortization": "319000000", "incomeBeforeTax": "70000000", "incomeTaxExpense": "25000000", "interestAndDebtExpense": "None", "netIncomeFromContinuingOperations": "45000000", "comprehensiveIncomeNetOfTax": "None", "ebit": "196000000", "ebitda": "515000000", "netIncome": "44000000"}, {"fiscalDateEnding": "2022-12-31", "reportedCurrency": "USD", "grossProfit": "1463000000", "totalRevenue": "3887000000", "costOfRevenue": "2424000000", "costofGoodsAndServicesSold": "2424000000", "operatingIncome": "34000000", "sellingGeneralAndAdministrative": "904000000", "researchAndDevelopment": "155000000", "operatingExpenses": "1083000000", "investmentIncomeNet": "None", "netInterestIncome": "-117000000", "interestIncome": "8000000", "interestExpense": "117000000", "nonInterestIncome": "None", "otherNonOperatingIncome": "-12000000", "depreciation": "None", "depreciationAndAmortization": "334000000", "incomeBeforeTax": "224000000", "incomeTaxExpense": "39000000", "interestAndDebtExpense": "None", "netIncomeFromContinuingOperations": "185000000", "comprehensiveIncomeNetOfTax": "None", "ebit": "359000000", "ebitda": "693000000", "netIncome": "181000000"}, {"fiscalDateEnding": "2022-09-30", "reportedCurrency": "USD", "grossProfit": "1133000000", "totalRevenue": "3773000000", "costOfRevenue": "2640000000", "costofGoodsAndServicesSold": "2640000000", "operatingIncome": "-69000000", "sellingGeneralAndAdministrative": "942000000", "researchAndDevelopment": "152000000", "operatingExpenses": "1142000000", "investmentIncomeNet": "None", "netInterestIncome": "-104000000", "interestIncome": "172000000", "interestExpense": "109000000", "nonInterestIncome": "None", "otherNonOperatingIncome": "-63000000", "depreciation": "None", "depreciationAndAmortization": "334000000", "incomeBeforeTax": "-2966000000", "incomeTaxExpense": "-32000000", "interestAndDebtExpense": "None", "netIncomeFromContinuingOperations": "-2934000000", "comprehensiveIncomeNetOfTax": "None", "ebit": "-3133000000", "ebitda": "-2799000000", "netIncome": "-2934000000"}, {"fiscalDateEnding": "2022-06-30", "reportedCurrency": "USD", "grossProfit": "1453000000", "totalRevenue": "3746000000", "costOfRevenue": "2293000000", "costofGoodsAndServicesSold": "2293000000", "operatingIncome": "340000000", "sellingGeneralAndAdministrative": "976000000", "researchAndDevelopment": "148000000", "operatingExpenses": "1113000000", "investmentIncomeNet": "None", "netInterestIncome": "-85000000", "interestIncome": "4000000", "interestExpense": "93000000", "nonInterestIncome": "None", "otherNonOperatingIncome": "44000000", "depreciation": "None", "depreciationAndAmortization": "355000000", "incomeBeforeTax": "295000000", "incomeTaxExpense": "40000000", "interestAndDebtExpense": "None", "netIncomeFromContinuingOperations": "255000000", "comprehensiveIncomeNetOfTax": "None", "ebit": "386000000", "ebitda": "741000000", "netIncome": "252000000"}, {"fiscalDateEnding": "2022-03-31", "reportedCurrency": "USD", "grossProfit": "1348000000", "totalRevenue": "3707000000", "costOfRevenue": "2359000000", "costofGoodsAndServicesSold": "2359000000", "operatingIncome": "163000000", "sellingGeneralAndAdministrative": "1052000000", "researchAndDevelopment": "150000000", "operatingExpenses": "1202000000", "investmentIncomeNet": "None", "netInterestIncome": "-85000000", "interestIncome": "3000000", "interestExpense": "88000000", "nonInterestIncome": "None", "otherNonOperatingIncome": "16000000", "depreciation": "None", "depreciationAndAmortization": "380000000", "incomeBeforeTax": "94000000", "incomeTaxExpense": "21000000", "interestAndDebtExpense": "None", "netIncomeFromContinuingOperations": "73000000", "comprehensiveIncomeNetOfTax": "None", "ebit": "374000000", "ebitda": "754000000", "netIncome": "71000000"}, {"fiscalDateEnding": "2021-12-31", "reportedCurrency": "USD", "grossProfit": "1406000000", "totalRevenue": "3514000000", "costOfRevenue": "2108000000", "costofGoodsAndServicesSold": "2108000000", "operatingIncome": "383000000", "sellingGeneralAndAdministrative": "885000000", "researchAndDevelopment": "138000000", "operatingExpenses": "1023000000", "investmentIncomeNet": "None", "netInterestIncome": "-74000000", "interestIncome": "74000000", "interestExpense": "74000000", "nonInterestIncome": "None", "otherNonOperatingIncome": "-26000000", "depreciation": "None", "depreciationAndAmortization": "245000000", "incomeBeforeTax": "283000000", "incomeTaxExpense": "41000000", "interestAndDebtExpense": "None", "netIncomeFromContinuingOperations": "242000000", "comprehensiveIncomeNetOfTax": "None", "ebit": "611000000", "ebitda": "856000000", "netIncome": "238000000"}, {"fiscalDateEnding": "2021-09-30", "reportedCurrency": "USD", "grossProfit": "1321000000", "totalRevenue": "3226000000", "costOfRevenue": "1905000000", "costofGoodsAndServicesSold": "1905000000", "operatingIncome": "513000000", "sellingGeneralAndAdministrative": "684000000", "researchAndDevelopment": "129000000", "operatingExpenses": "808000000", "investmentIncomeNet": "None", "netInterestIncome": "-50000000", "interestIncome": "41000000", "interestExpense": "54000000", "nonInterestIncome": "None", "otherNonOperatingIncome": "-12000000", "depreciation": "None", "depreciationAndAmortization": "206000000", "incomeBeforeTax": "451000000", "incomeTaxExpense": "-1000000", "interestAndDebtExpense": "None", "netIncomeFromContinuingOperations": "452000000", "comprehensiveIncomeNetOfTax": "None", "ebit": "580000000", "ebitda": "786000000", "netIncome": "450000000"}, {"fiscalDateEnding": "2021-06-30", "reportedCurrency": "USD", "grossProfit": "1233000000", "totalRevenue": "3098000000", "costOfRevenue": "1865000000", "costofGoodsAndServicesSold": "1865000000", "operatingIncome": "424000000", "sellingGeneralAndAdministrative": "678000000", "researchAndDevelopment": "139000000", "operatingExpenses": "812000000", "investmentIncomeNet": "None", "netInterestIncome": "-34000000", "interestIncome": "3000000", "interestExpense": "37000000", "nonInterestIncome": "None", "otherNonOperatingIncome": "2000000", "depreciation": "None", "depreciationAndAmortization": "222000000", "incomeBeforeTax": "392000000", "incomeTaxExpense": "91000000", "interestAndDebtExpense": "None", "netIncomeFromContinuingOperations": "301000000", "comprehensiveIncomeNetOfTax": "None", "ebit": "463000000", "ebitda": "685000000", "netIncome": "298000000"}, {"fiscalDateEnding": "2021-03-31", "reportedCurrency": "USD", "grossProfit": "1145000000", "totalRevenue": "2946000000", "costOfRevenue": "1801000000", "costofGoodsAndServicesSold": "1801000000", "operatingIncome": "390000000", "sellingGeneralAndAdministrative": "627000000", "researchAndDevelopment": "128000000", "operatingExpenses": "755000000", "investmentIncomeNet": "None", "netInterestIncome": "-34000000", "interestIncome": "3000000", "interestExpense": "37000000", "nonInterestIncome": "None", "otherNonOperatingIncome": "-5000000", "depreciation": "None", "depreciationAndAmortization": "217000000", "incomeBeforeTax": "351000000", "incomeTaxExpense": "51000000", "interestAndDebtExpense": "None", "netIncomeFromContinuingOperations": "300000000", "comprehensiveIncomeNetOfTax": "None", "ebit": "433000000", "ebitda": "650000000", "netIncome": "298000000"}, {"fiscalDateEnding": "2020-12-31", "reportedCurrency": "USD", "grossProfit": "1191000000", "totalRevenue": "3181000000", "costOfRevenue": "1990000000", "costofGoodsAndServicesSold": "1990000000", "operatingIncome": "406000000", "sellingGeneralAndAdministrative": "650000000", "researchAndDevelopment": "135000000", "operatingExpenses": "785000000", "investmentIncomeNet": "None", "netInterestIncome": "-38000000", "interestIncome": "38000000", "interestExpense": "38000000", "nonInterestIncome": "None", "otherNonOperatingIncome": "-158000000", "depreciation": "None", "depreciationAndAmortization": "213000000", "incomeBeforeTax": "210000000", "incomeTaxExpense": "39000000", "interestAndDebtExpense": "None", "netIncomeFromContinuingOperations": "171000000", "comprehensiveIncomeNetOfTax": "None", "ebit": "507000000", "ebitda": "720000000", "netIncome": "168000000"}, {"fiscalDateEnding": "2020-09-30", "reportedCurrency": "USD", "grossProfit": "1195000000", "totalRevenue": "2972000000", "costOfRevenue": "1777000000", "costofGoodsAndServicesSold": "1777000000", "operatingIncome": "470000000", "sellingGeneralAndAdministrative": "601000000", "researchAndDevelopment": "123000000", "operatingExpenses": "724000000", "investmentIncomeNet": "None", "netInterestIncome": "-39000000", "interestIncome": "62000000", "interestExpense": "42000000", "nonInterestIncome": "None", "otherNonOperatingIncome": "-16000000", "depreciation": "None", "depreciationAndAmortization": "209000000", "incomeBeforeTax": "415000000", "incomeTaxExpense": "56000000", "interestAndDebtExpense": "None", "netIncomeFromContinuingOperations": "359000000", "comprehensiveIncomeNetOfTax": "None", "ebit": "513000000", "ebitda": "722000000", "netIncome": "356000000"}, {"fiscalDateEnding": "2020-06-30", "reportedCurrency": "USD", "grossProfit": "1038000000", "totalRevenue": "2718000000", "costOfRevenue": "1680000000", "costofGoodsAndServicesSold": "1680000000", "operatingIncome": "331000000", "sellingGeneralAndAdministrative": "590000000", "researchAndDevelopment": "117000000", "operatingExpenses": "707000000", "investmentIncomeNet": "None", "netInterestIncome": "-36000000", "interestIncome": "4000000", "interestExpense": "40000000", "nonInterestIncome": "None", "otherNonOperatingIncome": "-6000000", "depreciation": "None", "depreciationAndAmortization": "202000000", "incomeBeforeTax": "289000000", "incomeTaxExpense": "42000000", "interestAndDebtExpense": "None", "netIncomeFromContinuingOperations": "247000000", "comprehensiveIncomeNetOfTax": "None", "ebit": "381000000", "ebitda": "583000000", "netIncome": "246000000"}, {"fiscalDateEnding": "2020-03-31", "reportedCurrency": "USD", "grossProfit": "1163000000", "totalRevenue": "2802000000", "costOfRevenue": "1639000000", "costofGoodsAndServicesSold": "1639000000", "operatingIncome": "409000000", "sellingGeneralAndAdministrative": "628000000", "researchAndDevelopment": "146000000", "operatingExpenses": "754000000", "investmentIncomeNet": "None", "netInterestIncome": "-21000000", "interestIncome": "9000000", "interestExpense": "30000000", "nonInterestIncome": "None", "otherNonOperatingIncome": "-10000000", "depreciation": "None", "depreciationAndAmortization": "199000000", "incomeBeforeTax": "378000000", "incomeTaxExpense": "45000000", "interestAndDebtExpense": "None", "netIncomeFromContinuingOperations": "333000000", "comprehensiveIncomeNetOfTax": "None", "ebit": "459000000", "ebitda": "658000000", "netIncome": "332000000"}, {"fiscalDateEnding": "2019-12-31", "reportedCurrency": "USD", "grossProfit": "1298000000", "totalRevenue": "3039000000", "costOfRevenue": "1741000000", "costofGoodsAndServicesSold": "1741000000", "operatingIncome": "536000000", "sellingGeneralAndAdministrative": "1421000000", "researchAndDevelopment": "156000000", "operatingExpenses": "1577000000", "investmentIncomeNet": "None", "netInterestIncome": "-20000000", "interestIncome": "10000000", "interestExpense": "30000000", "nonInterestIncome": "None", "otherNonOperatingIncome": "-775000000", "depreciation": "None", "depreciationAndAmortization": "209000000", "incomeBeforeTax": "-223000000", "incomeTaxExpense": "-204000000", "interestAndDebtExpense": "None", "netIncomeFromContinuingOperations": "-54000000", "comprehensiveIncomeNetOfTax": "None", "ebit": "-193000000", "ebitda": "16000000", "netIncome": "-23000000"}, {"fiscalDateEnding": "2019-09-30", "reportedCurrency": "USD", "grossProfit": "1230000000", "totalRevenue": "2851000000", "costOfRevenue": "1621000000", "costofGoodsAndServicesSold": "1621000000", "operatingIncome": "459000000", "sellingGeneralAndAdministrative": "627000000", "researchAndDevelopment": "144000000", "operatingExpenses": "771000000", "investmentIncomeNet": "None", "netInterestIncome": "-13000000", "interestIncome": "15000000", "interestExpense": "28000000", "nonInterestIncome": "None", "otherNonOperatingIncome": "-9000000", "depreciation": "None", "depreciationAndAmortization": "187000000", "incomeBeforeTax": "481000000", "incomeTaxExpense": "106000000", "interestAndDebtExpense": "None", "netIncomeFromContinuingOperations": "375000000", "comprehensiveIncomeNetOfTax": "None", "ebit": "459000000", "ebitda": "646000000", "netIncome": "369000000"}, {"fiscalDateEnding": "2019-06-30", "reportedCurrency": "USD", "grossProfit": "1159000000", "totalRevenue": "2840000000", "costOfRevenue": "1681000000", "costofGoodsAndServicesSold": "1681000000", "operatingIncome": "355000000", "sellingGeneralAndAdministrative": "642000000", "researchAndDevelopment": "166000000", "operatingExpenses": "804000000", "investmentIncomeNet": "None", "netInterestIncome": "-20000000", "interestIncome": "8000000", "interestExpense": "20000000", "nonInterestIncome": "None", "otherNonOperatingIncome": "28000000", "depreciation": "None", "depreciationAndAmortization": "193000000", "incomeBeforeTax": "363000000", "incomeTaxExpense": "20000000", "interestAndDebtExpense": "None", "netIncomeFromContinuingOperations": "343000000", "comprehensiveIncomeNetOfTax": "None", "ebit": "354000000", "ebitda": "547000000", "netIncome": "313000000"}, {"fiscalDateEnding": "2019-03-31", "reportedCurrency": "USD", "grossProfit": "1080000000", "totalRevenue": "2632000000", "costOfRevenue": "1552000000", "costofGoodsAndServicesSold": "1552000000", "operatingIncome": "384000000", "sellingGeneralAndAdministrative": "600000000", "researchAndDevelopment": "129000000", "operatingExpenses": "696000000", "investmentIncomeNet": "None", "netInterestIncome": "-18000000", "interestIncome": "17000000", "interestExpense": "18000000", "nonInterestIncome": "None", "otherNonOperatingIncome": "25000000", "depreciation": "None", "depreciationAndAmortization": "192000000", "incomeBeforeTax": "391000000", "incomeTaxExpense": "44000000", "interestAndDebtExpense": "None", "netIncomeFromContinuingOperations": "347000000", "comprehensiveIncomeNetOfTax": "None", "ebit": "217000000", "ebitda": "409000000", "netIncome": "342000000"}, {"fiscalDateEnding": "2018-12-31", "reportedCurrency": "USD", "grossProfit": "1192000000", "totalRevenue": "2841000000", "costOfRevenue": "1649000000", "costofGoodsAndServicesSold": "1649000000", "operatingIncome": "398000000", "sellingGeneralAndAdministrative": "9000000", "researchAndDevelopment": "175000000", "operatingExpenses": "794000000", "investmentIncomeNet": "None", "netInterestIncome": "None", "interestIncome": "None", "interestExpense": "11000000", "nonInterestIncome": "None", "otherNonOperatingIncome": "58000000", "depreciation": "None", "depreciationAndAmortization": "191000000", "incomeBeforeTax": "445000000", "incomeTaxExpense": "91000000", "interestAndDebtExpense": "None", "netIncomeFromContinuingOperations": "354000000", "comprehensiveIncomeNetOfTax": "None", "ebit": "468000000", "ebitda": "659000000", "netIncome": "348000000"}, {"fiscalDateEnding": "2018-09-30", "reportedCurrency": "USD", "grossProfit": "1236000000", "totalRevenue": "2767000000", "costOfRevenue": "1531000000", "costofGoodsAndServicesSold": "1531000000", "operatingIncome": "385000000", "sellingGeneralAndAdministrative": "13000000", "researchAndDevelopment": "166000000", "operatingExpenses": "851000000", "investmentIncomeNet": "None", "netInterestIncome": "None", "interestIncome": "None", "interestExpense": "11000000", "nonInterestIncome": "None", "otherNonOperatingIncome": "32000000", "depreciation": "None", "depreciationAndAmortization": "207000000", "incomeBeforeTax": "406000000", "incomeTaxExpense": "-138000000", "interestAndDebtExpense": "None", "netIncomeFromContinuingOperations": "544000000", "comprehensiveIncomeNetOfTax": "None", "ebit": "388000000", "ebitda": "595000000", "netIncome": "518000000"}, {"fiscalDateEnding": "2018-06-30", "reportedCurrency": "USD", "grossProfit": "1239000000", "totalRevenue": "2842000000", "costOfRevenue": "1603000000", "costofGoodsAndServicesSold": "1603000000", "operatingIncome": "384000000", "sellingGeneralAndAdministrative": "14000000", "researchAndDevelopment": "174000000", "operatingExpenses": "855000000", "investmentIncomeNet": "None", "netInterestIncome": "None", "interestIncome": "None", "interestExpense": "11000000", "nonInterestIncome": "None", "otherNonOperatingIncome": "31000000", "depreciation": "None", "depreciationAndAmortization": "195000000", "incomeBeforeTax": "404000000", "incomeTaxExpense": "61000000", "interestAndDebtExpense": "None", "netIncomeFromContinuingOperations": "343000000", "comprehensiveIncomeNetOfTax": "None", "ebit": "427000000", "ebitda": "622000000", "netIncome": "343000000"}, {"fiscalDateEnding": "2018-03-31", "reportedCurrency": "USD", "grossProfit": "1114000000", "totalRevenue": "2677000000", "costOfRevenue": "1563000000", "costofGoodsAndServicesSold": "1563000000", "operatingIncome": "432000000", "sellingGeneralAndAdministrative": "12000000", "researchAndDevelopment": "140000000", "operatingExpenses": "762000000", "investmentIncomeNet": "None", "netInterestIncome": "None", "interestIncome": "None", "interestExpense": "12000000", "nonInterestIncome": "None", "otherNonOperatingIncome": "18000000", "depreciation": "None", "depreciationAndAmortization": "192000000", "incomeBeforeTax": "438000000", "incomeTaxExpense": "49000000", "interestAndDebtExpense": "None", "netIncomeFromContinuingOperations": "389000000", "comprehensiveIncomeNetOfTax": "None", "ebit": "460000000", "ebitda": "652000000", "netIncome": "389000000"}, {"fiscalDateEnding": "2017-12-31", "reportedCurrency": "USD", "grossProfit": "1162000000", "totalRevenue": "2774000000", "costOfRevenue": "1612000000", "costofGoodsAndServicesSold": "1612000000", "operatingIncome": "283000000", "sellingGeneralAndAdministrative": "697000000", "researchAndDevelopment": "182000000", "operatingExpenses": "879000000", "investmentIncomeNet": "None", "netInterestIncome": "None", "interestIncome": "None", "interestExpense": "14000000", "nonInterestIncome": "None", "otherNonOperatingIncome": "24000000", "depreciation": "None", "depreciationAndAmortization": "199000000", "incomeBeforeTax": "293000000", "incomeTaxExpense": "354000000", "interestAndDebtExpense": "None", "netIncomeFromContinuingOperations": "-61000000", "comprehensiveIncomeNetOfTax": "None", "ebit": "316000000", "ebitda": "515000000", "netIncome": "-71000000"}, {"fiscalDateEnding": "2017-09-30", "reportedCurrency": "USD", "grossProfit": "1128000000", "totalRevenue": "2707000000", "costOfRevenue": "1579000000", "costofGoodsAndServicesSold": "1579000000", "operatingIncome": "292000000", "sellingGeneralAndAdministrative": "8000000", "researchAndDevelopment": "151000000", "operatingExpenses": "836000000", "investmentIncomeNet": "None", "netInterestIncome": "None", "interestIncome": "None", "interestExpense": "14000000", "nonInterestIncome": "None", "otherNonOperatingIncome": "12000000", "depreciation": "None", "depreciationAndAmortization": "184000000", "incomeBeforeTax": "290000000", "incomeTaxExpense": "42000000", "interestAndDebtExpense": "None", "netIncomeFromContinuingOperations": "248000000", "comprehensiveIncomeNetOfTax": "None", "ebit": "403000000", "ebitda": "587000000", "netIncome": "251000000"}, {"fiscalDateEnding": "2017-06-30", "reportedCurrency": "USD", "grossProfit": "1130000000", "totalRevenue": "2605000000", "costOfRevenue": "1475000000", "costofGoodsAndServicesSold": "1475000000", "operatingIncome": "339000000", "sellingGeneralAndAdministrative": "8000000", "researchAndDevelopment": "156000000", "operatingExpenses": "791000000", "investmentIncomeNet": "None", "netInterestIncome": "None", "interestIncome": "None", "interestExpense": "13000000", "nonInterestIncome": "None", "otherNonOperatingIncome": "-20000000", "depreciation": "None", "depreciationAndAmortization": "184000000", "incomeBeforeTax": "306000000", "incomeTaxExpense": "42000000", "interestAndDebtExpense": "None", "netIncomeFromContinuingOperations": "264000000", "comprehensiveIncomeNetOfTax": "None", "ebit": "327000000", "ebitda": "511000000", "netIncome": "265000000"}, {"fiscalDateEnding": "2017-03-31", "reportedCurrency": "USD", "grossProfit": "1042000000", "totalRevenue": "2475000000", "costOfRevenue": "1433000000", "costofGoodsAndServicesSold": "1433000000", "operatingIncome": "344000000", "sellingGeneralAndAdministrative": "9000000", "researchAndDevelopment": "128000000", "operatingExpenses": "698000000", "investmentIncomeNet": "None", "netInterestIncome": "None", "interestIncome": "None", "interestExpense": "14000000", "nonInterestIncome": "None", "otherNonOperatingIncome": "-2000000", "depreciation": "None", "depreciationAndAmortization": "194000000", "incomeBeforeTax": "328000000", "incomeTaxExpense": "55000000", "interestAndDebtExpense": "None", "netIncomeFromContinuingOperations": "273000000", "comprehensiveIncomeNetOfTax": "None", "ebit": "348000000", "ebitda": "542000000", "netIncome": "272000000"}, {"fiscalDateEnding": "2016-12-31", "reportedCurrency": "USD", "grossProfit": "1102000000", "totalRevenue": "2645000000", "costOfRevenue": "1543000000", "costofGoodsAndServicesSold": "1543000000", "operatingIncome": "282000000", "sellingGeneralAndAdministrative": "771000000", "researchAndDevelopment": "157000000", "operatingExpenses": "820000000", "investmentIncomeNet": "None", "netInterestIncome": "None", "interestIncome": "None", "interestExpense": "20000000", "nonInterestIncome": "None", "otherNonOperatingIncome": "None", "depreciation": "None", "depreciationAndAmortization": "201000000", "incomeBeforeTax": "279000000", "incomeTaxExpense": "39000000", "interestAndDebtExpense": "None", "netIncomeFromContinuingOperations": "-1686000000", "comprehensiveIncomeNetOfTax": "None", "ebit": "299000000", "ebitda": "500000000", "netIncome": "243000000"}, {"fiscalDateEnding": "2016-09-30", "reportedCurrency": "USD", "grossProfit": "1071000000", "totalRevenue": "2558000000", "costOfRevenue": "1487000000", "costofGoodsAndServicesSold": "1487000000", "operatingIncome": "186000000", "sellingGeneralAndAdministrative": "726000000", "researchAndDevelopment": "159000000", "operatingExpenses": "885000000", "investmentIncomeNet": "None", "netInterestIncome": "None", "interestIncome": "None", "interestExpense": "14000000", "nonInterestIncome": "None", "otherNonOperatingIncome": "-44000000", "depreciation": "None", "depreciationAndAmortization": "204000000", "incomeBeforeTax": "128000000", "incomeTaxExpense": "1000000", "interestAndDebtExpense": "None", "netIncomeFromContinuingOperations": "127000000", "comprehensiveIncomeNetOfTax": "None", "ebit": "148000000", "ebitda": "352000000", "netIncome": "130000000"}, {"fiscalDateEnding": "2016-06-30", "reportedCurrency": "USD", "grossProfit": "972000000", "totalRevenue": "2585000000", "costOfRevenue": "1613000000", "costofGoodsAndServicesSold": "1613000000", "operatingIncome": "68000000", "sellingGeneralAndAdministrative": "709000000", "researchAndDevelopment": "195000000", "operatingExpenses": "904000000", "investmentIncomeNet": "None", "netInterestIncome": "None", "interestIncome": "None", "interestExpense": "11000000", "nonInterestIncome": "None", "otherNonOperatingIncome": "1161000000", "depreciation": "None", "depreciationAndAmortization": "206000000", "incomeBeforeTax": "1218000000", "incomeTaxExpense": "6000000", "interestAndDebtExpense": "None", "netIncomeFromContinuingOperations": "1212000000", "comprehensiveIncomeNetOfTax": "None", "ebit": "1234000000", "ebitda": "1440000000", "netIncome": "1212000000"}, {"fiscalDateEnding": "2016-03-31", "reportedCurrency": "USD", "grossProfit": "965000000", "totalRevenue": "2375000000", "costOfRevenue": "1410000000", "costofGoodsAndServicesSold": "1410000000", "operatingIncome": "188000000", "sellingGeneralAndAdministrative": "641000000", "researchAndDevelopment": "136000000", "operatingExpenses": "777000000", "investmentIncomeNet": "None", "netInterestIncome": "None", "interestIncome": "None", "interestExpense": "28000000", "nonInterestIncome": "None", "otherNonOperatingIncome": "3169000000", "depreciation": "None", "depreciationAndAmortization": "189000000", "incomeBeforeTax": "3329000000", "incomeTaxExpense": "-58000000", "interestAndDebtExpense": "None", "netIncomeFromContinuingOperations": "3387000000", "comprehensiveIncomeNetOfTax": "None", "ebit": "209000000", "ebitda": "398000000", "netIncome": "3380000000"}, {"fiscalDateEnding": "2015-12-31", "reportedCurrency": "USD", "grossProfit": "1072000000", "totalRevenue": "2603000000", "costOfRevenue": "1531000000", "costofGoodsAndServicesSold": "1531000000", "operatingIncome": "178000000", "sellingGeneralAndAdministrative": "830000000", "researchAndDevelopment": "161000000", "operatingExpenses": "894000000", "investmentIncomeNet": "None", "netInterestIncome": "None", "interestIncome": "None", "interestExpense": "32000000", "nonInterestIncome": "None", "otherNonOperatingIncome": "None", "depreciation": "None", "depreciationAndAmortization": "166000000", "incomeBeforeTax": "205000000", "incomeTaxExpense": "15000000", "interestAndDebtExpense": "None", "netIncomeFromContinuingOperations": "393000000", "comprehensiveIncomeNetOfTax": "None", "ebit": "241000000", "ebitda": "407000000", "netIncome": "205000000"}, {"fiscalDateEnding": "2015-09-30", "reportedCurrency": "USD", "grossProfit": "1034000000", "totalRevenue": "2487000000", "costOfRevenue": "1453000000", "costofGoodsAndServicesSold": "1453000000", "operatingIncome": "92000000", "sellingGeneralAndAdministrative": "794000000", "researchAndDevelopment": "148000000", "operatingExpenses": "942000000", "investmentIncomeNet": "None", "netInterestIncome": "None", "interestIncome": "None", "interestExpense": "34000000", "nonInterestIncome": "None", "otherNonOperatingIncome": "-91000000", "depreciation": "None", "depreciationAndAmortization": "96000000", "incomeBeforeTax": "-33000000", "incomeTaxExpense": "-35000000", "interestAndDebtExpense": "None", "netIncomeFromContinuingOperations": "2000000", "comprehensiveIncomeNetOfTax": "None", "ebit": "359000000", "ebitda": "455000000", "netIncome": "1000000"}, {"fiscalDateEnding": "2015-06-30", "reportedCurrency": "USD", "grossProfit": "1920000000", "totalRevenue": "3893000000", "costOfRevenue": "1973000000", "costofGoodsAndServicesSold": "1973000000", "operatingIncome": "401000000", "sellingGeneralAndAdministrative": "890000000", "researchAndDevelopment": "388000000", "operatingExpenses": "1485000000", "investmentIncomeNet": "None", "netInterestIncome": "None", "interestIncome": "None", "interestExpense": "34000000", "nonInterestIncome": "None", "otherNonOperatingIncome": "None", "depreciation": "None", "depreciationAndAmortization": "250000000", "incomeBeforeTax": "468000000", "incomeTaxExpense": "132000000", "interestAndDebtExpense": "None", "netIncomeFromContinuingOperations": "0", "comprehensiveIncomeNetOfTax": "None", "ebit": "74000000", "ebitda": "324000000", "netIncome": "332000000"}, {"fiscalDateEnding": "2015-03-31", "reportedCurrency": "USD", "grossProfit": "1801000000", "totalRevenue": "3764000000", "costOfRevenue": "1963000000", "costofGoodsAndServicesSold": "1963000000", "operatingIncome": "456000000", "sellingGeneralAndAdministrative": "1015000000", "researchAndDevelopment": "300000000", "operatingExpenses": "1315000000", "investmentIncomeNet": "None", "netInterestIncome": "None", "interestIncome": "None", "interestExpense": "30000000", "nonInterestIncome": "None", "otherNonOperatingIncome": "74000000", "depreciation": "None", "depreciationAndAmortization": "247000000", "incomeBeforeTax": "530000000", "incomeTaxExpense": "110000000", "interestAndDebtExpense": "None", "netIncomeFromContinuingOperations": "420000000", "comprehensiveIncomeNetOfTax": "None", "ebit": "61000000", "ebitda": "308000000", "netIncome": "430000000"}, {"fiscalDateEnding": "2014-12-31", "reportedCurrency": "USD", "grossProfit": "2224000000", "totalRevenue": "4472000000", "costOfRevenue": "2248000000", "costofGoodsAndServicesSold": "2248000000", "operatingIncome": "798000000", "sellingGeneralAndAdministrative": "1091000000", "researchAndDevelopment": "335000000", "operatingExpenses": "1426000000", "investmentIncomeNet": "None", "netInterestIncome": "None", "interestIncome": "None", "interestExpense": "29000000", "nonInterestIncome": "None", "otherNonOperatingIncome": "-171000000", "depreciation": "None", "depreciationAndAmortization": "258000000", "incomeBeforeTax": "598000000", "incomeTaxExpense": "74000000", "interestAndDebtExpense": "None", "netIncomeFromContinuingOperations": "423000000", "comprehensiveIncomeNetOfTax": "None", "ebit": "634000000", "ebitda": "892000000", "netIncome": "953000000"}, {"fiscalDateEnding": "2014-09-30", "reportedCurrency": "USD", "grossProfit": "2073000000", "totalRevenue": "4197000000", "costOfRevenue": "2124000000", "costofGoodsAndServicesSold": "2124000000", "operatingIncome": "547000000", "sellingGeneralAndAdministrative": "1040000000", "researchAndDevelopment": "455000000", "operatingExpenses": "1495000000", "investmentIncomeNet": "None", "netInterestIncome": "None", "interestIncome": "None", "interestExpense": "31000000", "nonInterestIncome": "None", "otherNonOperatingIncome": "39000000", "depreciation": "None", "depreciationAndAmortization": "258000000", "incomeBeforeTax": "586000000", "incomeTaxExpense": "139000000", "interestAndDebtExpense": "None", "netIncomeFromContinuingOperations": "447000000", "comprehensiveIncomeNetOfTax": "None", "ebit": "105000000", "ebitda": "363000000", "netIncome": "468000000"}, {"fiscalDateEnding": "2014-06-30", "reportedCurrency": "USD", "grossProfit": "2041000000", "totalRevenue": "4264000000", "costOfRevenue": "2223000000", "costofGoodsAndServicesSold": "2223000000", "operatingIncome": "718000000", "sellingGeneralAndAdministrative": "998000000", "researchAndDevelopment": "325000000", "operatingExpenses": "1323000000", "investmentIncomeNet": "None", "netInterestIncome": "None", "interestIncome": "None", "interestExpense": "42000000", "nonInterestIncome": "None", "otherNonOperatingIncome": "-15000000", "depreciation": "None", "depreciationAndAmortization": "253000000", "incomeBeforeTax": "661000000", "incomeTaxExpense": "141000000", "interestAndDebtExpense": "None", "netIncomeFromContinuingOperations": "520000000", "comprehensiveIncomeNetOfTax": "None", "ebit": "-357000000", "ebitda": "-104000000", "netIncome": "520000000"}, {"fiscalDateEnding": "2014-03-31", "reportedCurrency": "USD", "grossProfit": "1961000000", "totalRevenue": "3951000000", "costOfRevenue": "1990000000", "costofGoodsAndServicesSold": "1990000000", "operatingIncome": "728000000", "sellingGeneralAndAdministrative": "920000000", "researchAndDevelopment": "313000000", "operatingExpenses": "1233000000", "investmentIncomeNet": "None", "netInterestIncome": "None", "interestIncome": "None", "interestExpense": "43000000", "nonInterestIncome": "None", "otherNonOperatingIncome": "24000000", "depreciation": "None", "depreciationAndAmortization": "236000000", "incomeBeforeTax": "709000000", "incomeTaxExpense": "153000000", "interestAndDebtExpense": "None", "netIncomeFromContinuingOperations": "556000000", "comprehensiveIncomeNetOfTax": "None", "ebit": "724000000", "ebitda": "960000000", "netIncome": "556000000"}, {"fiscalDateEnding": "2013-12-31", "reportedCurrency": "USD", "grossProfit": "1954000000", "totalRevenue": "4368000000", "costOfRevenue": "2414000000", "costofGoodsAndServicesSold": "2414000000", "operatingIncome": "453000000", "sellingGeneralAndAdministrative": "795000000", "researchAndDevelopment": "437000000", "operatingExpenses": "1501000000", "investmentIncomeNet": "None", "netInterestIncome": "None", "interestIncome": "None", "interestExpense": "41000000", "nonInterestIncome": "None", "otherNonOperatingIncome": "19000000", "depreciation": "None", "depreciationAndAmortization": "250000000", "incomeBeforeTax": "431000000", "incomeTaxExpense": "105000000", "interestAndDebtExpense": "None", "netIncomeFromContinuingOperations": "326000000", "comprehensiveIncomeNetOfTax": "None", "ebit": "912000000", "ebitda": "1162000000", "netIncome": "326000000"}, {"fiscalDateEnding": "2013-09-30", "reportedCurrency": "USD", "grossProfit": "1946000000", "totalRevenue": "3774000000", "costOfRevenue": "1828000000", "costofGoodsAndServicesSold": "1828000000", "operatingIncome": "672000000", "sellingGeneralAndAdministrative": "984000000", "researchAndDevelopment": "290000000", "operatingExpenses": "1274000000", "investmentIncomeNet": "None", "netInterestIncome": "None", "interestIncome": "None", "interestExpense": "45000000", "nonInterestIncome": "None", "otherNonOperatingIncome": "55000000", "depreciation": "None", "depreciationAndAmortization": "207000000", "incomeBeforeTax": "682000000", "incomeTaxExpense": "138000000", "interestAndDebtExpense": "None", "netIncomeFromContinuingOperations": "544000000", "comprehensiveIncomeNetOfTax": "None", "ebit": "851000000", "ebitda": "1058000000", "netIncome": "544000000"}, {"fiscalDateEnding": "2013-06-30", "reportedCurrency": "USD", "grossProfit": "1939000000", "totalRevenue": "3669000000", "costOfRevenue": "1730000000", "costofGoodsAndServicesSold": "1730000000", "operatingIncome": "828000000", "sellingGeneralAndAdministrative": "838000000", "researchAndDevelopment": "273000000", "operatingExpenses": "1111000000", "investmentIncomeNet": "None", "netInterestIncome": "None", "interestIncome": "None", "interestExpense": "17000000", "nonInterestIncome": "None", "otherNonOperatingIncome": "-68000000", "depreciation": "None", "depreciationAndAmortization": "183000000", "incomeBeforeTax": "743000000", "incomeTaxExpense": "153000000", "interestAndDebtExpense": "None", "netIncomeFromContinuingOperations": "590000000", "comprehensiveIncomeNetOfTax": "None", "ebit": "767000000", "ebitda": "950000000", "netIncome": "590000000"}, {"fiscalDateEnding": "2013-03-31", "reportedCurrency": "USD", "grossProfit": "1756000000", "totalRevenue": "3448000000", "costOfRevenue": "1692000000", "costofGoodsAndServicesSold": "1692000000", "operatingIncome": "715000000", "sellingGeneralAndAdministrative": "795000000", "researchAndDevelopment": "246000000", "operatingExpenses": "1041000000", "investmentIncomeNet": "None", "netInterestIncome": "None", "interestIncome": "None", "interestExpense": "25000000", "nonInterestIncome": "None", "otherNonOperatingIncome": "3000000", "depreciation": "None", "depreciationAndAmortization": "183000000", "incomeBeforeTax": "693000000", "incomeTaxExpense": "141000000", "interestAndDebtExpense": "None", "netIncomeFromContinuingOperations": "552000000", "comprehensiveIncomeNetOfTax": "None", "ebit": "724000000", "ebitda": "907000000", "netIncome": "552000000"}, {"fiscalDateEnding": "2012-12-31", "reportedCurrency": "USD", "grossProfit": "1905000000", "totalRevenue": "3753000000", "costOfRevenue": "1848000000", "costofGoodsAndServicesSold": "1848000000", "operatingIncome": "574000000", "sellingGeneralAndAdministrative": "752000000", "researchAndDevelopment": "291000000", "operatingExpenses": "1331000000", "investmentIncomeNet": "None", "netInterestIncome": "None", "interestIncome": "None", "interestExpense": "22000000", "nonInterestIncome": "None", "otherNonOperatingIncome": "None", "depreciation": "None", "depreciationAndAmortization": "178000000", "incomeBeforeTax": "574000000", "incomeTaxExpense": "80000000", "interestAndDebtExpense": "None", "netIncomeFromContinuingOperations": "0", "comprehensiveIncomeNetOfTax": "None", "ebit": "602000000", "ebitda": "780000000", "netIncome": "494000000"}, {"fiscalDateEnding": "2012-09-30", "reportedCurrency": "USD", "grossProfit": "1810000000", "totalRevenue": "3477000000", "costOfRevenue": "1667000000", "costofGoodsAndServicesSold": "1667000000", "operatingIncome": "777000000", "sellingGeneralAndAdministrative": "743000000", "researchAndDevelopment": "290000000", "operatingExpenses": "1033000000", "investmentIncomeNet": "None", "netInterestIncome": "None", "interestIncome": "None", "interestExpense": "31000000", "nonInterestIncome": "None", "otherNonOperatingIncome": "None", "depreciation": "None", "depreciationAndAmortization": "179000000", "incomeBeforeTax": "766000000", "incomeTaxExpense": "183000000", "interestAndDebtExpense": "None", "netIncomeFromContinuingOperations": "0", "comprehensiveIncomeNetOfTax": "None", "ebit": "797000000", "ebitda": "976000000", "netIncome": "583000000"}, {"fiscalDateEnding": "2012-06-30", "reportedCurrency": "USD", "grossProfit": "1872000000", "totalRevenue": "3572000000", "costOfRevenue": "1700000000", "costofGoodsAndServicesSold": "1700000000", "operatingIncome": "777000000", "sellingGeneralAndAdministrative": "789000000", "researchAndDevelopment": "306000000", "operatingExpenses": "1095000000", "investmentIncomeNet": "None", "netInterestIncome": "None", "interestIncome": "None", "interestExpense": "27000000", "nonInterestIncome": "None", "otherNonOperatingIncome": "None", "depreciation": "None", "depreciationAndAmortization": "180000000", "incomeBeforeTax": "817000000", "incomeTaxExpense": "156000000", "interestAndDebtExpense": "None", "netIncomeFromContinuingOperations": "0", "comprehensiveIncomeNetOfTax": "None", "ebit": "844000000", "ebitda": "1024000000", "netIncome": "661000000"}, {"fiscalDateEnding": "2012-03-31", "reportedCurrency": "USD", "grossProfit": "1714000000", "totalRevenue": "3388000000", "costOfRevenue": "1674000000", "costofGoodsAndServicesSold": "1674000000", "operatingIncome": "693000000", "sellingGeneralAndAdministrative": "752000000", "researchAndDevelopment": "269000000", "operatingExpenses": "1021000000", "investmentIncomeNet": "None", "netInterestIncome": "None", "interestIncome": "None", "interestExpense": "27000000", "nonInterestIncome": "None", "otherNonOperatingIncome": "None", "depreciation": "None", "depreciationAndAmortization": "175000000", "incomeBeforeTax": "732000000", "incomeTaxExpense": "144000000", "interestAndDebtExpense": "None", "netIncomeFromContinuingOperations": "0", "comprehensiveIncomeNetOfTax": "None", "ebit": "636000000", "ebitda": "811000000", "netIncome": "588000000"}, {"fiscalDateEnding": "2011-12-31", "reportedCurrency": "USD", "grossProfit": "1765000000", "totalRevenue": "3594000000", "costOfRevenue": "1829000000", "costofGoodsAndServicesSold": "1829000000", "operatingIncome": "625000000", "sellingGeneralAndAdministrative": "1043000000", "researchAndDevelopment": "254000000", "operatingExpenses": "1140000000", "investmentIncomeNet": "None", "netInterestIncome": "None", "interestIncome": "None", "interestExpense": "15000000", "nonInterestIncome": "None", "otherNonOperatingIncome": "None", "depreciation": "None", "depreciationAndAmortization": "167000000", "incomeBeforeTax": "548000000", "incomeTaxExpense": "76000000", "interestAndDebtExpense": "None", "netIncomeFromContinuingOperations": "0", "comprehensiveIncomeNetOfTax": "None", "ebit": "573000000", "ebitda": "740000000", "netIncome": "463000000"}, {"fiscalDateEnding": "2011-09-30", "reportedCurrency": "USD", "grossProfit": "1771000000", "totalRevenue": "3479000000", "costOfRevenue": "1708000000", "costofGoodsAndServicesSold": "1708000000", "operatingIncome": "745000000", "sellingGeneralAndAdministrative": "787000000", "researchAndDevelopment": "239000000", "operatingExpenses": "1026000000", "investmentIncomeNet": "None", "netInterestIncome": "None", "interestIncome": "None", "interestExpense": "18000000", "nonInterestIncome": "None", "otherNonOperatingIncome": "-4000000", "depreciation": "None", "depreciationAndAmortization": "176000000", "incomeBeforeTax": "727000000", "incomeTaxExpense": "149000000", "interestAndDebtExpense": "None", "netIncomeFromContinuingOperations": "578000000", "comprehensiveIncomeNetOfTax": "None", "ebit": "750000000", "ebitda": "926000000", "netIncome": "576000000"}, {"fiscalDateEnding": "2011-06-30", "reportedCurrency": "USD", "grossProfit": "1835000000", "totalRevenue": "3536000000", "costOfRevenue": "1701000000", "costofGoodsAndServicesSold": "1701000000", "operatingIncome": "831000000", "sellingGeneralAndAdministrative": "765000000", "researchAndDevelopment": "239000000", "operatingExpenses": "1004000000", "investmentIncomeNet": "None", "netInterestIncome": "None", "interestIncome": "None", "interestExpense": "15000000", "nonInterestIncome": "None", "otherNonOperatingIncome": "-13000000", "depreciation": "None", "depreciationAndAmortization": "169000000", "incomeBeforeTax": "803000000", "incomeTaxExpense": "174000000", "interestAndDebtExpense": "None", "netIncomeFromContinuingOperations": "629000000", "comprehensiveIncomeNetOfTax": "None", "ebit": "825000000", "ebitda": "994000000", "netIncome": "615000000"}, {"fiscalDateEnding": "2011-03-31", "reportedCurrency": "USD", "grossProfit": "1675000000", "totalRevenue": "3284000000", "costOfRevenue": "1609000000", "costofGoodsAndServicesSold": "1609000000", "operatingIncome": "745000000", "sellingGeneralAndAdministrative": "716000000", "researchAndDevelopment": "214000000", "operatingExpenses": "930000000", "investmentIncomeNet": "None", "netInterestIncome": "None", "interestIncome": "None", "interestExpense": "10000000", "nonInterestIncome": "None", "otherNonOperatingIncome": "-4000000", "depreciation": "None", "depreciationAndAmortization": "158000000", "incomeBeforeTax": "731000000", "incomeTaxExpense": "154000000", "interestAndDebtExpense": "None", "netIncomeFromContinuingOperations": "577000000", "comprehensiveIncomeNetOfTax": "None", "ebit": "753000000", "ebitda": "911000000", "netIncome": "570000000"}, {"fiscalDateEnding": "2010-12-31", "reportedCurrency": "USD", "grossProfit": "1618000000", "totalRevenue": "3498000000", "costOfRevenue": "1880000000", "costofGoodsAndServicesSold": "1880000000", "operatingIncome": "523000000", "sellingGeneralAndAdministrative": "833000000", "researchAndDevelopment": "262000000", "operatingExpenses": "1095000000", "investmentIncomeNet": "None", "netInterestIncome": "None", "interestIncome": "None", "interestExpense": "27000000", "nonInterestIncome": "None", "otherNonOperatingIncome": "None", "depreciation": "None", "depreciationAndAmortization": "179000000", "incomeBeforeTax": "467000000", "incomeTaxExpense": "41000000", "interestAndDebtExpense": "None", "netIncomeFromContinuingOperations": "0", "comprehensiveIncomeNetOfTax": "None", "ebit": "531000000", "ebitda": "710000000", "netIncome": "423000000"}, {"fiscalDateEnding": "2010-09-30", "reportedCurrency": "USD", "grossProfit": "1659000000", "totalRevenue": "3224000000", "costOfRevenue": "1565000000", "costofGoodsAndServicesSold": "1565000000", "operatingIncome": "782000000", "sellingGeneralAndAdministrative": "670000000", "researchAndDevelopment": "207000000", "operatingExpenses": "882000000", "investmentIncomeNet": "None", "netInterestIncome": "None", "interestIncome": "None", "interestExpense": "24000000", "nonInterestIncome": "None", "otherNonOperatingIncome": "None", "depreciation": "None", "depreciationAndAmortization": "171000000", "incomeBeforeTax": "753000000", "incomeTaxExpense": "159000000", "interestAndDebtExpense": "None", "netIncomeFromContinuingOperations": "0", "comprehensiveIncomeNetOfTax": "None", "ebit": "671000000", "ebitda": "842000000", "netIncome": "525000000"}, {"fiscalDateEnding": "2010-06-30", "reportedCurrency": "USD", "grossProfit": "1638000000", "totalRevenue": "3194000000", "costOfRevenue": "1556000000", "costofGoodsAndServicesSold": "1556000000", "operatingIncome": "698000000", "sellingGeneralAndAdministrative": "721000000", "researchAndDevelopment": "219000000", "operatingExpenses": "940000000", "investmentIncomeNet": "None", "netInterestIncome": "None", "interestIncome": "None", "interestExpense": "25000000", "nonInterestIncome": "None", "otherNonOperatingIncome": "None", "depreciation": "None", "depreciationAndAmortization": "169000000", "incomeBeforeTax": "670000000", "incomeTaxExpense": "133000000", "interestAndDebtExpense": "None", "netIncomeFromContinuingOperations": "0", "comprehensiveIncomeNetOfTax": "None", "ebit": "700000000", "ebitda": "869000000", "netIncome": "535000000"}, {"fiscalDateEnding": "2010-03-31", "reportedCurrency": "USD", "grossProfit": "1631000000", "totalRevenue": "3140000000", "costOfRevenue": "1509000000", "costofGoodsAndServicesSold": "1509000000", "operatingIncome": "721000000", "sellingGeneralAndAdministrative": "683000000", "researchAndDevelopment": "227000000", "operatingExpenses": "910000000", "investmentIncomeNet": "None", "netInterestIncome": "None", "interestIncome": "None", "interestExpense": "19000000", "nonInterestIncome": "None", "otherNonOperatingIncome": "None", "depreciation": "None", "depreciationAndAmortization": "166000000", "incomeBeforeTax": "700000000", "incomeTaxExpense": "172000000", "interestAndDebtExpense": "None", "netIncomeFromContinuingOperations": "0", "comprehensiveIncomeNetOfTax": "None", "ebit": "555000000", "ebitda": "721000000", "netIncome": "525000000"}, {"fiscalDateEnding": "2009-12-31", "reportedCurrency": "USD", "grossProfit": "1767000000", "totalRevenue": "3470000000", "costOfRevenue": "1703000000", "costofGoodsAndServicesSold": "1703000000", "operatingIncome": "733000000", "sellingGeneralAndAdministrative": "788000000", "researchAndDevelopment": "246000000", "operatingExpenses": "1034000000", "investmentIncomeNet": "None", "netInterestIncome": "None", "interestIncome": "None", "interestExpense": "44000000", "nonInterestIncome": "None", "otherNonOperatingIncome": "None", "depreciation": "None", "depreciationAndAmortization": "172000000", "incomeBeforeTax": "715000000", "incomeTaxExpense": "139000000", "interestAndDebtExpense": "None", "netIncomeFromContinuingOperations": "0", "comprehensiveIncomeNetOfTax": "None", "ebit": "759000000", "ebitda": "931000000", "netIncome": "572000000"}, {"fiscalDateEnding": "2009-09-30", "reportedCurrency": "USD", "grossProfit": "1632000000", "totalRevenue": "3145000000", "costOfRevenue": "1513000000", "costofGoodsAndServicesSold": "1513000000", "operatingIncome": "732000000", "sellingGeneralAndAdministrative": "672000000", "researchAndDevelopment": "228000000", "operatingExpenses": "900000000", "investmentIncomeNet": "None", "netInterestIncome": "None", "interestIncome": "None", "interestExpense": "23000000", "nonInterestIncome": "None", "otherNonOperatingIncome": "None", "depreciation": "None", "depreciationAndAmortization": "164000000", "incomeBeforeTax": "658000000", "incomeTaxExpense": "126000000", "interestAndDebtExpense": "None", "netIncomeFromContinuingOperations": "0", "comprehensiveIncomeNetOfTax": "None", "ebit": "685000000", "ebitda": "849000000", "netIncome": "530000000"}, {"fiscalDateEnding": "2009-06-30", "reportedCurrency": "USD", "grossProfit": "1638000000", "totalRevenue": "3123000000", "costOfRevenue": "1485000000", "costofGoodsAndServicesSold": "1485000000", "operatingIncome": "747000000", "sellingGeneralAndAdministrative": "660000000", "researchAndDevelopment": "231000000", "operatingExpenses": "891000000", "investmentIncomeNet": "None", "netInterestIncome": "None", "interestIncome": "None", "interestExpense": "29000000", "nonInterestIncome": "None", "otherNonOperatingIncome": "None", "depreciation": "None", "depreciationAndAmortization": "154000000", "incomeBeforeTax": "724000000", "incomeTaxExpense": "135000000", "interestAndDebtExpense": "None", "netIncomeFromContinuingOperations": "0", "comprehensiveIncomeNetOfTax": "None", "ebit": "753000000", "ebitda": "907000000", "netIncome": "587000000"}, {"fiscalDateEnding": "2009-03-31", "reportedCurrency": "USD", "grossProfit": "1488000000", "totalRevenue": "2824000000", "costOfRevenue": "1336000000", "costofGoodsAndServicesSold": "1336000000", "operatingIncome": "665000000", "sellingGeneralAndAdministrative": "611000000", "researchAndDevelopment": "212000000", "operatingExpenses": "823000000", "investmentIncomeNet": "None", "netInterestIncome": "None", "interestIncome": "None", "interestExpense": "31000000", "nonInterestIncome": "None", "otherNonOperatingIncome": "None", "depreciation": "None", "depreciationAndAmortization": "148000000", "incomeBeforeTax": "637000000", "incomeTaxExpense": "119000000", "interestAndDebtExpense": "None", "netIncomeFromContinuingOperations": "0", "comprehensiveIncomeNetOfTax": "None", "ebit": "668000000", "ebitda": "816000000", "netIncome": "516000000"}, {"fiscalDateEnding": "2008-12-31", "reportedCurrency": "USD", "grossProfit": "1602000000", "totalRevenue": "3131000000", "costOfRevenue": "1529000000", "costofGoodsAndServicesSold": "1529000000", "operatingIncome": "702000000", "sellingGeneralAndAdministrative": "674000000", "researchAndDevelopment": "226000000", "operatingExpenses": "900000000", "investmentIncomeNet": "None", "netInterestIncome": "None", "interestIncome": "None", "interestExpense": "35000000", "nonInterestIncome": "None", "otherNonOperatingIncome": "None", "depreciation": "None", "depreciationAndAmortization": "150000000", "incomeBeforeTax": "687000000", "incomeTaxExpense": "118000000", "interestAndDebtExpense": "None", "netIncomeFromContinuingOperations": "0", "comprehensiveIncomeNetOfTax": "None", "ebit": "737000000", "ebitda": "887000000", "netIncome": "569000000"}, {"fiscalDateEnding": "2008-09-30", "reportedCurrency": "USD", "grossProfit": "1521000000", "totalRevenue": "3151000000", "costOfRevenue": "1630000000", "costofGoodsAndServicesSold": "1630000000", "operatingIncome": "610000000", "sellingGeneralAndAdministrative": "681000000", "researchAndDevelopment": "230000000", "operatingExpenses": "911000000", "investmentIncomeNet": "None", "netInterestIncome": "None", "interestIncome": "None", "interestExpense": "37000000", "nonInterestIncome": "None", "otherNonOperatingIncome": "None", "depreciation": "None", "depreciationAndAmortization": "165000000", "incomeBeforeTax": "558000000", "incomeTaxExpense": "86000000", "interestAndDebtExpense": "None", "netIncomeFromContinuingOperations": "0", "comprehensiveIncomeNetOfTax": "None", "ebit": "599000000", "ebitda": "764000000", "netIncome": "472000000"}, {"fiscalDateEnding": "2008-06-30", "reportedCurrency": "USD", "grossProfit": "1627000000", "totalRevenue": "3189000000", "costOfRevenue": "1562000000", "costofGoodsAndServicesSold": "1562000000", "operatingIncome": "702000000", "sellingGeneralAndAdministrative": "703000000", "researchAndDevelopment": "222000000", "operatingExpenses": "925000000", "investmentIncomeNet": "None", "netInterestIncome": "None", "interestIncome": "None", "interestExpense": "39000000", "nonInterestIncome": "None", "otherNonOperatingIncome": "None", "depreciation": "None", "depreciationAndAmortization": "160000000", "incomeBeforeTax": "672000000", "incomeTaxExpense": "128000000", "interestAndDebtExpense": "None", "netIncomeFromContinuingOperations": "0", "comprehensiveIncomeNetOfTax": "None", "ebit": "701000000", "ebitda": "861000000", "netIncome": "544000000"}, {"fiscalDateEnding": "2008-03-31", "reportedCurrency": "USD", "grossProfit": "1380000000", "totalRevenue": "2877000000", "costOfRevenue": "1497000000", "costofGoodsAndServicesSold": "1497000000", "operatingIncome": "550000000", "sellingGeneralAndAdministrative": "640000000", "researchAndDevelopment": "190000000", "operatingExpenses": "830000000", "investmentIncomeNet": "None", "netInterestIncome": "None", "interestIncome": "None", "interestExpense": "17000000", "nonInterestIncome": "None", "otherNonOperatingIncome": "None", "depreciation": "None", "depreciationAndAmortization": "156000000", "incomeBeforeTax": "534000000", "incomeTaxExpense": "105000000", "interestAndDebtExpense": "None", "netIncomeFromContinuingOperations": "0", "comprehensiveIncomeNetOfTax": "None", "ebit": "574000000", "ebitda": "730000000", "netIncome": "429000000"}, {"fiscalDateEnding": "2007-12-31", "reportedCurrency": "USD", "grossProfit": "1485000000", "totalRevenue": "3009000000", "costOfRevenue": "1524000000", "costofGoodsAndServicesSold": "1524000000", "operatingIncome": "610000000", "sellingGeneralAndAdministrative": "654000000", "researchAndDevelopment": "221000000", "operatingExpenses": "875000000", "investmentIncomeNet": "None", "netInterestIncome": "None", "interestIncome": "None", "interestExpense": "34000000", "nonInterestIncome": "None", "otherNonOperatingIncome": "None", "depreciation": "None", "depreciationAndAmortization": "153000000", "incomeBeforeTax": "594000000", "incomeTaxExpense": "116000000", "interestAndDebtExpense": "None", "netIncomeFromContinuingOperations": "0", "comprehensiveIncomeNetOfTax": "None", "ebit": "610000000", "ebitda": "763000000", "netIncome": "478000000"}, {"fiscalDateEnding": "2007-09-30", "reportedCurrency": "USD", "grossProfit": "1376000000", "totalRevenue": "2750000000", "costOfRevenue": "1374000000", "costofGoodsAndServicesSold": "1374000000", "operatingIncome": "510000000", "sellingGeneralAndAdministrative": "663000000", "researchAndDevelopment": "203000000", "operatingExpenses": "866000000", "investmentIncomeNet": "None", "netInterestIncome": "None", "interestIncome": "None", "interestExpense": "30000000", "nonInterestIncome": "None", "otherNonOperatingIncome": "None", "depreciation": "None", "depreciationAndAmortization": "141000000", "incomeBeforeTax": "483000000", "incomeTaxExpense": "88000000", "interestAndDebtExpense": "None", "netIncomeFromContinuingOperations": "0", "comprehensiveIncomeNetOfTax": "None", "ebit": "510000000", "ebitda": "651000000", "netIncome": "395000000"}, {"fiscalDateEnding": "2007-06-30", "reportedCurrency": "USD", "grossProfit": "1392000000", "totalRevenue": "2829000000", "costOfRevenue": "1437000000", "costofGoodsAndServicesSold": "1437000000", "operatingIncome": "524000000", "sellingGeneralAndAdministrative": "621000000", "researchAndDevelopment": "177000000", "operatingExpenses": "798000000", "investmentIncomeNet": "None", "netInterestIncome": "None", "interestIncome": "None", "interestExpense": "31000000", "nonInterestIncome": "None", "otherNonOperatingIncome": "None", "depreciation": "None", "depreciationAndAmortization": "147000000", "incomeBeforeTax": "508000000", "incomeTaxExpense": "77000000", "interestAndDebtExpense": "None", "netIncomeFromContinuingOperations": "0", "comprehensiveIncomeNetOfTax": "None", "ebit": "594000000", "ebitda": "741000000", "netIncome": "431000000"}, {"fiscalDateEnding": "2007-03-31", "reportedCurrency": "USD", "grossProfit": "1266000000", "totalRevenue": "2675000000", "costOfRevenue": "1409000000", "costofGoodsAndServicesSold": "1409000000", "operatingIncome": "524000000", "sellingGeneralAndAdministrative": "583000000", "researchAndDevelopment": "159000000", "operatingExpenses": "742000000", "investmentIncomeNet": "None", "netInterestIncome": "None", "interestIncome": "None", "interestExpense": "5000000", "nonInterestIncome": "None", "otherNonOperatingIncome": "None", "depreciation": "None", "depreciationAndAmortization": "140000000", "incomeBeforeTax": "529000000", "incomeTaxExpense": "126000000", "interestAndDebtExpense": "None", "netIncomeFromContinuingOperations": "0", "comprehensiveIncomeNetOfTax": "None", "ebit": "524000000", "ebitda": "664000000", "netIncome": "403000000"}, {"fiscalDateEnding": "2006-12-31", "reportedCurrency": "USD", "grossProfit": "1315000000", "totalRevenue": "2763000000", "costOfRevenue": "1448000000", "costofGoodsAndServicesSold": "1448000000", "operatingIncome": "522000000", "sellingGeneralAndAdministrative": "612000000", "researchAndDevelopment": "181000000", "operatingExpenses": "793000000", "investmentIncomeNet": "None", "netInterestIncome": "None", "interestIncome": "None", "interestExpense": "31000000", "nonInterestIncome": "None", "otherNonOperatingIncome": "None", "depreciation": "None", "depreciationAndAmortization": "144000000", "incomeBeforeTax": "515000000", "incomeTaxExpense": "82000000", "interestAndDebtExpense": "None", "netIncomeFromContinuingOperations": "0", "comprehensiveIncomeNetOfTax": "None", "ebit": "522000000", "ebitda": "666000000", "netIncome": "431000000"}, {"fiscalDateEnding": "2006-09-30", "reportedCurrency": "USD", "grossProfit": "1215000000", "totalRevenue": "2557000000", "costOfRevenue": "1342000000", "costofGoodsAndServicesSold": "1342000000", "operatingIncome": "504000000", "sellingGeneralAndAdministrative": "562000000", "researchAndDevelopment": "149000000", "operatingExpenses": "711000000", "investmentIncomeNet": "None", "netInterestIncome": "None", "interestIncome": "None", "interestExpense": "25000000", "nonInterestIncome": "None", "otherNonOperatingIncome": "None", "depreciation": "None", "depreciationAndAmortization": "146000000", "incomeBeforeTax": "479000000", "incomeTaxExpense": "105000000", "interestAndDebtExpense": "None", "netIncomeFromContinuingOperations": "0", "comprehensiveIncomeNetOfTax": "None", "ebit": "504000000", "ebitda": "650000000", "netIncome": "374000000"}, {"fiscalDateEnding": "2006-06-30", "reportedCurrency": "USD", "grossProfit": "1155000000", "totalRevenue": "2649000000", "costOfRevenue": "1494000000", "costofGoodsAndServicesSold": "1494000000", "operatingIncome": "427000000", "sellingGeneralAndAdministrative": "582000000", "researchAndDevelopment": "146000000", "operatingExpenses": "728000000", "investmentIncomeNet": "None", "netInterestIncome": "None", "interestIncome": "None", "interestExpense": "18000000", "nonInterestIncome": "None", "otherNonOperatingIncome": "None", "depreciation": "None", "depreciationAndAmortization": "146000000", "incomeBeforeTax": "398000000", "incomeTaxExpense": "89000000", "interestAndDebtExpense": "None", "netIncomeFromContinuingOperations": "0", "comprehensiveIncomeNetOfTax": "None", "ebit": "427000000", "ebitda": "573000000", "netIncome": "309000000"}, {"fiscalDateEnding": "2006-03-31", "reportedCurrency": "USD", "grossProfit": "1052000000", "totalRevenue": "2409000000", "costOfRevenue": "1357000000", "costofGoodsAndServicesSold": "1357000000", "operatingIncome": "388000000", "sellingGeneralAndAdministrative": "526000000", "researchAndDevelopment": "138000000", "operatingExpenses": "664000000", "investmentIncomeNet": "None", "netInterestIncome": "None", "interestIncome": "None", "interestExpense": "27000000", "nonInterestIncome": "None", "otherNonOperatingIncome": "None", "depreciation": "None", "depreciationAndAmortization": "139000000", "incomeBeforeTax": "354000000", "incomeTaxExpense": "72000000", "interestAndDebtExpense": "None", "netIncomeFromContinuingOperations": "0", "comprehensiveIncomeNetOfTax": "None", "ebit": "388000000", "ebitda": "527000000", "netIncome": "282000000"}, {"fiscalDateEnding": "2005-12-31", "reportedCurrency": "USD", "grossProfit": "1001000000", "totalRevenue": "2491000000", "costOfRevenue": "1490000000", "costofGoodsAndServicesSold": "1490000000", "operatingIncome": "348000000", "sellingGeneralAndAdministrative": "519000000", "researchAndDevelopment": "134000000", "operatingExpenses": "653000000", "investmentIncomeNet": "None", "netInterestIncome": "None", "interestIncome": "None", "interestExpense": "23000000", "nonInterestIncome": "None", "otherNonOperatingIncome": "None", "depreciation": "None", "depreciationAndAmortization": "143000000", "incomeBeforeTax": "384000000", "incomeTaxExpense": "90000000", "interestAndDebtExpense": "None", "netIncomeFromContinuingOperations": "0", "comprehensiveIncomeNetOfTax": "None", "ebit": "348000000", "ebitda": "491000000", "netIncome": "292000000"}, {"fiscalDateEnding": "2005-09-30", "reportedCurrency": "USD", "grossProfit": "1010000000", "totalRevenue": "2398000000", "costOfRevenue": "1388000000", "costofGoodsAndServicesSold": "1388000000", "operatingIncome": "386000000", "sellingGeneralAndAdministrative": "491000000", "researchAndDevelopment": "133000000", "operatingExpenses": "624000000", "investmentIncomeNet": "None", "netInterestIncome": "None", "interestIncome": "None", "interestExpense": "31000000", "nonInterestIncome": "None", "otherNonOperatingIncome": "None", "depreciation": "None", "depreciationAndAmortization": "145000000", "incomeBeforeTax": "350000000", "incomeTaxExpense": "234000000", "interestAndDebtExpense": "None", "netIncomeFromContinuingOperations": "0", "comprehensiveIncomeNetOfTax": "None", "ebit": "386000000", "ebitda": "531000000", "netIncome": "116000000"}, {"fiscalDateEnding": "2005-06-30", "reportedCurrency": "USD", "grossProfit": "1113000000", "totalRevenue": "2577000000", "costOfRevenue": "1464000000", "costofGoodsAndServicesSold": "1464000000", "operatingIncome": "547000000", "sellingGeneralAndAdministrative": "537000000", "researchAndDevelopment": "133000000", "operatingExpenses": "670000000", "investmentIncomeNet": "None", "netInterestIncome": "None", "interestIncome": "None", "interestExpense": "33000000", "nonInterestIncome": "None", "otherNonOperatingIncome": "None", "depreciation": "None", "depreciationAndAmortization": "145000000", "incomeBeforeTax": "412000000", "incomeTaxExpense": "88000000", "interestAndDebtExpense": "None", "netIncomeFromContinuingOperations": "0", "comprehensiveIncomeNetOfTax": "None", "ebit": "443000000", "ebitda": "588000000", "netIncome": "322000000"}, {"fiscalDateEnding": "2005-03-31", "reportedCurrency": "USD", "grossProfit": "969000000", "totalRevenue": "2383000000", "costOfRevenue": "1414000000", "costofGoodsAndServicesSold": "1414000000", "operatingIncome": "329000000", "sellingGeneralAndAdministrative": "507000000", "researchAndDevelopment": "133000000", "operatingExpenses": "640000000", "investmentIncomeNet": "None", "netInterestIncome": "None", "interestIncome": "None", "interestExpense": "31000000", "nonInterestIncome": "None", "otherNonOperatingIncome": "None", "depreciation": "None", "depreciationAndAmortization": "147000000", "incomeBeforeTax": "298000000", "incomeTaxExpense": "74000000", "interestAndDebtExpense": "None", "netIncomeFromContinuingOperations": "0", "comprehensiveIncomeNetOfTax": "None", "ebit": "329000000", "ebitda": "476000000", "netIncome": "226000000"}, {"fiscalDateEnding": "2004-12-31", "reportedCurrency": "USD", "grossProfit": "1120000000", "totalRevenue": "2601000000", "costOfRevenue": "1481000000", "costofGoodsAndServicesSold": "1481000000", "operatingIncome": "203000000", "sellingGeneralAndAdministrative": "789000000", "researchAndDevelopment": "128000000", "operatingExpenses": "917000000", "investmentIncomeNet": "None", "netInterestIncome": "None", "interestIncome": "None", "interestExpense": "12000000", "nonInterestIncome": "None", "otherNonOperatingIncome": "None", "depreciation": "None", "depreciationAndAmortization": "156000000", "incomeBeforeTax": "167000000", "incomeTaxExpense": "61000000", "interestAndDebtExpense": "None", "netIncomeFromContinuingOperations": "0", "comprehensiveIncomeNetOfTax": "None", "ebit": "47000000", "ebitda": "203000000", "netIncome": "106000000"}]}