{"symbol": "NWSA", "annualReports": [{"fiscalDateEnding": "2024-06-30", "reportedCurrency": "USD", "grossProfit": "4296000000", "totalRevenue": "10085000000", "costOfRevenue": "5789000000", "costofGoodsAndServicesSold": "5789000000", "operatingIncome": "805000000", "sellingGeneralAndAdministrative": "1886000000", "researchAndDevelopment": "None", "operatingExpenses": "3485000000", "investmentIncomeNet": "None", "netInterestIncome": "-85000000", "interestIncome": "None", "interestExpense": "85000000", "nonInterestIncome": "None", "otherNonOperatingIncome": "None", "depreciation": "None", "depreciationAndAmortization": "734000000", "incomeBeforeTax": "546000000", "incomeTaxExpense": "192000000", "interestAndDebtExpense": "None", "netIncomeFromContinuingOperations": "354000000", "comprehensiveIncomeNetOfTax": "None", "ebit": "644000000", "ebitda": "1378000000", "netIncome": "266000000"}, {"fiscalDateEnding": "2023-06-30", "reportedCurrency": "USD", "grossProfit": "4041000000", "totalRevenue": "9879000000", "costOfRevenue": "5838000000", "costofGoodsAndServicesSold": "5838000000", "operatingIncome": "706000000", "sellingGeneralAndAdministrative": "1648000000", "researchAndDevelopment": "None", "operatingExpenses": "9173000000", "investmentIncomeNet": "None", "netInterestIncome": "-100000000", "interestIncome": "None", "interestExpense": "100000000", "nonInterestIncome": "None", "otherNonOperatingIncome": "-126000000", "depreciation": "None", "depreciationAndAmortization": "714000000", "incomeBeforeTax": "330000000", "incomeTaxExpense": "143000000", "interestAndDebtExpense": "None", "netIncomeFromContinuingOperations": "187000000", "comprehensiveIncomeNetOfTax": "None", "ebit": "430000000", "ebitda": "1144000000", "netIncome": "149000000"}, {"fiscalDateEnding": "2022-06-30", "reportedCurrency": "USD", "grossProfit": "4573000000", "totalRevenue": "10385000000", "costOfRevenue": "5812000000", "costofGoodsAndServicesSold": "5812000000", "operatingIncome": "981000000", "sellingGeneralAndAdministrative": "1771000000", "researchAndDevelopment": "None", "operatingExpenses": "9404000000", "investmentIncomeNet": "None", "netInterestIncome": "-99000000", "interestIncome": "None", "interestExpense": "99000000", "nonInterestIncome": "None", "otherNonOperatingIncome": "39000000", "depreciation": "None", "depreciationAndAmortization": "688000000", "incomeBeforeTax": "812000000", "incomeTaxExpense": "52000000", "interestAndDebtExpense": "None", "netIncomeFromContinuingOperations": "760000000", "comprehensiveIncomeNetOfTax": "None", "ebit": "1042000000", "ebitda": "1730000000", "netIncome": "623000000"}, {"fiscalDateEnding": "2021-06-30", "reportedCurrency": "USD", "grossProfit": "3846000000", "totalRevenue": "9358000000", "costOfRevenue": "5512000000", "costofGoodsAndServicesSold": "5512000000", "operatingIncome": "593000000", "sellingGeneralAndAdministrative": "1660000000", "researchAndDevelopment": "None", "operatingExpenses": "8765000000", "investmentIncomeNet": "None", "netInterestIncome": "-53000000", "interestIncome": "None", "interestExpense": "53000000", "nonInterestIncome": "None", "otherNonOperatingIncome": "78000000", "depreciation": "None", "depreciationAndAmortization": "680000000", "incomeBeforeTax": "450000000", "incomeTaxExpense": "61000000", "interestAndDebtExpense": "None", "netIncomeFromContinuingOperations": "389000000", "comprehensiveIncomeNetOfTax": "None", "ebit": "615000000", "ebitda": "1295000000", "netIncome": "330000000"}, {"fiscalDateEnding": "2020-06-30", "reportedCurrency": "USD", "grossProfit": "3362000000", "totalRevenue": "9008000000", "costOfRevenue": "5646000000", "costofGoodsAndServicesSold": "5646000000", "operatingIncome": "2199000000", "sellingGeneralAndAdministrative": "802000000", "researchAndDevelopment": "None", "operatingExpenses": "8639000000", "investmentIncomeNet": "None", "netInterestIncome": "-25000000", "interestIncome": "None", "interestExpense": "25000000", "nonInterestIncome": "None", "otherNonOperatingIncome": "-38000000", "depreciation": "None", "depreciationAndAmortization": "804000000", "incomeBeforeTax": "-1524000000", "incomeTaxExpense": "21000000", "interestAndDebtExpense": "None", "netIncomeFromContinuingOperations": "-1545000000", "comprehensiveIncomeNetOfTax": "None", "ebit": "-1499000000", "ebitda": "-695000000", "netIncome": "-1545000000"}, {"fiscalDateEnding": "2019-06-30", "reportedCurrency": "USD", "grossProfit": "3790000000", "totalRevenue": "10074000000", "costOfRevenue": "6284000000", "costofGoodsAndServicesSold": "6284000000", "operatingIncome": "773000000", "sellingGeneralAndAdministrative": "352000000", "researchAndDevelopment": "None", "operatingExpenses": "9489000000", "investmentIncomeNet": "None", "netInterestIncome": "-59000000", "interestIncome": "None", "interestExpense": "59000000", "nonInterestIncome": "None", "otherNonOperatingIncome": "16000000", "depreciation": "None", "depreciationAndAmortization": "659000000", "incomeBeforeTax": "354000000", "incomeTaxExpense": "126000000", "interestAndDebtExpense": "None", "netIncomeFromContinuingOperations": "228000000", "comprehensiveIncomeNetOfTax": "None", "ebit": "417000000", "ebitda": "1076000000", "netIncome": "228000000"}, {"fiscalDateEnding": "2018-06-30", "reportedCurrency": "USD", "grossProfit": "3650000000", "totalRevenue": "9024000000", "costOfRevenue": "5374000000", "costofGoodsAndServicesSold": "5374000000", "operatingIncome": "600000000", "sellingGeneralAndAdministrative": "3049000000", "researchAndDevelopment": "0", "operatingExpenses": "8424000000", "investmentIncomeNet": "None", "netInterestIncome": "-7000000", "interestIncome": "None", "interestExpense": "7000000", "nonInterestIncome": "None", "otherNonOperatingIncome": "-1331000000", "depreciation": "None", "depreciationAndAmortization": "472000000", "incomeBeforeTax": "-1089000000", "incomeTaxExpense": "355000000", "interestAndDebtExpense": "None", "netIncomeFromContinuingOperations": "-1444000000", "comprehensiveIncomeNetOfTax": "None", "ebit": "599000000", "ebitda": "1071000000", "netIncome": "-1514000000"}, {"fiscalDateEnding": "2017-06-30", "reportedCurrency": "USD", "grossProfit": "3161000000", "totalRevenue": "8139000000", "costOfRevenue": "4978000000", "costofGoodsAndServicesSold": "4978000000", "operatingIncome": "436000000", "sellingGeneralAndAdministrative": "2725000000", "researchAndDevelopment": "0", "operatingExpenses": "7703000000", "investmentIncomeNet": "None", "netInterestIncome": "39000000", "interestIncome": "None", "interestExpense": "39000000", "nonInterestIncome": "None", "otherNonOperatingIncome": "-163000000", "depreciation": "None", "depreciationAndAmortization": "449000000", "incomeBeforeTax": "-615000000", "incomeTaxExpense": "28000000", "interestAndDebtExpense": "None", "netIncomeFromContinuingOperations": "-643000000", "comprehensiveIncomeNetOfTax": "None", "ebit": "433000000", "ebitda": "882000000", "netIncome": "-738000000"}, {"fiscalDateEnding": "2016-06-30", "reportedCurrency": "USD", "grossProfit": "3059000000", "totalRevenue": "8292000000", "costOfRevenue": "5233000000", "costofGoodsAndServicesSold": "5233000000", "operatingIncome": "337000000", "sellingGeneralAndAdministrative": "2722000000", "researchAndDevelopment": "0", "operatingExpenses": "7955000000", "investmentIncomeNet": "None", "netInterestIncome": "43000000", "interestIncome": "None", "interestExpense": "43000000", "nonInterestIncome": "None", "otherNonOperatingIncome": "48000000", "depreciation": "None", "depreciationAndAmortization": "505000000", "incomeBeforeTax": "181000000", "incomeTaxExpense": "-54000000", "interestAndDebtExpense": "None", "netIncomeFromContinuingOperations": "235000000", "comprehensiveIncomeNetOfTax": "None", "ebit": "162000000", "ebitda": "667000000", "netIncome": "179000000"}, {"fiscalDateEnding": "2015-06-30", "reportedCurrency": "USD", "grossProfit": "3681000000", "totalRevenue": "8633000000", "costOfRevenue": "4952000000", "costofGoodsAndServicesSold": "4952000000", "operatingIncome": "322000000", "sellingGeneralAndAdministrative": "2756000000", "researchAndDevelopment": "0", "operatingExpenses": "8311000000", "investmentIncomeNet": "None", "netInterestIncome": "None", "interestIncome": "None", "interestExpense": "56000000", "nonInterestIncome": "None", "otherNonOperatingIncome": "133000000", "depreciation": "None", "depreciationAndAmortization": "530000000", "incomeBeforeTax": "56000000", "incomeTaxExpense": "134000000", "interestAndDebtExpense": "None", "netIncomeFromContinuingOperations": "-78000000", "comprehensiveIncomeNetOfTax": "None", "ebit": "415000000", "ebitda": "945000000", "netIncome": "-147000000"}, {"fiscalDateEnding": "2014-06-30", "reportedCurrency": "USD", "grossProfit": "3500000000", "totalRevenue": "8574000000", "costOfRevenue": "5074000000", "costofGoodsAndServicesSold": "5074000000", "operatingIncome": "-529000000", "sellingGeneralAndAdministrative": "2665000000", "researchAndDevelopment": "0", "operatingExpenses": "8382000000", "investmentIncomeNet": "None", "netInterestIncome": "None", "interestIncome": "None", "interestExpense": "68000000", "nonInterestIncome": "None", "otherNonOperatingIncome": "-563000000", "depreciation": "None", "depreciationAndAmortization": "578000000", "incomeBeforeTax": "-397000000", "incomeTaxExpense": "-691000000", "interestAndDebtExpense": "None", "netIncomeFromContinuingOperations": "294000000", "comprehensiveIncomeNetOfTax": "None", "ebit": "-336000000", "ebitda": "242000000", "netIncome": "239000000"}, {"fiscalDateEnding": "2013-06-30", "reportedCurrency": "USD", "grossProfit": "3471000000", "totalRevenue": "8891000000", "costOfRevenue": "5420000000", "costofGoodsAndServicesSold": "5420000000", "operatingIncome": "140000000", "sellingGeneralAndAdministrative": "2783000000", "researchAndDevelopment": "None", "operatingExpenses": "8751000000", "investmentIncomeNet": "None", "netInterestIncome": "None", "interestIncome": "None", "interestExpense": "77000000", "nonInterestIncome": "None", "otherNonOperatingIncome": "None", "depreciation": "None", "depreciationAndAmortization": "548000000", "incomeBeforeTax": "173000000", "incomeTaxExpense": "-374000000", "interestAndDebtExpense": "None", "netIncomeFromContinuingOperations": "None", "comprehensiveIncomeNetOfTax": "None", "ebit": "140000000", "ebitda": "688000000", "netIncome": "506000000"}, {"fiscalDateEnding": "2012-06-30", "reportedCurrency": "USD", "grossProfit": "8654000000", "totalRevenue": "8654000000", "costOfRevenue": "5122000000", "costofGoodsAndServicesSold": "5122000000", "operatingIncome": "299000000", "sellingGeneralAndAdministrative": "2750000000", "researchAndDevelopment": "None", "operatingExpenses": "8355000000", "investmentIncomeNet": "None", "netInterestIncome": "None", "interestIncome": "None", "interestExpense": "56000000", "nonInterestIncome": "None", "otherNonOperatingIncome": "None", "depreciation": "None", "depreciationAndAmortization": "483000000", "incomeBeforeTax": "-2377000000", "incomeTaxExpense": "-337000000", "interestAndDebtExpense": "None", "netIncomeFromContinuingOperations": "None", "comprehensiveIncomeNetOfTax": "None", "ebit": "299000000", "ebitda": "782000000", "netIncome": "-2075000000"}, {"fiscalDateEnding": "2011-06-30", "reportedCurrency": "USD", "grossProfit": "9095000000", "totalRevenue": "9095000000", "costOfRevenue": "5234000000", "costofGoodsAndServicesSold": "5234000000", "operatingIncome": "783000000", "sellingGeneralAndAdministrative": "2523000000", "researchAndDevelopment": "None", "operatingExpenses": "8312000000", "investmentIncomeNet": "None", "netInterestIncome": "None", "interestIncome": "None", "interestExpense": "47000000", "nonInterestIncome": "None", "otherNonOperatingIncome": "None", "depreciation": "None", "depreciationAndAmortization": "430000000", "incomeBeforeTax": "961000000", "incomeTaxExpense": "257000000", "interestAndDebtExpense": "None", "netIncomeFromContinuingOperations": "None", "comprehensiveIncomeNetOfTax": "None", "ebit": "783000000", "ebitda": "1213000000", "netIncome": "678000000"}, {"fiscalDateEnding": "2010-06-30", "reportedCurrency": "USD", "grossProfit": "8752000000", "totalRevenue": "8752000000", "costOfRevenue": "None", "costofGoodsAndServicesSold": "None", "operatingIncome": "399000000", "sellingGeneralAndAdministrative": "None", "researchAndDevelopment": "None", "operatingExpenses": "8353000000", "investmentIncomeNet": "None", "netInterestIncome": "None", "interestIncome": "None", "interestExpense": "28000000", "nonInterestIncome": "None", "otherNonOperatingIncome": "None", "depreciation": "None", "depreciationAndAmortization": "414000000", "incomeBeforeTax": "461000000", "incomeTaxExpense": "202000000", "interestAndDebtExpense": "None", "netIncomeFromContinuingOperations": "None", "comprehensiveIncomeNetOfTax": "None", "ebit": "399000000", "ebitda": "813000000", "netIncome": "243000000"}], "quarterlyReports": [{"fiscalDateEnding": "2024-12-31", "reportedCurrency": "USD", "grossProfit": "2238000000", "totalRevenue": "2238000000", "costOfRevenue": "None", "costofGoodsAndServicesSold": "None", "operatingIncome": "306000000", "sellingGeneralAndAdministrative": "412000000", "researchAndDevelopment": "None", "operatingExpenses": "1873000000", "investmentIncomeNet": "None", "netInterestIncome": "-3000000", "interestIncome": "None", "interestExpense": "3000000", "nonInterestIncome": "None", "otherNonOperatingIncome": "None", "depreciation": "None", "depreciationAndAmortization": "-113000000", "incomeBeforeTax": "430000000", "incomeTaxExpense": "124000000", "interestAndDebtExpense": "None", "netIncomeFromContinuingOperations": "306000000", "comprehensiveIncomeNetOfTax": "None", "ebit": "427000000", "ebitda": "314000000", "netIncome": "215000000"}, {"fiscalDateEnding": "2024-09-30", "reportedCurrency": "USD", "grossProfit": "2577000000", "totalRevenue": "2577000000", "costOfRevenue": "None", "costofGoodsAndServicesSold": "None", "operatingIncome": "226000000", "sellingGeneralAndAdministrative": "518000000", "researchAndDevelopment": "None", "operatingExpenses": "2351000000", "investmentIncomeNet": "None", "netInterestIncome": "-18000000", "interestIncome": "None", "interestExpense": "18000000", "nonInterestIncome": "None", "otherNonOperatingIncome": "None", "depreciation": "None", "depreciationAndAmortization": "189000000", "incomeBeforeTax": "204000000", "incomeTaxExpense": "-60000000", "interestAndDebtExpense": "None", "netIncomeFromContinuingOperations": "144000000", "comprehensiveIncomeNetOfTax": "None", "ebit": "222000000", "ebitda": "411000000", "netIncome": "264000000"}, {"fiscalDateEnding": "2024-06-30", "reportedCurrency": "USD", "grossProfit": "1124000000", "totalRevenue": "2577000000", "costOfRevenue": "1453000000", "costofGoodsAndServicesSold": "1453000000", "operatingIncome": "188000000", "sellingGeneralAndAdministrative": "516000000", "researchAndDevelopment": "None", "operatingExpenses": "935000000", "investmentIncomeNet": "None", "netInterestIncome": "-18000000", "interestIncome": "None", "interestExpense": "18000000", "nonInterestIncome": "None", "otherNonOperatingIncome": "None", "depreciation": "None", "depreciationAndAmortization": "192000000", "incomeBeforeTax": "110000000", "incomeTaxExpense": "39000000", "interestAndDebtExpense": "None", "netIncomeFromContinuingOperations": "71000000", "comprehensiveIncomeNetOfTax": "None", "ebit": "125000000", "ebitda": "317000000", "netIncome": "50000000"}, {"fiscalDateEnding": "2024-03-31", "reportedCurrency": "USD", "grossProfit": "993000000", "totalRevenue": "2423000000", "costOfRevenue": "1430000000", "costofGoodsAndServicesSold": "1430000000", "operatingIncome": "130000000", "sellingGeneralAndAdministrative": "505000000", "researchAndDevelopment": "None", "operatingExpenses": "863000000", "investmentIncomeNet": "None", "netInterestIncome": "-19000000", "interestIncome": "None", "interestExpense": "19000000", "nonInterestIncome": "None", "otherNonOperatingIncome": "None", "depreciation": "None", "depreciationAndAmortization": "192000000", "incomeBeforeTax": "64000000", "incomeTaxExpense": "22000000", "interestAndDebtExpense": "None", "netIncomeFromContinuingOperations": "42000000", "comprehensiveIncomeNetOfTax": "None", "ebit": "73000000", "ebitda": "265000000", "netIncome": "30000000"}, {"fiscalDateEnding": "2023-12-31", "reportedCurrency": "USD", "grossProfit": "1108000000", "totalRevenue": "2586000000", "costOfRevenue": "1478000000", "costofGoodsAndServicesSold": "1478000000", "operatingIncome": "278000000", "sellingGeneralAndAdministrative": "394000000", "researchAndDevelopment": "None", "operatingExpenses": "830000000", "investmentIncomeNet": "None", "netInterestIncome": "-25000000", "interestIncome": "None", "interestExpense": "39000000", "nonInterestIncome": "None", "otherNonOperatingIncome": "None", "depreciation": "None", "depreciationAndAmortization": "179000000", "incomeBeforeTax": "277000000", "incomeTaxExpense": "94000000", "interestAndDebtExpense": "None", "netIncomeFromContinuingOperations": "183000000", "comprehensiveIncomeNetOfTax": "None", "ebit": "294000000", "ebitda": "473000000", "netIncome": "156000000"}, {"fiscalDateEnding": "2023-09-30", "reportedCurrency": "USD", "grossProfit": "1062000000", "totalRevenue": "2499000000", "costOfRevenue": "1437000000", "costofGoodsAndServicesSold": "1437000000", "operatingIncome": "156000000", "sellingGeneralAndAdministrative": "471000000", "researchAndDevelopment": "None", "operatingExpenses": "2306000000", "investmentIncomeNet": "None", "netInterestIncome": "-23000000", "interestIncome": "None", "interestExpense": "23000000", "nonInterestIncome": "None", "otherNonOperatingIncome": "None", "depreciation": "None", "depreciationAndAmortization": "195000000", "incomeBeforeTax": "95000000", "incomeTaxExpense": "37000000", "interestAndDebtExpense": "None", "netIncomeFromContinuingOperations": "58000000", "comprehensiveIncomeNetOfTax": "None", "ebit": "111000000", "ebitda": "306000000", "netIncome": "30000000"}, {"fiscalDateEnding": "2023-06-30", "reportedCurrency": "USD", "grossProfit": "982000000", "totalRevenue": "2433000000", "costOfRevenue": "1451000000", "costofGoodsAndServicesSold": "1451000000", "operatingIncome": "90000000", "sellingGeneralAndAdministrative": "1251000000", "researchAndDevelopment": "None", "operatingExpenses": "2270000000", "investmentIncomeNet": "None", "netInterestIncome": "-22000000", "interestIncome": "None", "interestExpense": "22000000", "nonInterestIncome": "None", "otherNonOperatingIncome": "-73000000", "depreciation": "None", "depreciationAndAmortization": "205000000", "incomeBeforeTax": "-17000000", "incomeTaxExpense": "15000000", "interestAndDebtExpense": "None", "netIncomeFromContinuingOperations": "-32000000", "comprehensiveIncomeNetOfTax": "None", "ebit": "-5000000", "ebitda": "200000000", "netIncome": "-8000000"}, {"fiscalDateEnding": "2023-03-31", "reportedCurrency": "USD", "grossProfit": "979000000", "totalRevenue": "2447000000", "costOfRevenue": "1468000000", "costofGoodsAndServicesSold": "1468000000", "operatingIncome": "141000000", "sellingGeneralAndAdministrative": "448000000", "researchAndDevelopment": "None", "operatingExpenses": "2310000000", "investmentIncomeNet": "None", "netInterestIncome": "-25000000", "interestIncome": "None", "interestExpense": "25000000", "nonInterestIncome": "None", "otherNonOperatingIncome": "4000000", "depreciation": "None", "depreciationAndAmortization": "208000000", "incomeBeforeTax": "91000000", "incomeTaxExpense": "32000000", "interestAndDebtExpense": "None", "netIncomeFromContinuingOperations": "59000000", "comprehensiveIncomeNetOfTax": "None", "ebit": "115000000", "ebitda": "323000000", "netIncome": "50000000"}, {"fiscalDateEnding": "2022-12-31", "reportedCurrency": "USD", "grossProfit": "1053000000", "totalRevenue": "2521000000", "costOfRevenue": "1468000000", "costofGoodsAndServicesSold": "1468000000", "operatingIncome": "200000000", "sellingGeneralAndAdministrative": "354000000", "researchAndDevelopment": "None", "operatingExpenses": "2286000000", "investmentIncomeNet": "None", "netInterestIncome": "-26000000", "interestIncome": "None", "interestExpense": "26000000", "nonInterestIncome": "None", "otherNonOperatingIncome": "-35000000", "depreciation": "None", "depreciationAndAmortization": "201000000", "incomeBeforeTax": "155000000", "incomeTaxExpense": "61000000", "interestAndDebtExpense": "None", "netIncomeFromContinuingOperations": "94000000", "comprehensiveIncomeNetOfTax": "None", "ebit": "181000000", "ebitda": "382000000", "netIncome": "94000000"}, {"fiscalDateEnding": "2022-09-30", "reportedCurrency": "USD", "grossProfit": "1025000000", "totalRevenue": "2478000000", "costOfRevenue": "1453000000", "costofGoodsAndServicesSold": "1453000000", "operatingIncome": "149000000", "sellingGeneralAndAdministrative": "449000000", "researchAndDevelopment": "None", "operatingExpenses": "2307000000", "investmentIncomeNet": "None", "netInterestIncome": "-27000000", "interestIncome": "None", "interestExpense": "27000000", "nonInterestIncome": "None", "otherNonOperatingIncome": "-22000000", "depreciation": "None", "depreciationAndAmortization": "209000000", "incomeBeforeTax": "101000000", "incomeTaxExpense": "35000000", "interestAndDebtExpense": "None", "netIncomeFromContinuingOperations": "66000000", "comprehensiveIncomeNetOfTax": "None", "ebit": "106000000", "ebitda": "315000000", "netIncome": "66000000"}, {"fiscalDateEnding": "2022-06-30", "reportedCurrency": "USD", "grossProfit": "1136000000", "totalRevenue": "2674000000", "costOfRevenue": "1538000000", "costofGoodsAndServicesSold": "1538000000", "operatingIncome": "38000000", "sellingGeneralAndAdministrative": "525000000", "researchAndDevelopment": "None", "operatingExpenses": "2542000000", "investmentIncomeNet": "None", "netInterestIncome": "-31000000", "interestIncome": "None", "interestExpense": "31000000", "nonInterestIncome": "None", "otherNonOperatingIncome": "-94000000", "depreciation": "None", "depreciationAndAmortization": "213000000", "incomeBeforeTax": "-20000000", "incomeTaxExpense": "-147000000", "interestAndDebtExpense": "None", "netIncomeFromContinuingOperations": "127000000", "comprehensiveIncomeNetOfTax": "None", "ebit": "14000000", "ebitda": "227000000", "netIncome": "110000000"}, {"fiscalDateEnding": "2022-03-31", "reportedCurrency": "USD", "grossProfit": "1074000000", "totalRevenue": "2492000000", "costOfRevenue": "1418000000", "costofGoodsAndServicesSold": "1418000000", "operatingIncome": "195000000", "sellingGeneralAndAdministrative": "470000000", "researchAndDevelopment": "None", "operatingExpenses": "2306000000", "investmentIncomeNet": "None", "netInterestIncome": "-25000000", "interestIncome": "None", "interestExpense": "25000000", "nonInterestIncome": "None", "otherNonOperatingIncome": "9000000", "depreciation": "None", "depreciationAndAmortization": "203000000", "incomeBeforeTax": "133000000", "incomeTaxExpense": "29000000", "interestAndDebtExpense": "None", "netIncomeFromContinuingOperations": "104000000", "comprehensiveIncomeNetOfTax": "None", "ebit": "147000000", "ebitda": "350000000", "netIncome": "82000000"}, {"fiscalDateEnding": "2021-12-31", "reportedCurrency": "USD", "grossProfit": "1270000000", "totalRevenue": "2717000000", "costOfRevenue": "1447000000", "costofGoodsAndServicesSold": "1447000000", "operatingIncome": "355000000", "sellingGeneralAndAdministrative": "333000000", "researchAndDevelopment": "None", "operatingExpenses": "2299000000", "investmentIncomeNet": "None", "netInterestIncome": "-21000000", "interestIncome": "None", "interestExpense": "21000000", "nonInterestIncome": "None", "otherNonOperatingIncome": "-13000000", "depreciation": "None", "depreciationAndAmortization": "200000000", "incomeBeforeTax": "361000000", "incomeTaxExpense": "99000000", "interestAndDebtExpense": "None", "netIncomeFromContinuingOperations": "262000000", "comprehensiveIncomeNetOfTax": "None", "ebit": "378000000", "ebitda": "578000000", "netIncome": "235000000"}, {"fiscalDateEnding": "2021-09-30", "reportedCurrency": "USD", "grossProfit": "1093000000", "totalRevenue": "2502000000", "costOfRevenue": "1409000000", "costofGoodsAndServicesSold": "1409000000", "operatingIncome": "245000000", "sellingGeneralAndAdministrative": "443000000", "researchAndDevelopment": "None", "operatingExpenses": "2257000000", "investmentIncomeNet": "None", "netInterestIncome": "-22000000", "interestIncome": "None", "interestExpense": "22000000", "nonInterestIncome": "None", "otherNonOperatingIncome": "137000000", "depreciation": "None", "depreciationAndAmortization": "197000000", "incomeBeforeTax": "338000000", "incomeTaxExpense": "71000000", "interestAndDebtExpense": "None", "netIncomeFromContinuingOperations": "267000000", "comprehensiveIncomeNetOfTax": "None", "ebit": "362000000", "ebitda": "559000000", "netIncome": "196000000"}, {"fiscalDateEnding": "2021-06-30", "reportedCurrency": "USD", "grossProfit": "1033000000", "totalRevenue": "2492000000", "costOfRevenue": "1459000000", "costofGoodsAndServicesSold": "1459000000", "operatingIncome": "34000000", "sellingGeneralAndAdministrative": "1101000000", "researchAndDevelopment": "None", "operatingExpenses": "2458000000", "investmentIncomeNet": "None", "netInterestIncome": "-21000000", "interestIncome": "None", "interestExpense": "21000000", "nonInterestIncome": "None", "otherNonOperatingIncome": "-45000000", "depreciation": "None", "depreciationAndAmortization": "208000000", "incomeBeforeTax": "-107000000", "incomeTaxExpense": "-92000000", "interestAndDebtExpense": "None", "netIncomeFromContinuingOperations": "-15000000", "comprehensiveIncomeNetOfTax": "None", "ebit": "-86000000", "ebitda": "122000000", "netIncome": "-14000000"}, {"fiscalDateEnding": "2021-03-31", "reportedCurrency": "USD", "grossProfit": "976000000", "totalRevenue": "2335000000", "costOfRevenue": "1359000000", "costofGoodsAndServicesSold": "1359000000", "operatingIncome": "125000000", "sellingGeneralAndAdministrative": "477000000", "researchAndDevelopment": "None", "operatingExpenses": "2210000000", "investmentIncomeNet": "None", "netInterestIncome": "-12000000", "interestIncome": "None", "interestExpense": "12000000", "nonInterestIncome": "None", "otherNonOperatingIncome": "56000000", "depreciation": "None", "depreciationAndAmortization": "205000000", "incomeBeforeTax": "139000000", "incomeTaxExpense": "43000000", "interestAndDebtExpense": "None", "netIncomeFromContinuingOperations": "96000000", "comprehensiveIncomeNetOfTax": "None", "ebit": "151000000", "ebitda": "356000000", "netIncome": "79000000"}, {"fiscalDateEnding": "2020-12-31", "reportedCurrency": "USD", "grossProfit": "1216000000", "totalRevenue": "2414000000", "costOfRevenue": "1198000000", "costofGoodsAndServicesSold": "1198000000", "operatingIncome": "330000000", "sellingGeneralAndAdministrative": "271000000", "researchAndDevelopment": "None", "operatingExpenses": "2084000000", "investmentIncomeNet": "None", "netInterestIncome": "-12000000", "interestIncome": "None", "interestExpense": "12000000", "nonInterestIncome": "None", "otherNonOperatingIncome": "51000000", "depreciation": "None", "depreciationAndAmortization": "167000000", "incomeBeforeTax": "346000000", "incomeTaxExpense": "85000000", "interestAndDebtExpense": "None", "netIncomeFromContinuingOperations": "261000000", "comprehensiveIncomeNetOfTax": "None", "ebit": "333000000", "ebitda": "500000000", "netIncome": "231000000"}, {"fiscalDateEnding": "2020-09-30", "reportedCurrency": "USD", "grossProfit": "953000000", "totalRevenue": "2117000000", "costOfRevenue": "1164000000", "costofGoodsAndServicesSold": "1164000000", "operatingIncome": "104000000", "sellingGeneralAndAdministrative": "353000000", "researchAndDevelopment": "None", "operatingExpenses": "2013000000", "investmentIncomeNet": "None", "netInterestIncome": "-8000000", "interestIncome": "None", "interestExpense": "8000000", "nonInterestIncome": "None", "otherNonOperatingIncome": "16000000", "depreciation": "None", "depreciationAndAmortization": "164000000", "incomeBeforeTax": "72000000", "incomeTaxExpense": "25000000", "interestAndDebtExpense": "None", "netIncomeFromContinuingOperations": "47000000", "comprehensiveIncomeNetOfTax": "None", "ebit": "106000000", "ebitda": "270000000", "netIncome": "34000000"}, {"fiscalDateEnding": "2020-06-30", "reportedCurrency": "USD", "grossProfit": "968000000", "totalRevenue": "1923000000", "costOfRevenue": "955000000", "costofGoodsAndServicesSold": "955000000", "operatingIncome": "35000000", "sellingGeneralAndAdministrative": "696000000", "researchAndDevelopment": "None", "operatingExpenses": "1888000000", "investmentIncomeNet": "None", "netInterestIncome": "-12000000", "interestIncome": "None", "interestExpense": "12000000", "nonInterestIncome": "None", "otherNonOperatingIncome": "-45000000", "depreciation": "None", "depreciationAndAmortization": "160000000", "incomeBeforeTax": "-401000000", "incomeTaxExpense": "-11000", "interestAndDebtExpense": "None", "netIncomeFromContinuingOperations": "-401000000", "comprehensiveIncomeNetOfTax": "None", "ebit": "35000000", "ebitda": "195000000", "netIncome": "-397000000"}, {"fiscalDateEnding": "2020-03-31", "reportedCurrency": "USD", "grossProfit": "983000000", "totalRevenue": "2266000000", "costOfRevenue": "1283000000", "costofGoodsAndServicesSold": "1283000000", "operatingIncome": "82000000", "sellingGeneralAndAdministrative": "743000000", "researchAndDevelopment": "None", "operatingExpenses": "2184000000", "investmentIncomeNet": "None", "netInterestIncome": "-9000000", "interestIncome": "None", "interestExpense": "9000000", "nonInterestIncome": "None", "otherNonOperatingIncome": "6000000", "depreciation": "None", "depreciationAndAmortization": "160000000", "incomeBeforeTax": "-1046000000", "incomeTaxExpense": "-10000000", "interestAndDebtExpense": "None", "netIncomeFromContinuingOperations": "-1036000000", "comprehensiveIncomeNetOfTax": "None", "ebit": "-1049000000", "ebitda": "-889000000", "netIncome": "-730000000"}, {"fiscalDateEnding": "2019-12-31", "reportedCurrency": "USD", "grossProfit": "1128000000", "totalRevenue": "2479000000", "costOfRevenue": "1351000000", "costofGoodsAndServicesSold": "1351000000", "operatingIncome": "193000000", "sellingGeneralAndAdministrative": "774000000", "researchAndDevelopment": "None", "operatingExpenses": "2286000000", "investmentIncomeNet": "None", "netInterestIncome": "-8000000", "interestIncome": "None", "interestExpense": "8000000", "nonInterestIncome": "None", "otherNonOperatingIncome": "-1000000", "depreciation": "None", "depreciationAndAmortization": "162000000", "incomeBeforeTax": "155000000", "incomeTaxExpense": "52000000", "interestAndDebtExpense": "None", "netIncomeFromContinuingOperations": "103000000", "comprehensiveIncomeNetOfTax": "None", "ebit": "222000000", "ebitda": "384000000", "netIncome": "85000000"}, {"fiscalDateEnding": "2019-09-30", "reportedCurrency": "USD", "grossProfit": "1002000000", "totalRevenue": "2340000000", "costOfRevenue": "1338000000", "costofGoodsAndServicesSold": "1338000000", "operatingIncome": "59000000", "sellingGeneralAndAdministrative": "782000000", "researchAndDevelopment": "None", "operatingExpenses": "2281000000", "investmentIncomeNet": "None", "netInterestIncome": "4000000", "interestIncome": "None", "interestExpense": "4000000", "nonInterestIncome": "None", "otherNonOperatingIncome": "2000000", "depreciation": "None", "depreciationAndAmortization": "162000000", "incomeBeforeTax": "-232000000", "incomeTaxExpense": "-21000000", "interestAndDebtExpense": "None", "netIncomeFromContinuingOperations": "-211000000", "comprehensiveIncomeNetOfTax": "None", "ebit": "59000000", "ebitda": "221000000", "netIncome": "-227000000"}, {"fiscalDateEnding": "2019-06-30", "reportedCurrency": "USD", "grossProfit": "1051000000", "totalRevenue": "2466000000", "costOfRevenue": "1415000000", "costofGoodsAndServicesSold": "1415000000", "operatingIncome": "104000000", "sellingGeneralAndAdministrative": "799000000", "researchAndDevelopment": "None", "operatingExpenses": "2362000000", "investmentIncomeNet": "None", "netInterestIncome": "-14000000", "interestIncome": "None", "interestExpense": "14000000", "nonInterestIncome": "None", "otherNonOperatingIncome": "-1000000", "depreciation": "None", "depreciationAndAmortization": "165000000", "incomeBeforeTax": "-28000000", "incomeTaxExpense": "14000000", "interestAndDebtExpense": "None", "netIncomeFromContinuingOperations": "-42000000", "comprehensiveIncomeNetOfTax": "None", "ebit": "104000000", "ebitda": "269000000", "netIncome": "-51000000"}, {"fiscalDateEnding": "2019-03-31", "reportedCurrency": "USD", "grossProfit": "1057000000", "totalRevenue": "2457000000", "costOfRevenue": "1400000000", "costofGoodsAndServicesSold": "1400000000", "operatingIncome": "79000000", "sellingGeneralAndAdministrative": "810000000", "researchAndDevelopment": "None", "operatingExpenses": "2378000000", "investmentIncomeNet": "None", "netInterestIncome": "-14000000", "interestIncome": "None", "interestExpense": "14000000", "nonInterestIncome": "None", "otherNonOperatingIncome": "-1000000", "depreciation": "None", "depreciationAndAmortization": "168000000", "incomeBeforeTax": "30000000", "incomeTaxExpense": "7000000", "interestAndDebtExpense": "None", "netIncomeFromContinuingOperations": "23000000", "comprehensiveIncomeNetOfTax": "None", "ebit": "79000000", "ebitda": "247000000", "netIncome": "10000000"}, {"fiscalDateEnding": "2018-12-31", "reportedCurrency": "USD", "grossProfit": "1143000000", "totalRevenue": "2627000000", "costOfRevenue": "1484000000", "costofGoodsAndServicesSold": "1484000000", "operatingIncome": "207000000", "sellingGeneralAndAdministrative": "773000000", "researchAndDevelopment": "0", "operatingExpenses": "2420000000", "investmentIncomeNet": "None", "netInterestIncome": "None", "interestIncome": "None", "interestExpense": "15000000", "nonInterestIncome": "None", "otherNonOperatingIncome": "1000000", "depreciation": "None", "depreciationAndAmortization": "163000000", "incomeBeforeTax": "174000000", "incomeTaxExpense": "55000000", "interestAndDebtExpense": "None", "netIncomeFromContinuingOperations": "119000000", "comprehensiveIncomeNetOfTax": "None", "ebit": "207000000", "ebitda": "370000000", "netIncome": "95000000"}, {"fiscalDateEnding": "2018-09-30", "reportedCurrency": "USD", "grossProfit": "1184000000", "totalRevenue": "2524000000", "costOfRevenue": "1340000000", "costofGoodsAndServicesSold": "1340000000", "operatingIncome": "195000000", "sellingGeneralAndAdministrative": "826000000", "researchAndDevelopment": "0", "operatingExpenses": "2329000000", "investmentIncomeNet": "None", "netInterestIncome": "None", "interestIncome": "None", "interestExpense": "16000000", "nonInterestIncome": "None", "otherNonOperatingIncome": "17000000", "depreciation": "None", "depreciationAndAmortization": "163000000", "incomeBeforeTax": "178000000", "incomeTaxExpense": "50000000", "interestAndDebtExpense": "None", "netIncomeFromContinuingOperations": "128000000", "comprehensiveIncomeNetOfTax": "None", "ebit": "195000000", "ebitda": "358000000", "netIncome": "101000000"}, {"fiscalDateEnding": "2018-06-30", "reportedCurrency": "USD", "grossProfit": "1229000000", "totalRevenue": "2693000000", "costOfRevenue": "1464000000", "costofGoodsAndServicesSold": "1464000000", "operatingIncome": "137000000", "sellingGeneralAndAdministrative": "917000000", "researchAndDevelopment": "0", "operatingExpenses": "2556000000", "investmentIncomeNet": "None", "netInterestIncome": "None", "interestIncome": "None", "interestExpense": "16000000", "nonInterestIncome": "None", "otherNonOperatingIncome": "-335000000", "depreciation": "None", "depreciationAndAmortization": "175000000", "incomeBeforeTax": "-292000000", "incomeTaxExpense": "63000000", "interestAndDebtExpense": "None", "netIncomeFromContinuingOperations": "-355000000", "comprehensiveIncomeNetOfTax": "None", "ebit": "137000000", "ebitda": "312000000", "netIncome": "-371000000"}, {"fiscalDateEnding": "2018-03-31", "reportedCurrency": "USD", "grossProfit": "942000000", "totalRevenue": "2093000000", "costOfRevenue": "1151000000", "costofGoodsAndServicesSold": "1151000000", "operatingIncome": "82000000", "sellingGeneralAndAdministrative": "760000000", "researchAndDevelopment": "0", "operatingExpenses": "2011000000", "investmentIncomeNet": "None", "netInterestIncome": "None", "interestIncome": "None", "interestExpense": "2000000", "nonInterestIncome": "None", "otherNonOperatingIncome": "-945000000", "depreciation": "None", "depreciationAndAmortization": "100000000", "incomeBeforeTax": "-1107000000", "incomeTaxExpense": "3000000", "interestAndDebtExpense": "None", "netIncomeFromContinuingOperations": "-1110000000", "comprehensiveIncomeNetOfTax": "None", "ebit": "81000000", "ebitda": "181000000", "netIncome": "-1128000000"}, {"fiscalDateEnding": "2017-12-31", "reportedCurrency": "USD", "grossProfit": "1041000000", "totalRevenue": "2180000000", "costOfRevenue": "1139000000", "costofGoodsAndServicesSold": "1139000000", "operatingIncome": "229000000", "sellingGeneralAndAdministrative": "712000000", "researchAndDevelopment": "0", "operatingExpenses": "1951000000", "investmentIncomeNet": "None", "netInterestIncome": "None", "interestIncome": "None", "interestExpense": "1000000", "nonInterestIncome": "None", "otherNonOperatingIncome": "-49000000", "depreciation": "None", "depreciationAndAmortization": "100000000", "incomeBeforeTax": "169000000", "incomeTaxExpense": "235000000", "interestAndDebtExpense": "None", "netIncomeFromContinuingOperations": "-66000000", "comprehensiveIncomeNetOfTax": "None", "ebit": "228000000", "ebitda": "328000000", "netIncome": "-83000000"}, {"fiscalDateEnding": "2017-09-30", "reportedCurrency": "USD", "grossProfit": "909000000", "totalRevenue": "2058000000", "costOfRevenue": "1149000000", "costofGoodsAndServicesSold": "1149000000", "operatingIncome": "152000000", "sellingGeneralAndAdministrative": "660000000", "researchAndDevelopment": "0", "operatingExpenses": "1906000000", "investmentIncomeNet": "None", "netInterestIncome": "None", "interestIncome": "None", "interestExpense": "6000000", "nonInterestIncome": "None", "otherNonOperatingIncome": "-2000000", "depreciation": "None", "depreciationAndAmortization": "97000000", "incomeBeforeTax": "141000000", "incomeTaxExpense": "54000000", "interestAndDebtExpense": "None", "netIncomeFromContinuingOperations": "87000000", "comprehensiveIncomeNetOfTax": "None", "ebit": "151000000", "ebitda": "248000000", "netIncome": "68000000"}, {"fiscalDateEnding": "2017-06-30", "reportedCurrency": "USD", "grossProfit": "935000000", "totalRevenue": "2080000000", "costOfRevenue": "1145000000", "costofGoodsAndServicesSold": "1145000000", "operatingIncome": "115000000", "sellingGeneralAndAdministrative": "720000000", "researchAndDevelopment": "0", "operatingExpenses": "1965000000", "investmentIncomeNet": "None", "netInterestIncome": "None", "interestIncome": "None", "interestExpense": "9000000", "nonInterestIncome": "None", "otherNonOperatingIncome": "-14000000", "depreciation": "None", "depreciationAndAmortization": "100000000", "incomeBeforeTax": "-408000000", "incomeTaxExpense": "16000000", "interestAndDebtExpense": "None", "netIncomeFromContinuingOperations": "-424000000", "comprehensiveIncomeNetOfTax": "None", "ebit": "115000000", "ebitda": "215000000", "netIncome": "-429000000"}, {"fiscalDateEnding": "2017-03-31", "reportedCurrency": "USD", "grossProfit": "877000000", "totalRevenue": "1978000000", "costOfRevenue": "1101000000", "costofGoodsAndServicesSold": "1101000000", "operatingIncome": "106000000", "sellingGeneralAndAdministrative": "662000000", "researchAndDevelopment": "0", "operatingExpenses": "1872000000", "investmentIncomeNet": "None", "netInterestIncome": "None", "interestIncome": "None", "interestExpense": "8000000", "nonInterestIncome": "None", "otherNonOperatingIncome": "-36000000", "depreciation": "None", "depreciationAndAmortization": "109000000", "incomeBeforeTax": "45000000", "incomeTaxExpense": "45000000", "interestAndDebtExpense": "None", "netIncomeFromContinuingOperations": "338000000", "comprehensiveIncomeNetOfTax": "None", "ebit": "106000000", "ebitda": "215000000", "netIncome": "-5000000"}, {"fiscalDateEnding": "2016-12-31", "reportedCurrency": "USD", "grossProfit": "990000000", "totalRevenue": "2116000000", "costOfRevenue": "1126000000", "costofGoodsAndServicesSold": "1126000000", "operatingIncome": "205000000", "sellingGeneralAndAdministrative": "665000000", "researchAndDevelopment": "0", "operatingExpenses": "1911000000", "investmentIncomeNet": "None", "netInterestIncome": "None", "interestIncome": "None", "interestExpense": "15000000", "nonInterestIncome": "None", "otherNonOperatingIncome": "-115000000", "depreciation": "None", "depreciationAndAmortization": "120000000", "incomeBeforeTax": "-251000000", "incomeTaxExpense": "-32000000", "interestAndDebtExpense": "None", "netIncomeFromContinuingOperations": "-219000000", "comprehensiveIncomeNetOfTax": "None", "ebit": "205000000", "ebitda": "325000000", "netIncome": "-289000000"}, {"fiscalDateEnding": "2016-09-30", "reportedCurrency": "USD", "grossProfit": "808000000", "totalRevenue": "1965000000", "costOfRevenue": "1157000000", "costofGoodsAndServicesSold": "1157000000", "operatingIncome": "10000000", "sellingGeneralAndAdministrative": "678000000", "researchAndDevelopment": "0", "operatingExpenses": "1955000000", "investmentIncomeNet": "None", "netInterestIncome": "None", "interestIncome": "None", "interestExpense": "7000000", "nonInterestIncome": "None", "otherNonOperatingIncome": "2000000", "depreciation": "None", "depreciationAndAmortization": "120000000", "incomeBeforeTax": "-1000000", "incomeTaxExpense": "-1000000", "interestAndDebtExpense": "None", "netIncomeFromContinuingOperations": "0", "comprehensiveIncomeNetOfTax": "None", "ebit": "10000000", "ebitda": "130000000", "netIncome": "-15000000"}, {"fiscalDateEnding": "2016-06-30", "reportedCurrency": "USD", "grossProfit": "974000000", "totalRevenue": "2226000000", "costOfRevenue": "1252000000", "costofGoodsAndServicesSold": "1252000000", "operatingIncome": "104000000", "sellingGeneralAndAdministrative": "735000000", "researchAndDevelopment": "0", "operatingExpenses": "2122000000", "investmentIncomeNet": "None", "netInterestIncome": "None", "interestIncome": "None", "interestExpense": "9000000", "nonInterestIncome": "None", "otherNonOperatingIncome": "None", "depreciation": "None", "depreciationAndAmortization": "135000000", "incomeBeforeTax": "200000000", "incomeTaxExpense": "86000000", "interestAndDebtExpense": "None", "netIncomeFromContinuingOperations": "235000000", "comprehensiveIncomeNetOfTax": "None", "ebit": "104000000", "ebitda": "239000000", "netIncome": "90000000"}, {"fiscalDateEnding": "2016-03-31", "reportedCurrency": "USD", "grossProfit": "807000000", "totalRevenue": "1891000000", "costOfRevenue": "1084000000", "costofGoodsAndServicesSold": "1084000000", "operatingIncome": "32000000", "sellingGeneralAndAdministrative": "649000000", "researchAndDevelopment": "0", "operatingExpenses": "1859000000", "investmentIncomeNet": "None", "netInterestIncome": "None", "interestIncome": "None", "interestExpense": "11000000", "nonInterestIncome": "None", "otherNonOperatingIncome": "35000000", "depreciation": "None", "depreciationAndAmortization": "126000000", "incomeBeforeTax": "-226000000", "incomeTaxExpense": "-98000000", "interestAndDebtExpense": "None", "netIncomeFromContinuingOperations": "-128000000", "comprehensiveIncomeNetOfTax": "None", "ebit": "32000000", "ebitda": "158000000", "netIncome": "-149000000"}, {"fiscalDateEnding": "2015-12-31", "reportedCurrency": "USD", "grossProfit": "968000000", "totalRevenue": "2161000000", "costOfRevenue": "1193000000", "costofGoodsAndServicesSold": "1193000000", "operatingIncome": "157000000", "sellingGeneralAndAdministrative": "688000000", "researchAndDevelopment": "0", "operatingExpenses": "2004000000", "investmentIncomeNet": "None", "netInterestIncome": "None", "interestIncome": "None", "interestExpense": "11000000", "nonInterestIncome": "None", "otherNonOperatingIncome": "9000000", "depreciation": "None", "depreciationAndAmortization": "123000000", "incomeBeforeTax": "155000000", "incomeTaxExpense": "49000000", "interestAndDebtExpense": "None", "netIncomeFromContinuingOperations": "106000000", "comprehensiveIncomeNetOfTax": "None", "ebit": "157000000", "ebitda": "280000000", "netIncome": "63000000"}, {"fiscalDateEnding": "2015-09-30", "reportedCurrency": "USD", "grossProfit": "815000000", "totalRevenue": "2014000000", "costOfRevenue": "1199000000", "costofGoodsAndServicesSold": "1199000000", "operatingIncome": "44000000", "sellingGeneralAndAdministrative": "650000000", "researchAndDevelopment": "0", "operatingExpenses": "1970000000", "investmentIncomeNet": "None", "netInterestIncome": "None", "interestIncome": "None", "interestExpense": "12000000", "nonInterestIncome": "None", "otherNonOperatingIncome": "13000000", "depreciation": "None", "depreciationAndAmortization": "121000000", "incomeBeforeTax": "52000000", "incomeTaxExpense": "-91000000", "interestAndDebtExpense": "None", "netIncomeFromContinuingOperations": "143000000", "comprehensiveIncomeNetOfTax": "None", "ebit": "44000000", "ebitda": "165000000", "netIncome": "175000000"}, {"fiscalDateEnding": "2015-06-30", "reportedCurrency": "USD", "grossProfit": "926000000", "totalRevenue": "2141000000", "costOfRevenue": "1215000000", "costofGoodsAndServicesSold": "1215000000", "operatingIncome": "59000000", "sellingGeneralAndAdministrative": "721000000", "researchAndDevelopment": "0", "operatingExpenses": "2082000000", "investmentIncomeNet": "None", "netInterestIncome": "None", "interestIncome": "None", "interestExpense": "14000000", "nonInterestIncome": "None", "otherNonOperatingIncome": "None", "depreciation": "None", "depreciationAndAmortization": "132000000", "incomeBeforeTax": "-336000000", "incomeTaxExpense": "27000000", "interestAndDebtExpense": "None", "netIncomeFromContinuingOperations": "367000000", "comprehensiveIncomeNetOfTax": "None", "ebit": "59000000", "ebitda": "191000000", "netIncome": "-378000000"}, {"fiscalDateEnding": "2015-03-31", "reportedCurrency": "USD", "grossProfit": "858000000", "totalRevenue": "2062000000", "costOfRevenue": "1204000000", "costofGoodsAndServicesSold": "1204000000", "operatingIncome": "31000000", "sellingGeneralAndAdministrative": "683000000", "researchAndDevelopment": "0", "operatingExpenses": "2031000000", "investmentIncomeNet": "None", "netInterestIncome": "None", "interestIncome": "None", "interestExpense": "12000000", "nonInterestIncome": "None", "otherNonOperatingIncome": "19000000", "depreciation": "None", "depreciationAndAmortization": "132000000", "incomeBeforeTax": "52000000", "incomeTaxExpense": "18000000", "interestAndDebtExpense": "None", "netIncomeFromContinuingOperations": "34000000", "comprehensiveIncomeNetOfTax": "None", "ebit": "52000000", "ebitda": "184000000", "netIncome": "23000000"}, {"fiscalDateEnding": "2014-12-31", "reportedCurrency": "USD", "grossProfit": "1029000000", "totalRevenue": "2280000000", "costOfRevenue": "1251000000", "costofGoodsAndServicesSold": "1251000000", "operatingIncome": "193000000", "sellingGeneralAndAdministrative": "686000000", "researchAndDevelopment": "0", "operatingExpenses": "2087000000", "investmentIncomeNet": "None", "netInterestIncome": "None", "interestIncome": "None", "interestExpense": "13000000", "nonInterestIncome": "None", "otherNonOperatingIncome": "None", "depreciation": "None", "depreciationAndAmortization": "135000000", "incomeBeforeTax": "215000000", "incomeTaxExpense": "52000000", "interestAndDebtExpense": "None", "netIncomeFromContinuingOperations": "0", "comprehensiveIncomeNetOfTax": "None", "ebit": "217000000", "ebitda": "352000000", "netIncome": "143000000"}, {"fiscalDateEnding": "2014-09-30", "reportedCurrency": "USD", "grossProfit": "868000000", "totalRevenue": "2150000000", "costOfRevenue": "1282000000", "costofGoodsAndServicesSold": "1282000000", "operatingIncome": "39000000", "sellingGeneralAndAdministrative": "666000000", "researchAndDevelopment": "0", "operatingExpenses": "2111000000", "investmentIncomeNet": "None", "netInterestIncome": "None", "interestIncome": "None", "interestExpense": "17000000", "nonInterestIncome": "None", "otherNonOperatingIncome": "73000000", "depreciation": "None", "depreciationAndAmortization": "131000000", "incomeBeforeTax": "125000000", "incomeTaxExpense": "37000000", "interestAndDebtExpense": "None", "netIncomeFromContinuingOperations": "88000000", "comprehensiveIncomeNetOfTax": "None", "ebit": "63000000", "ebitda": "194000000", "netIncome": "65000000"}, {"fiscalDateEnding": "2014-06-30", "reportedCurrency": "USD", "grossProfit": "875000000", "totalRevenue": "2186000000", "costOfRevenue": "1311000000", "costofGoodsAndServicesSold": "1311000000", "operatingIncome": "-30000000", "sellingGeneralAndAdministrative": "748000000", "researchAndDevelopment": "0", "operatingExpenses": "2216000000", "investmentIncomeNet": "None", "netInterestIncome": "None", "interestIncome": "None", "interestExpense": "18000000", "nonInterestIncome": "None", "otherNonOperatingIncome": "57000000", "depreciation": "None", "depreciationAndAmortization": "157000000", "incomeBeforeTax": "24000000", "incomeTaxExpense": "-5000000", "interestAndDebtExpense": "None", "netIncomeFromContinuingOperations": "29000000", "comprehensiveIncomeNetOfTax": "None", "ebit": "-30000000", "ebitda": "127000000", "netIncome": "13000000"}, {"fiscalDateEnding": "2014-03-31", "reportedCurrency": "USD", "grossProfit": "819000000", "totalRevenue": "2078000000", "costOfRevenue": "1259000000", "costofGoodsAndServicesSold": "1259000000", "operatingIncome": "33000000", "sellingGeneralAndAdministrative": "644000000", "researchAndDevelopment": "0", "operatingExpenses": "2045000000", "investmentIncomeNet": "None", "netInterestIncome": "None", "interestIncome": "None", "interestExpense": "17000000", "nonInterestIncome": "None", "otherNonOperatingIncome": "22000000", "depreciation": "None", "depreciationAndAmortization": "142000000", "incomeBeforeTax": "62000000", "incomeTaxExpense": "1000000", "interestAndDebtExpense": "None", "netIncomeFromContinuingOperations": "61000000", "comprehensiveIncomeNetOfTax": "None", "ebit": "33000000", "ebitda": "175000000", "netIncome": "48000000"}, {"fiscalDateEnding": "2013-12-31", "reportedCurrency": "USD", "grossProfit": "964000000", "totalRevenue": "2238000000", "costOfRevenue": "1274000000", "costofGoodsAndServicesSold": "1274000000", "operatingIncome": "-49000000", "sellingGeneralAndAdministrative": "637000000", "researchAndDevelopment": "0", "operatingExpenses": "2049000000", "investmentIncomeNet": "None", "netInterestIncome": "None", "interestIncome": "None", "interestExpense": "16000000", "nonInterestIncome": "None", "otherNonOperatingIncome": "-214000000", "depreciation": "None", "depreciationAndAmortization": "138000000", "incomeBeforeTax": "-45000000", "incomeTaxExpense": "-211000000", "interestAndDebtExpense": "None", "netIncomeFromContinuingOperations": "166000000", "comprehensiveIncomeNetOfTax": "None", "ebit": "-49000000", "ebitda": "89000000", "netIncome": "151000000"}, {"fiscalDateEnding": "2013-09-30", "reportedCurrency": "USD", "grossProfit": "777000000", "totalRevenue": "2072000000", "costOfRevenue": "1295000000", "costofGoodsAndServicesSold": "1295000000", "operatingIncome": "-483000000", "sellingGeneralAndAdministrative": "636000000", "researchAndDevelopment": "0", "operatingExpenses": "2072000000", "investmentIncomeNet": "None", "netInterestIncome": "None", "interestIncome": "None", "interestExpense": "17000000", "nonInterestIncome": "None", "otherNonOperatingIncome": "-428000000", "depreciation": "None", "depreciationAndAmortization": "141000000", "incomeBeforeTax": "-438000000", "incomeTaxExpense": "-476000000", "interestAndDebtExpense": "None", "netIncomeFromContinuingOperations": "38000000", "comprehensiveIncomeNetOfTax": "None", "ebit": "-720000000", "ebitda": "-579000000", "netIncome": "27000000"}, {"fiscalDateEnding": "2013-06-30", "reportedCurrency": "USD", "grossProfit": "877000000", "totalRevenue": "2257000000", "costOfRevenue": "1380000000", "costofGoodsAndServicesSold": "1380000000", "operatingIncome": "-20000000", "sellingGeneralAndAdministrative": "747000000", "researchAndDevelopment": "0", "operatingExpenses": "2277000000", "investmentIncomeNet": "None", "netInterestIncome": "None", "interestIncome": "None", "interestExpense": "23000000", "nonInterestIncome": "None", "otherNonOperatingIncome": "None", "depreciation": "None", "depreciationAndAmortization": "150000000", "incomeBeforeTax": "-1460000000", "incomeTaxExpense": "-347000000", "interestAndDebtExpense": "None", "netIncomeFromContinuingOperations": "0", "comprehensiveIncomeNetOfTax": "None", "ebit": "-20000000", "ebitda": "130000000", "netIncome": "-1124000000"}, {"fiscalDateEnding": "2013-03-31", "reportedCurrency": "USD", "grossProfit": "826000000", "totalRevenue": "2180000000", "costOfRevenue": "1354000000", "costofGoodsAndServicesSold": "1354000000", "operatingIncome": "25000000", "sellingGeneralAndAdministrative": "657000000", "researchAndDevelopment": "0", "operatingExpenses": "2155000000", "investmentIncomeNet": "None", "netInterestIncome": "None", "interestIncome": "None", "interestExpense": "25000000", "nonInterestIncome": "None", "otherNonOperatingIncome": "None", "depreciation": "None", "depreciationAndAmortization": "144000000", "incomeBeforeTax": "337000000", "incomeTaxExpense": "5000000", "interestAndDebtExpense": "None", "netIncomeFromContinuingOperations": "0", "comprehensiveIncomeNetOfTax": "None", "ebit": "59000000", "ebitda": "203000000", "netIncome": "323000000"}, {"fiscalDateEnding": "2012-12-31", "reportedCurrency": "USD", "grossProfit": "969000000", "totalRevenue": "2321000000", "costOfRevenue": "1352000000", "costofGoodsAndServicesSold": "1352000000", "operatingIncome": "171000000", "sellingGeneralAndAdministrative": "669000000", "researchAndDevelopment": "0", "operatingExpenses": "2150000000", "investmentIncomeNet": "None", "netInterestIncome": "None", "interestIncome": "None", "interestExpense": "18000000", "nonInterestIncome": "None", "otherNonOperatingIncome": "None", "depreciation": "None", "depreciationAndAmortization": "129000000", "incomeBeforeTax": "1407000000", "incomeTaxExpense": "-4000000", "interestAndDebtExpense": "None", "netIncomeFromContinuingOperations": "0", "comprehensiveIncomeNetOfTax": "None", "ebit": "220000000", "ebitda": "349000000", "netIncome": "1399000000"}, {"fiscalDateEnding": "2012-09-30", "reportedCurrency": "USD", "grossProfit": "799000000", "totalRevenue": "2133000000", "costOfRevenue": "1334000000", "costofGoodsAndServicesSold": "1334000000", "operatingIncome": "-36000000", "sellingGeneralAndAdministrative": "710000000", "researchAndDevelopment": "0", "operatingExpenses": "835000000", "investmentIncomeNet": "None", "netInterestIncome": "None", "interestIncome": "None", "interestExpense": "0", "nonInterestIncome": "None", "otherNonOperatingIncome": "None", "depreciation": "None", "depreciationAndAmortization": "125000000", "incomeBeforeTax": "-111000000", "incomeTaxExpense": "-28000000", "interestAndDebtExpense": "None", "netIncomeFromContinuingOperations": "0", "comprehensiveIncomeNetOfTax": "None", "ebit": "-36000000", "ebitda": "89000000", "netIncome": "-92000000"}, {"fiscalDateEnding": "2012-06-30", "reportedCurrency": "USD", "grossProfit": "2134000000", "totalRevenue": "2134000000", "costOfRevenue": "5122000000", "costofGoodsAndServicesSold": "5122000000", "operatingIncome": "55000000", "sellingGeneralAndAdministrative": "2750000000", "researchAndDevelopment": "0", "operatingExpenses": "2079000000", "investmentIncomeNet": "None", "netInterestIncome": "None", "interestIncome": "None", "interestExpense": "17000000", "nonInterestIncome": "None", "otherNonOperatingIncome": "None", "depreciation": "None", "depreciationAndAmortization": "125000000", "incomeBeforeTax": "-2625000000", "incomeTaxExpense": "-418000000", "interestAndDebtExpense": "None", "netIncomeFromContinuingOperations": "0", "comprehensiveIncomeNetOfTax": "None", "ebit": "55000000", "ebitda": "180000000", "netIncome": "-2218000000"}, {"fiscalDateEnding": "2012-03-31", "reportedCurrency": "USD", "grossProfit": "2130000000", "totalRevenue": "2130000000", "costOfRevenue": "0", "costofGoodsAndServicesSold": "0", "operatingIncome": "44000000", "sellingGeneralAndAdministrative": "0", "researchAndDevelopment": "0", "operatingExpenses": "2086000000", "investmentIncomeNet": "None", "netInterestIncome": "None", "interestIncome": "None", "interestExpense": "9000000", "nonInterestIncome": "None", "otherNonOperatingIncome": "None", "depreciation": "None", "depreciationAndAmortization": "119000000", "incomeBeforeTax": "58000000", "incomeTaxExpense": "19000000", "interestAndDebtExpense": "None", "netIncomeFromContinuingOperations": "0", "comprehensiveIncomeNetOfTax": "None", "ebit": "44000000", "ebitda": "163000000", "netIncome": "32000000"}, {"fiscalDateEnding": "2011-12-31", "reportedCurrency": "USD", "grossProfit": "2225000000", "totalRevenue": "2225000000", "costOfRevenue": "0", "costofGoodsAndServicesSold": "0", "operatingIncome": "117000000", "sellingGeneralAndAdministrative": "0", "researchAndDevelopment": "0", "operatingExpenses": "3407000000", "investmentIncomeNet": "None", "netInterestIncome": "None", "interestIncome": "None", "interestExpense": "0", "nonInterestIncome": "None", "otherNonOperatingIncome": "None", "depreciation": "None", "depreciationAndAmortization": "119000000", "incomeBeforeTax": "124000000", "incomeTaxExpense": "41000000", "interestAndDebtExpense": "None", "netIncomeFromContinuingOperations": "0", "comprehensiveIncomeNetOfTax": "None", "ebit": "117000000", "ebitda": "236000000", "netIncome": "73000000"}, {"fiscalDateEnding": "2011-09-30", "reportedCurrency": "USD", "grossProfit": "866000000", "totalRevenue": "2165000000", "costOfRevenue": "1299000000", "costofGoodsAndServicesSold": "1299000000", "operatingIncome": "83000000", "sellingGeneralAndAdministrative": "0", "researchAndDevelopment": "0", "operatingExpenses": "783000000", "investmentIncomeNet": "None", "netInterestIncome": "None", "interestIncome": "None", "interestExpense": "0", "nonInterestIncome": "None", "otherNonOperatingIncome": "None", "depreciation": "None", "depreciationAndAmortization": "120000000", "incomeBeforeTax": "66000000", "incomeTaxExpense": "21000000", "interestAndDebtExpense": "None", "netIncomeFromContinuingOperations": "0", "comprehensiveIncomeNetOfTax": "None", "ebit": "83000000", "ebitda": "203000000", "netIncome": "38000000"}, {"fiscalDateEnding": "2011-06-30", "reportedCurrency": "USD", "grossProfit": "3861000000", "totalRevenue": "9095000000", "costOfRevenue": "5234000000", "costofGoodsAndServicesSold": "5234000000", "operatingIncome": "908000000", "sellingGeneralAndAdministrative": "2523000000", "researchAndDevelopment": "0", "operatingExpenses": "0", "investmentIncomeNet": "None", "netInterestIncome": "None", "interestIncome": "None", "interestExpense": "0", "nonInterestIncome": "None", "otherNonOperatingIncome": "None", "depreciation": "None", "depreciationAndAmortization": "None", "incomeBeforeTax": "961000000", "incomeTaxExpense": "257000000", "interestAndDebtExpense": "None", "netIncomeFromContinuingOperations": "0", "comprehensiveIncomeNetOfTax": "None", "ebit": "0", "ebitda": "None", "netIncome": "678000000"}]}