{"symbol": "L", "annualReports": [{"fiscalDateEnding": "2024-12-31", "reportedCurrency": "USD", "grossProfit": "14600000000", "totalRevenue": "17239000000", "costOfRevenue": "2639000000", "costofGoodsAndServicesSold": "2639000000", "operatingIncome": "1874000000", "sellingGeneralAndAdministrative": "None", "researchAndDevelopment": "None", "operatingExpenses": "15365000000", "investmentIncomeNet": "None", "netInterestIncome": "-441000000", "interestIncome": "None", "interestExpense": "441000000", "nonInterestIncome": "None", "otherNonOperatingIncome": "None", "depreciation": "None", "depreciationAndAmortization": "583000000", "incomeBeforeTax": "1874000000", "incomeTaxExpense": "380000000", "interestAndDebtExpense": "None", "netIncomeFromContinuingOperations": "1494000000", "comprehensiveIncomeNetOfTax": "None", "ebit": "2315000000", "ebitda": "2898000000", "netIncome": "1414000000"}, {"fiscalDateEnding": "2023-12-31", "reportedCurrency": "USD", "grossProfit": "15678000000", "totalRevenue": "15678000000", "costOfRevenue": "None", "costofGoodsAndServicesSold": "None", "operatingIncome": "2206000000", "sellingGeneralAndAdministrative": "None", "researchAndDevelopment": "None", "operatingExpenses": "13682000000", "investmentIncomeNet": "None", "netInterestIncome": "-376000000", "interestIncome": "None", "interestExpense": "376000000", "nonInterestIncome": "None", "otherNonOperatingIncome": "None", "depreciation": "None", "depreciationAndAmortization": "1737000000", "incomeBeforeTax": "1996000000", "incomeTaxExpense": "451000000", "interestAndDebtExpense": "None", "netIncomeFromContinuingOperations": "1545000000", "comprehensiveIncomeNetOfTax": "None", "ebit": "2252000000", "ebitda": "3989000000", "netIncome": "1434000000"}, {"fiscalDateEnding": "2022-12-31", "reportedCurrency": "USD", "grossProfit": "14044000000", "totalRevenue": "14044000000", "costOfRevenue": "None", "costofGoodsAndServicesSold": "None", "operatingIncome": "1114000000", "sellingGeneralAndAdministrative": "None", "researchAndDevelopment": "None", "operatingExpenses": "12936000000", "investmentIncomeNet": "None", "netInterestIncome": "-378000000", "interestIncome": "355000000", "interestExpense": "378000000", "nonInterestIncome": "None", "otherNonOperatingIncome": "None", "depreciation": "None", "depreciationAndAmortization": "509000000", "incomeBeforeTax": "1114000000", "incomeTaxExpense": "223000000", "interestAndDebtExpense": "None", "netIncomeFromContinuingOperations": "1103000000", "comprehensiveIncomeNetOfTax": "None", "ebit": "1492000000", "ebitda": "2001000000", "netIncome": "822000000"}, {"fiscalDateEnding": "2021-12-31", "reportedCurrency": "USD", "grossProfit": "14117000000", "totalRevenue": "13727000000", "costOfRevenue": "-390000000", "costofGoodsAndServicesSold": "-390000000", "operatingIncome": "2160000000", "sellingGeneralAndAdministrative": "None", "researchAndDevelopment": "None", "operatingExpenses": "11567000000", "investmentIncomeNet": "None", "netInterestIncome": "-424000000", "interestIncome": "428000000", "interestExpense": "424000000", "nonInterestIncome": "None", "otherNonOperatingIncome": "None", "depreciation": "None", "depreciationAndAmortization": "1606000000", "incomeBeforeTax": "2160000000", "incomeTaxExpense": "475000000", "interestAndDebtExpense": "None", "netIncomeFromContinuingOperations": "2661000000", "comprehensiveIncomeNetOfTax": "None", "ebit": "1493000000", "ebitda": "3099000000", "netIncome": "1562000000"}, {"fiscalDateEnding": "2020-12-31", "reportedCurrency": "USD", "grossProfit": "13794000000", "totalRevenue": "13794000000", "costOfRevenue": "None", "costofGoodsAndServicesSold": "None", "operatingIncome": "-5289000000", "sellingGeneralAndAdministrative": "None", "researchAndDevelopment": "None", "operatingExpenses": "13667000000", "investmentIncomeNet": "None", "netInterestIncome": "-515000000", "interestIncome": "515000000", "interestExpense": "515000000", "nonInterestIncome": "None", "otherNonOperatingIncome": "None", "depreciation": "None", "depreciationAndAmortization": "734000000", "incomeBeforeTax": "-1464000000", "incomeTaxExpense": "-173000000", "interestAndDebtExpense": "None", "netIncomeFromContinuingOperations": "-1291000000", "comprehensiveIncomeNetOfTax": "None", "ebit": "-949000000", "ebitda": "-215000000", "netIncome": "-931000000"}, {"fiscalDateEnding": "2019-12-31", "reportedCurrency": "USD", "grossProfit": "14931000000", "totalRevenue": "14931000000", "costOfRevenue": "8271000000", "costofGoodsAndServicesSold": "8271000000", "operatingIncome": "10080000000", "sellingGeneralAndAdministrative": "4851000000", "researchAndDevelopment": "None", "operatingExpenses": "4851000000", "investmentIncomeNet": "None", "netInterestIncome": "-591000000", "interestIncome": "591000000", "interestExpense": "591000000", "nonInterestIncome": "None", "otherNonOperatingIncome": "None", "depreciation": "None", "depreciationAndAmortization": "1687000000", "incomeBeforeTax": "1119000000", "incomeTaxExpense": "248000000", "interestAndDebtExpense": "None", "netIncomeFromContinuingOperations": "871000000", "comprehensiveIncomeNetOfTax": "None", "ebit": "1710000000", "ebitda": "3397000000", "netIncome": "932000000"}, {"fiscalDateEnding": "2018-12-31", "reportedCurrency": "USD", "grossProfit": "14066000000", "totalRevenue": "14066000000", "costOfRevenue": "7830000000", "costofGoodsAndServicesSold": "7830000000", "operatingIncome": "1338000000", "sellingGeneralAndAdministrative": "4806000000", "researchAndDevelopment": "0", "operatingExpenses": "14044000000", "investmentIncomeNet": "None", "netInterestIncome": "-574000000", "interestIncome": "574000000", "interestExpense": "574000000", "nonInterestIncome": "None", "otherNonOperatingIncome": "None", "depreciation": "None", "depreciationAndAmortization": "1656000000", "incomeBeforeTax": "834000000", "incomeTaxExpense": "128000000", "interestAndDebtExpense": "None", "netIncomeFromContinuingOperations": "706000000", "comprehensiveIncomeNetOfTax": "None", "ebit": "1408000000", "ebitda": "3064000000", "netIncome": "636000000"}, {"fiscalDateEnding": "2017-12-31", "reportedCurrency": "USD", "grossProfit": "13735000000", "totalRevenue": "13735000000", "costOfRevenue": "6842000000", "costofGoodsAndServicesSold": "6842000000", "operatingIncome": "1980000000", "sellingGeneralAndAdministrative": "4665000000", "researchAndDevelopment": "0", "operatingExpenses": "13735000000", "investmentIncomeNet": "None", "netInterestIncome": "-646000000", "interestIncome": "646000000", "interestExpense": "646000000", "nonInterestIncome": "None", "otherNonOperatingIncome": "None", "depreciation": "None", "depreciationAndAmortization": "874000000", "incomeBeforeTax": "1582000000", "incomeTaxExpense": "170000000", "interestAndDebtExpense": "None", "netIncomeFromContinuingOperations": "1412000000", "comprehensiveIncomeNetOfTax": "None", "ebit": "2228000000", "ebitda": "3102000000", "netIncome": "1164000000"}, {"fiscalDateEnding": "2016-12-31", "reportedCurrency": "USD", "grossProfit": "13105000000", "totalRevenue": "13105000000", "costOfRevenue": "6789000000", "costofGoodsAndServicesSold": "6789000000", "operatingIncome": "8941000000", "sellingGeneralAndAdministrative": "4164000000", "researchAndDevelopment": "0", "operatingExpenses": "13105000000", "investmentIncomeNet": "None", "netInterestIncome": "-536000000", "interestIncome": "536000000", "interestExpense": "536000000", "nonInterestIncome": "None", "otherNonOperatingIncome": "None", "depreciation": "None", "depreciationAndAmortization": "841000000", "incomeBeforeTax": "936000000", "incomeTaxExpense": "220000000", "interestAndDebtExpense": "None", "netIncomeFromContinuingOperations": "716000000", "comprehensiveIncomeNetOfTax": "None", "ebit": "1472000000", "ebitda": "2313000000", "netIncome": "654000000"}, {"fiscalDateEnding": "2015-12-31", "reportedCurrency": "USD", "grossProfit": "13415000000", "totalRevenue": "13415000000", "costOfRevenue": "8152000000", "costofGoodsAndServicesSold": "8152000000", "operatingIncome": "737000000", "sellingGeneralAndAdministrative": "4164000000", "researchAndDevelopment": "0", "operatingExpenses": "13415000000", "investmentIncomeNet": "None", "netInterestIncome": "None", "interestIncome": "520000000", "interestExpense": "520000000", "nonInterestIncome": "None", "otherNonOperatingIncome": "None", "depreciation": "None", "depreciationAndAmortization": "955000000", "incomeBeforeTax": "244000000", "incomeTaxExpense": "-43000000", "interestAndDebtExpense": "None", "netIncomeFromContinuingOperations": "287000000", "comprehensiveIncomeNetOfTax": "None", "ebit": "764000000", "ebitda": "1719000000", "netIncome": "260000000"}, {"fiscalDateEnding": "2014-12-31", "reportedCurrency": "USD", "grossProfit": "14325000000", "totalRevenue": "14325000000", "costOfRevenue": "11096000000", "costofGoodsAndServicesSold": "11096000000", "operatingIncome": "14325000000", "sellingGeneralAndAdministrative": "0", "researchAndDevelopment": "0", "operatingExpenses": "12017000000", "investmentIncomeNet": "None", "netInterestIncome": "None", "interestIncome": "None", "interestExpense": "498000000", "nonInterestIncome": "None", "otherNonOperatingIncome": "None", "depreciation": "None", "depreciationAndAmortization": "899000000", "incomeBeforeTax": "1810000000", "incomeTaxExpense": "457000000", "interestAndDebtExpense": "None", "netIncomeFromContinuingOperations": "1353000000", "comprehensiveIncomeNetOfTax": "None", "ebit": "2308000000", "ebitda": "3207000000", "netIncome": "591000000"}, {"fiscalDateEnding": "2013-12-31", "reportedCurrency": "USD", "grossProfit": "15053000000", "totalRevenue": "14613000000", "costOfRevenue": "-440000000", "costofGoodsAndServicesSold": "-440000000", "operatingIncome": "-927000000", "sellingGeneralAndAdministrative": "0", "researchAndDevelopment": "0", "operatingExpenses": "14613000000", "investmentIncomeNet": "None", "netInterestIncome": "None", "interestIncome": "None", "interestExpense": "425000000", "nonInterestIncome": "None", "otherNonOperatingIncome": "None", "depreciation": "None", "depreciationAndAmortization": "871000000", "incomeBeforeTax": "2277000000", "incomeTaxExpense": "656000000", "interestAndDebtExpense": "None", "netIncomeFromContinuingOperations": "1789000000", "comprehensiveIncomeNetOfTax": "None", "ebit": "1775000000", "ebitda": "2646000000", "netIncome": "595000000"}, {"fiscalDateEnding": "2012-12-31", "reportedCurrency": "USD", "grossProfit": "14552000000", "totalRevenue": "14552000000", "costOfRevenue": "-5896000000", "costofGoodsAndServicesSold": "-5896000000", "operatingIncome": "2410000000", "sellingGeneralAndAdministrative": "4006000000", "researchAndDevelopment": "0", "operatingExpenses": "14072000000", "investmentIncomeNet": "None", "netInterestIncome": "None", "interestIncome": "None", "interestExpense": "440000000", "nonInterestIncome": "None", "otherNonOperatingIncome": "None", "depreciation": "None", "depreciationAndAmortization": "905000000", "incomeBeforeTax": "2022000000", "incomeTaxExpense": "513000000", "interestAndDebtExpense": "None", "netIncomeFromContinuingOperations": "1110000000", "comprehensiveIncomeNetOfTax": "None", "ebit": "1839000000", "ebitda": "2744000000", "netIncome": "568000000"}, {"fiscalDateEnding": "2011-12-31", "reportedCurrency": "USD", "grossProfit": "14127000000", "totalRevenue": "14127000000", "costOfRevenue": "10511000000", "costofGoodsAndServicesSold": "10511000000", "operatingIncome": "2122000000", "sellingGeneralAndAdministrative": "0", "researchAndDevelopment": "0", "operatingExpenses": "14129000000", "investmentIncomeNet": "None", "netInterestIncome": "None", "interestIncome": "None", "interestExpense": "522000000", "nonInterestIncome": "None", "otherNonOperatingIncome": "None", "depreciation": "None", "depreciationAndAmortization": "833000000", "incomeBeforeTax": "2226000000", "incomeTaxExpense": "532000000", "interestAndDebtExpense": "None", "netIncomeFromContinuingOperations": "1696000000", "comprehensiveIncomeNetOfTax": "None", "ebit": "2748000000", "ebitda": "3581000000", "netIncome": "1062000000"}, {"fiscalDateEnding": "2010-12-31", "reportedCurrency": "USD", "grossProfit": "14615000000", "totalRevenue": "14615000000", "costOfRevenue": "10380000000", "costofGoodsAndServicesSold": "10380000000", "operatingIncome": "3419000000", "sellingGeneralAndAdministrative": "0", "researchAndDevelopment": "0", "operatingExpenses": "14615000000", "investmentIncomeNet": "None", "netInterestIncome": "None", "interestIncome": "None", "interestExpense": "517000000", "nonInterestIncome": "None", "otherNonOperatingIncome": "None", "depreciation": "None", "depreciationAndAmortization": "816000000", "incomeBeforeTax": "2902000000", "incomeTaxExpense": "894000000", "interestAndDebtExpense": "None", "netIncomeFromContinuingOperations": "2007000000", "comprehensiveIncomeNetOfTax": "None", "ebit": "3419000000", "ebitda": "4235000000", "netIncome": "1289000000"}, {"fiscalDateEnding": "2009-12-31", "reportedCurrency": "USD", "grossProfit": "14117000000", "totalRevenue": "15145000000", "costOfRevenue": "1028000000", "costofGoodsAndServicesSold": "1028000000", "operatingIncome": "1357000000", "sellingGeneralAndAdministrative": "0", "researchAndDevelopment": "0", "operatingExpenses": "14117000000", "investmentIncomeNet": "None", "netInterestIncome": "None", "interestIncome": "None", "interestExpense": "448000000", "nonInterestIncome": "None", "otherNonOperatingIncome": "None", "depreciation": "None", "depreciationAndAmortization": "784000000", "incomeBeforeTax": "1730000000", "incomeTaxExpense": "345000000", "interestAndDebtExpense": "None", "netIncomeFromContinuingOperations": "1385000000", "comprehensiveIncomeNetOfTax": "None", "ebit": "2178000000", "ebitda": "2962000000", "netIncome": "564000000"}, {"fiscalDateEnding": "2008-12-31", "reportedCurrency": "USD", "grossProfit": "13247000000", "totalRevenue": "13247000000", "costOfRevenue": "11141000000", "costofGoodsAndServicesSold": "11141000000", "operatingIncome": "4882000000", "sellingGeneralAndAdministrative": "None", "researchAndDevelopment": "None", "operatingExpenses": "13247000000", "investmentIncomeNet": "None", "netInterestIncome": "None", "interestIncome": "None", "interestExpense": "345000000", "nonInterestIncome": "None", "otherNonOperatingIncome": "None", "depreciation": "None", "depreciationAndAmortization": "692000000", "incomeBeforeTax": "587000000", "incomeTaxExpense": "7000000", "interestAndDebtExpense": "None", "netIncomeFromContinuingOperations": "None", "comprehensiveIncomeNetOfTax": "None", "ebit": "932000000", "ebitda": "1624000000", "netIncome": "4530000000"}, {"fiscalDateEnding": "2007-12-31", "reportedCurrency": "USD", "grossProfit": "18380000000", "totalRevenue": "18380000000", "costOfRevenue": "12288000000", "costofGoodsAndServicesSold": "12288000000", "operatingIncome": "1326000000", "sellingGeneralAndAdministrative": "None", "researchAndDevelopment": "None", "operatingExpenses": "14302000000", "investmentIncomeNet": "None", "netInterestIncome": "None", "interestIncome": "None", "interestExpense": "318000000", "nonInterestIncome": "None", "otherNonOperatingIncome": "None", "depreciation": "None", "depreciationAndAmortization": "511000000", "incomeBeforeTax": "4575000000", "incomeTaxExpense": "1481000000", "interestAndDebtExpense": "None", "netIncomeFromContinuingOperations": "None", "comprehensiveIncomeNetOfTax": "None", "ebit": "4893000000", "ebitda": "5404000000", "netIncome": "2489000000"}, {"fiscalDateEnding": "2006-12-31", "reportedCurrency": "USD", "grossProfit": "17911000000", "totalRevenue": "17911000000", "costOfRevenue": "102000000", "costofGoodsAndServicesSold": "102000000", "operatingIncome": "4613700000", "sellingGeneralAndAdministrative": "None", "researchAndDevelopment": "None", "operatingExpenses": "17911000000", "investmentIncomeNet": "None", "netInterestIncome": "None", "interestIncome": "None", "interestExpense": "304100000", "nonInterestIncome": "None", "otherNonOperatingIncome": "None", "depreciation": "None", "depreciationAndAmortization": "399500000", "incomeBeforeTax": "4472100000", "incomeTaxExpense": "1450700000", "interestAndDebtExpense": "None", "netIncomeFromContinuingOperations": "None", "comprehensiveIncomeNetOfTax": "None", "ebit": "4776200000", "ebitda": "5175700000", "netIncome": "2491300000"}, {"fiscalDateEnding": "2005-12-31", "reportedCurrency": "USD", "grossProfit": "16017800000", "totalRevenue": "16017800000", "costOfRevenue": "12748900000", "costofGoodsAndServicesSold": "12748900000", "operatingIncome": "2066200000", "sellingGeneralAndAdministrative": "None", "researchAndDevelopment": "None", "operatingExpenses": "16017800000", "investmentIncomeNet": "None", "netInterestIncome": "None", "interestIncome": "None", "interestExpense": "364200000", "nonInterestIncome": "None", "otherNonOperatingIncome": "None", "depreciation": "None", "depreciationAndAmortization": "382100000", "incomeBeforeTax": "1846500000", "incomeTaxExpense": "490400000", "interestAndDebtExpense": "None", "netIncomeFromContinuingOperations": "None", "comprehensiveIncomeNetOfTax": "None", "ebit": "2210700000", "ebitda": "2592800000", "netIncome": "1211600000"}], "quarterlyReports": [{"fiscalDateEnding": "2024-12-31", "reportedCurrency": "USD", "grossProfit": "4470000000", "totalRevenue": "4470000000", "costOfRevenue": "None", "costofGoodsAndServicesSold": "None", "operatingIncome": "188000000", "sellingGeneralAndAdministrative": "None", "researchAndDevelopment": "None", "operatingExpenses": "4282000000", "investmentIncomeNet": "None", "netInterestIncome": "-110000000", "interestIncome": "None", "interestExpense": "110000000", "nonInterestIncome": "None", "otherNonOperatingIncome": "None", "depreciation": "None", "depreciationAndAmortization": "None", "incomeBeforeTax": "188000000", "incomeTaxExpense": "-1000000", "interestAndDebtExpense": "None", "netIncomeFromContinuingOperations": "189000000", "comprehensiveIncomeNetOfTax": "None", "ebit": "None", "ebitda": "None", "netIncome": "187000000"}, {"fiscalDateEnding": "2024-09-30", "reportedCurrency": "USD", "grossProfit": "-224000000", "totalRevenue": "706000000", "costOfRevenue": "930000000", "costofGoodsAndServicesSold": "930000000", "operatingIncome": "673000000", "sellingGeneralAndAdministrative": "None", "researchAndDevelopment": "None", "operatingExpenses": "930000000", "investmentIncomeNet": "None", "netInterestIncome": "-114000000", "interestIncome": "None", "interestExpense": "114000000", "nonInterestIncome": "None", "otherNonOperatingIncome": "None", "depreciation": "None", "depreciationAndAmortization": "107000000", "incomeBeforeTax": "550000000", "incomeTaxExpense": "125000000", "interestAndDebtExpense": "None", "netIncomeFromContinuingOperations": "425000000", "comprehensiveIncomeNetOfTax": "None", "ebit": "673000000", "ebitda": "780000000", "netIncome": "401000000"}, {"fiscalDateEnding": "2024-06-30", "reportedCurrency": "USD", "grossProfit": "3299000000", "totalRevenue": "4267000000", "costOfRevenue": "968000000", "costofGoodsAndServicesSold": "968000000", "operatingIncome": "594000000", "sellingGeneralAndAdministrative": "None", "researchAndDevelopment": "None", "operatingExpenses": "3686000000", "investmentIncomeNet": "None", "netInterestIncome": "-114000000", "interestIncome": "None", "interestExpense": "114000000", "nonInterestIncome": "None", "otherNonOperatingIncome": "None", "depreciation": "None", "depreciationAndAmortization": "108000000", "incomeBeforeTax": "507000000", "incomeTaxExpense": "112000000", "interestAndDebtExpense": "None", "netIncomeFromContinuingOperations": "395000000", "comprehensiveIncomeNetOfTax": "None", "ebit": "-221000000", "ebitda": "-113000000", "netIncome": "369000000"}, {"fiscalDateEnding": "2024-03-31", "reportedCurrency": "USD", "grossProfit": "4231000000", "totalRevenue": "4231000000", "costOfRevenue": "None", "costofGoodsAndServicesSold": "None", "operatingIncome": "706000000", "sellingGeneralAndAdministrative": "None", "researchAndDevelopment": "None", "operatingExpenses": "3548000000", "investmentIncomeNet": "None", "netInterestIncome": "-103000000", "interestIncome": "None", "interestExpense": "103000000", "nonInterestIncome": "None", "otherNonOperatingIncome": "None", "depreciation": "None", "depreciationAndAmortization": "106000", "incomeBeforeTax": "629000000", "incomeTaxExpense": "144000000", "interestAndDebtExpense": "None", "netIncomeFromContinuingOperations": "485000000", "comprehensiveIncomeNetOfTax": "None", "ebit": "706000000", "ebitda": "706106000", "netIncome": "457000000"}, {"fiscalDateEnding": "2023-12-31", "reportedCurrency": "USD", "grossProfit": "4192000000", "totalRevenue": "4192000000", "costOfRevenue": "None", "costofGoodsAndServicesSold": "None", "operatingIncome": "613000000", "sellingGeneralAndAdministrative": "None", "researchAndDevelopment": "None", "operatingExpenses": "3579000000", "investmentIncomeNet": "None", "netInterestIncome": "-96000000", "interestIncome": "None", "interestExpense": "96000000", "nonInterestIncome": "None", "otherNonOperatingIncome": "None", "depreciation": "None", "depreciationAndAmortization": "228000000", "incomeBeforeTax": "613000000", "incomeTaxExpense": "136000000", "interestAndDebtExpense": "None", "netIncomeFromContinuingOperations": "477000000", "comprehensiveIncomeNetOfTax": "None", "ebit": "678000000", "ebitda": "906000000", "netIncome": "446000000"}, {"fiscalDateEnding": "2023-09-30", "reportedCurrency": "USD", "grossProfit": "3037000000", "totalRevenue": "3897000000", "costOfRevenue": "860000000", "costofGoodsAndServicesSold": "860000000", "operatingIncome": "173000000", "sellingGeneralAndAdministrative": "None", "researchAndDevelopment": "None", "operatingExpenses": "3897000000", "investmentIncomeNet": "None", "netInterestIncome": "-94000000", "interestIncome": "70000000", "interestExpense": "94000000", "nonInterestIncome": "None", "otherNonOperatingIncome": "None", "depreciation": "None", "depreciationAndAmortization": "103000000", "incomeBeforeTax": "356000000", "incomeTaxExpense": "80000000", "interestAndDebtExpense": "None", "netIncomeFromContinuingOperations": "276000000", "comprehensiveIncomeNetOfTax": "None", "ebit": "70000000", "ebitda": "173000000", "netIncome": "253000000"}, {"fiscalDateEnding": "2023-06-30", "reportedCurrency": "USD", "grossProfit": "-234000000", "totalRevenue": "3934000000", "costOfRevenue": "808000000", "costofGoodsAndServicesSold": "808000000", "operatingIncome": "240000000", "sellingGeneralAndAdministrative": "None", "researchAndDevelopment": "None", "operatingExpenses": "3426000000", "investmentIncomeNet": "None", "netInterestIncome": "-91000000", "interestIncome": "49000000", "interestExpense": "91000000", "nonInterestIncome": "None", "otherNonOperatingIncome": "None", "depreciation": "None", "depreciationAndAmortization": "403000000", "incomeBeforeTax": "508000000", "incomeTaxExpense": "-120000000", "interestAndDebtExpense": "None", "netIncomeFromContinuingOperations": "388000000", "comprehensiveIncomeNetOfTax": "None", "ebit": "240000000", "ebitda": "643000000", "netIncome": "360000000"}, {"fiscalDateEnding": "2023-03-31", "reportedCurrency": "USD", "grossProfit": "3783000000", "totalRevenue": "3783000000", "costOfRevenue": "781000000", "costofGoodsAndServicesSold": "781000000", "operatingIncome": "556000000", "sellingGeneralAndAdministrative": "None", "researchAndDevelopment": "None", "operatingExpenses": "3227000000", "investmentIncomeNet": "None", "netInterestIncome": "-95000000", "interestIncome": "81000000", "interestExpense": "95000000", "nonInterestIncome": "None", "otherNonOperatingIncome": "None", "depreciation": "None", "depreciationAndAmortization": "379000000", "incomeBeforeTax": "519000000", "incomeTaxExpense": "115000000", "interestAndDebtExpense": "None", "netIncomeFromContinuingOperations": "404000000", "comprehensiveIncomeNetOfTax": "None", "ebit": "556000000", "ebitda": "935000000", "netIncome": "375000000"}, {"fiscalDateEnding": "2022-12-31", "reportedCurrency": "USD", "grossProfit": "3793000000", "totalRevenue": "3793000000", "costOfRevenue": "1683000000", "costofGoodsAndServicesSold": "1683000000", "operatingIncome": "452000000", "sellingGeneralAndAdministrative": "None", "researchAndDevelopment": "None", "operatingExpenses": "2362000000", "investmentIncomeNet": "None", "netInterestIncome": "-94000000", "interestIncome": "40000000", "interestExpense": "94000000", "nonInterestIncome": "None", "otherNonOperatingIncome": "None", "depreciation": "None", "depreciationAndAmortization": "389000000", "incomeBeforeTax": "476000000", "incomeTaxExpense": "88000000", "interestAndDebtExpense": "None", "netIncomeFromContinuingOperations": "388000000", "comprehensiveIncomeNetOfTax": "None", "ebit": "452000000", "ebitda": "841000000", "netIncome": "364000000"}, {"fiscalDateEnding": "2022-09-30", "reportedCurrency": "USD", "grossProfit": "1796000000", "totalRevenue": "3461000000", "costOfRevenue": "1665000000", "costofGoodsAndServicesSold": "1665000000", "operatingIncome": "284000000", "sellingGeneralAndAdministrative": "None", "researchAndDevelopment": "None", "operatingExpenses": "3271000000", "investmentIncomeNet": "None", "netInterestIncome": "-92000000", "interestIncome": "94000000", "interestExpense": "92000000", "nonInterestIncome": "None", "otherNonOperatingIncome": "None", "depreciation": "None", "depreciationAndAmortization": "383000000", "incomeBeforeTax": "190000000", "incomeTaxExpense": "47000000", "interestAndDebtExpense": "None", "netIncomeFromContinuingOperations": "143000000", "comprehensiveIncomeNetOfTax": "None", "ebit": "190000000", "ebitda": "573000000", "netIncome": "143000000"}, {"fiscalDateEnding": "2022-06-30", "reportedCurrency": "USD", "grossProfit": "1805000000", "totalRevenue": "3388000000", "costOfRevenue": "766000000", "costofGoodsAndServicesSold": "766000000", "operatingIncome": "253000000", "sellingGeneralAndAdministrative": "None", "researchAndDevelopment": "None", "operatingExpenses": "3135000000", "investmentIncomeNet": "None", "netInterestIncome": "-96000000", "interestIncome": "166000000", "interestExpense": "96000000", "nonInterestIncome": "None", "otherNonOperatingIncome": "None", "depreciation": "None", "depreciationAndAmortization": "374000000", "incomeBeforeTax": "253000000", "incomeTaxExpense": "51000000", "interestAndDebtExpense": "None", "netIncomeFromContinuingOperations": "202000000", "comprehensiveIncomeNetOfTax": "None", "ebit": "253000000", "ebitda": "627000000", "netIncome": "202000000"}, {"fiscalDateEnding": "2022-03-31", "reportedCurrency": "USD", "grossProfit": "1947000000", "totalRevenue": "3402000000", "costOfRevenue": "716000000", "costofGoodsAndServicesSold": "716000000", "operatingIncome": "462000000", "sellingGeneralAndAdministrative": "None", "researchAndDevelopment": "None", "operatingExpenses": "2940000000", "investmentIncomeNet": "None", "netInterestIncome": "-96000000", "interestIncome": "134000000", "interestExpense": "96000000", "nonInterestIncome": "None", "otherNonOperatingIncome": "None", "depreciation": "None", "depreciationAndAmortization": "344000000", "incomeBeforeTax": "462000000", "incomeTaxExpense": "92000000", "interestAndDebtExpense": "None", "netIncomeFromContinuingOperations": "554000000", "comprehensiveIncomeNetOfTax": "None", "ebit": "462000000", "ebitda": "806000000", "netIncome": "370000000"}, {"fiscalDateEnding": "2021-12-31", "reportedCurrency": "USD", "grossProfit": "3571000000", "totalRevenue": "3571000000", "costOfRevenue": "1665000000", "costofGoodsAndServicesSold": "1665000000", "operatingIncome": "2182000000", "sellingGeneralAndAdministrative": "None", "researchAndDevelopment": "None", "operatingExpenses": "1151000000", "investmentIncomeNet": "None", "netInterestIncome": "-100000000", "interestIncome": "121000000", "interestExpense": "100000000", "nonInterestIncome": "None", "otherNonOperatingIncome": "None", "depreciation": "None", "depreciationAndAmortization": "359000000", "incomeBeforeTax": "459000000", "incomeTaxExpense": "88000000", "interestAndDebtExpense": "None", "netIncomeFromContinuingOperations": "1329000000", "comprehensiveIncomeNetOfTax": "None", "ebit": "2182000000", "ebitda": "2541000000", "netIncome": "371000000"}, {"fiscalDateEnding": "2021-09-30", "reportedCurrency": "USD", "grossProfit": "1739000000", "totalRevenue": "3371000000", "costOfRevenue": "1632000000", "costofGoodsAndServicesSold": "1632000000", "operatingIncome": "304000000", "sellingGeneralAndAdministrative": "None", "researchAndDevelopment": "None", "operatingExpenses": "3067000000", "investmentIncomeNet": "None", "netInterestIncome": "-99000000", "interestIncome": "101000000", "interestExpense": "99000000", "nonInterestIncome": "None", "otherNonOperatingIncome": "None", "depreciation": "None", "depreciationAndAmortization": "368000000", "incomeBeforeTax": "304000000", "incomeTaxExpense": "58000000", "interestAndDebtExpense": "None", "netIncomeFromContinuingOperations": "246000000", "comprehensiveIncomeNetOfTax": "None", "ebit": "403000000", "ebitda": "771000000", "netIncome": "246000000"}, {"fiscalDateEnding": "2021-06-30", "reportedCurrency": "USD", "grossProfit": "2457000000", "totalRevenue": "4003000000", "costOfRevenue": "1546000000", "costofGoodsAndServicesSold": "1546000000", "operatingIncome": "1012000000", "sellingGeneralAndAdministrative": "None", "researchAndDevelopment": "None", "operatingExpenses": "2991000000", "investmentIncomeNet": "None", "netInterestIncome": "-100000000", "interestIncome": "83000000", "interestExpense": "100000000", "nonInterestIncome": "None", "otherNonOperatingIncome": "None", "depreciation": "None", "depreciationAndAmortization": "357000000", "incomeBeforeTax": "1012000000", "incomeTaxExpense": "219000000", "interestAndDebtExpense": "None", "netIncomeFromContinuingOperations": "793000000", "comprehensiveIncomeNetOfTax": "None", "ebit": "1112000000", "ebitda": "1469000000", "netIncome": "793000000"}, {"fiscalDateEnding": "2021-03-31", "reportedCurrency": "USD", "grossProfit": "2116000000", "totalRevenue": "3622000000", "costOfRevenue": "1506000000", "costofGoodsAndServicesSold": "1506000000", "operatingIncome": "407000000", "sellingGeneralAndAdministrative": "None", "researchAndDevelopment": "None", "operatingExpenses": "3215000000", "investmentIncomeNet": "None", "netInterestIncome": "-125000000", "interestIncome": "125000000", "interestExpense": "125000000", "nonInterestIncome": "None", "otherNonOperatingIncome": "None", "depreciation": "None", "depreciationAndAmortization": "359000000", "incomeBeforeTax": "407000000", "incomeTaxExpense": "114000000", "interestAndDebtExpense": "None", "netIncomeFromContinuingOperations": "293000000", "comprehensiveIncomeNetOfTax": "None", "ebit": "407000000", "ebitda": "500000000", "netIncome": "293000000"}, {"fiscalDateEnding": "2020-12-31", "reportedCurrency": "USD", "grossProfit": "3709000000", "totalRevenue": "3709000000", "costOfRevenue": "-1110000000", "costofGoodsAndServicesSold": "-1110000000", "operatingIncome": "2776000000", "sellingGeneralAndAdministrative": "None", "researchAndDevelopment": "None", "operatingExpenses": "3608000000", "investmentIncomeNet": "None", "netInterestIncome": "-111000000", "interestIncome": "111000000", "interestExpense": "111000000", "nonInterestIncome": "None", "otherNonOperatingIncome": "None", "depreciation": "None", "depreciationAndAmortization": "-625000000", "incomeBeforeTax": "548000000", "incomeTaxExpense": "111000000", "interestAndDebtExpense": "None", "netIncomeFromContinuingOperations": "437000000", "comprehensiveIncomeNetOfTax": "None", "ebit": "659000000", "ebitda": "34000000", "netIncome": "397000000"}, {"fiscalDateEnding": "2020-09-30", "reportedCurrency": "USD", "grossProfit": "3394000000", "totalRevenue": "3465000000", "costOfRevenue": "876000000", "costofGoodsAndServicesSold": "876000000", "operatingIncome": "183000", "sellingGeneralAndAdministrative": "None", "researchAndDevelopment": "None", "operatingExpenses": "3282000000", "investmentIncomeNet": "None", "netInterestIncome": "-137000000", "interestIncome": "137000000", "interestExpense": "137000000", "nonInterestIncome": "None", "otherNonOperatingIncome": "None", "depreciation": "None", "depreciationAndAmortization": "-330000000", "incomeBeforeTax": "183000000", "incomeTaxExpense": "21000000", "interestAndDebtExpense": "None", "netIncomeFromContinuingOperations": "162000000", "comprehensiveIncomeNetOfTax": "None", "ebit": "183000000", "ebitda": "297000000", "netIncome": "139000000"}, {"fiscalDateEnding": "2020-06-30", "reportedCurrency": "USD", "grossProfit": "3521000000", "totalRevenue": "3521000000", "costOfRevenue": "None", "costofGoodsAndServicesSold": "None", "operatingIncome": "-2289000000", "sellingGeneralAndAdministrative": "None", "researchAndDevelopment": "None", "operatingExpenses": "972000000", "investmentIncomeNet": "None", "netInterestIncome": "-123000000", "interestIncome": "123000000", "interestExpense": "123000000", "nonInterestIncome": "None", "otherNonOperatingIncome": "None", "depreciation": "None", "depreciationAndAmortization": "931000000", "incomeBeforeTax": "-1074000000", "incomeTaxExpense": "-228000000", "interestAndDebtExpense": "None", "netIncomeFromContinuingOperations": "-846000000", "comprehensiveIncomeNetOfTax": "None", "ebit": "-2952000000", "ebitda": "-2021000000", "netIncome": "-835000000"}, {"fiscalDateEnding": "2020-03-31", "reportedCurrency": "USD", "grossProfit": "3099000000", "totalRevenue": "3099000000", "costOfRevenue": "None", "costofGoodsAndServicesSold": "None", "operatingIncome": "-2824000000", "sellingGeneralAndAdministrative": "None", "researchAndDevelopment": "None", "operatingExpenses": "3099000000", "investmentIncomeNet": "None", "netInterestIncome": "-144000000", "interestIncome": "144000000", "interestExpense": "144000000", "nonInterestIncome": "None", "otherNonOperatingIncome": "None", "depreciation": "None", "depreciationAndAmortization": "203000000", "incomeBeforeTax": "-1121000000", "incomeTaxExpense": "-77000000", "interestAndDebtExpense": "None", "netIncomeFromContinuingOperations": "-1044000000", "comprehensiveIncomeNetOfTax": "None", "ebit": "-1180000000", "ebitda": "-977000000", "netIncome": "-632000000"}, {"fiscalDateEnding": "2019-12-31", "reportedCurrency": "USD", "grossProfit": "3876000000", "totalRevenue": "3876000000", "costOfRevenue": "2122000000", "costofGoodsAndServicesSold": "2122000000", "operatingIncome": "2626000000", "sellingGeneralAndAdministrative": "1248000000", "researchAndDevelopment": "None", "operatingExpenses": "3876000000", "investmentIncomeNet": "None", "netInterestIncome": "-142000000", "interestIncome": "142000000", "interestExpense": "142000000", "nonInterestIncome": "None", "otherNonOperatingIncome": "None", "depreciation": "None", "depreciationAndAmortization": "-504000000", "incomeBeforeTax": "276000000", "incomeTaxExpense": "65000000", "interestAndDebtExpense": "None", "netIncomeFromContinuingOperations": "211000000", "comprehensiveIncomeNetOfTax": "None", "ebit": "418000000", "ebitda": "-86000000", "netIncome": "217000000"}, {"fiscalDateEnding": "2019-09-30", "reportedCurrency": "USD", "grossProfit": "3675000000", "totalRevenue": "3675000000", "costOfRevenue": "1234000000", "costofGoodsAndServicesSold": "1234000000", "operatingIncome": "60000000", "sellingGeneralAndAdministrative": "1234000000", "researchAndDevelopment": "None", "operatingExpenses": "3615000000", "investmentIncomeNet": "None", "netInterestIncome": "-144000000", "interestIncome": "144000000", "interestExpense": "144000000", "nonInterestIncome": "None", "otherNonOperatingIncome": "None", "depreciation": "None", "depreciationAndAmortization": "-204000000", "incomeBeforeTax": "60000000", "incomeTaxExpense": "21000000", "interestAndDebtExpense": "None", "netIncomeFromContinuingOperations": "39000000", "comprehensiveIncomeNetOfTax": "None", "ebit": "60000000", "ebitda": "237000000", "netIncome": "72000000"}, {"fiscalDateEnding": "2019-06-30", "reportedCurrency": "USD", "grossProfit": "2392000000", "totalRevenue": "3623000000", "costOfRevenue": "1231000000", "costofGoodsAndServicesSold": "1231000000", "operatingIncome": "439000000", "sellingGeneralAndAdministrative": "1224000000", "researchAndDevelopment": "None", "operatingExpenses": "1223000000", "investmentIncomeNet": "None", "netInterestIncome": "-164000000", "interestIncome": "164000000", "interestExpense": "164000000", "nonInterestIncome": "None", "otherNonOperatingIncome": "None", "depreciation": "None", "depreciationAndAmortization": "-423000000", "incomeBeforeTax": "275000000", "incomeTaxExpense": "50000000", "interestAndDebtExpense": "None", "netIncomeFromContinuingOperations": "225000000", "comprehensiveIncomeNetOfTax": "None", "ebit": "-524000000", "ebitda": "-947000000", "netIncome": "249000000"}, {"fiscalDateEnding": "2019-03-31", "reportedCurrency": "USD", "grossProfit": "3757000000", "totalRevenue": "3757000000", "costOfRevenue": "1959000000", "costofGoodsAndServicesSold": "1959000000", "operatingIncome": "2611000000", "sellingGeneralAndAdministrative": "1146000000", "researchAndDevelopment": "None", "operatingExpenses": "3757000000", "investmentIncomeNet": "None", "netInterestIncome": "-141000000", "interestIncome": "141000000", "interestExpense": "141000000", "nonInterestIncome": "None", "otherNonOperatingIncome": "None", "depreciation": "None", "depreciationAndAmortization": "-652000000", "incomeBeforeTax": "508000000", "incomeTaxExpense": "112000000", "interestAndDebtExpense": "None", "netIncomeFromContinuingOperations": "396000000", "comprehensiveIncomeNetOfTax": "None", "ebit": "649000000", "ebitda": "-3000000", "netIncome": "394000000"}, {"fiscalDateEnding": "2018-12-31", "reportedCurrency": "USD", "grossProfit": "3287000000", "totalRevenue": "3287000000", "costOfRevenue": "2860000000", "costofGoodsAndServicesSold": "2860000000", "operatingIncome": "-1426000000", "sellingGeneralAndAdministrative": "537000000", "researchAndDevelopment": "0", "operatingExpenses": "3287000000", "investmentIncomeNet": "None", "netInterestIncome": "None", "interestIncome": "None", "interestExpense": "144000000", "nonInterestIncome": "None", "otherNonOperatingIncome": "None", "depreciation": "None", "depreciationAndAmortization": "115000000", "incomeBeforeTax": "-232000000", "incomeTaxExpense": "-21000000", "interestAndDebtExpense": "None", "netIncomeFromContinuingOperations": "-211000000", "comprehensiveIncomeNetOfTax": "None", "ebit": "-88000000", "ebitda": "27000000", "netIncome": "-165000000"}, {"fiscalDateEnding": "2018-09-30", "reportedCurrency": "USD", "grossProfit": "2149000000", "totalRevenue": "3608000000", "costOfRevenue": "1459000000", "costofGoodsAndServicesSold": "1459000000", "operatingIncome": "500000000", "sellingGeneralAndAdministrative": "1441000000", "researchAndDevelopment": "0", "operatingExpenses": "1796000000", "investmentIncomeNet": "None", "netInterestIncome": "None", "interestIncome": "None", "interestExpense": "146000000", "nonInterestIncome": "None", "otherNonOperatingIncome": "None", "depreciation": "None", "depreciationAndAmortization": "-522000000", "incomeBeforeTax": "354000000", "incomeTaxExpense": "65000000", "interestAndDebtExpense": "None", "netIncomeFromContinuingOperations": "289000000", "comprehensiveIncomeNetOfTax": "None", "ebit": "-381000000", "ebitda": "-903000000", "netIncome": "278000000"}, {"fiscalDateEnding": "2018-06-30", "reportedCurrency": "USD", "grossProfit": "2136000000", "totalRevenue": "3590000000", "costOfRevenue": "1454000000", "costofGoodsAndServicesSold": "1454000000", "operatingIncome": "450000000", "sellingGeneralAndAdministrative": "1427000000", "researchAndDevelopment": "0", "operatingExpenses": "1813000000", "investmentIncomeNet": "None", "netInterestIncome": "None", "interestIncome": "None", "interestExpense": "143000000", "nonInterestIncome": "None", "otherNonOperatingIncome": "None", "depreciation": "None", "depreciationAndAmortization": "-477000000", "incomeBeforeTax": "307000000", "incomeTaxExpense": "59000000", "interestAndDebtExpense": "None", "netIncomeFromContinuingOperations": "248000000", "comprehensiveIncomeNetOfTax": "None", "ebit": "-461000000", "ebitda": "-938000000", "netIncome": "230000000"}, {"fiscalDateEnding": "2018-03-31", "reportedCurrency": "USD", "grossProfit": "3581000000", "totalRevenue": "3581000000", "costOfRevenue": "3035000000", "costofGoodsAndServicesSold": "3035000000", "operatingIncome": "2397000000", "sellingGeneralAndAdministrative": "1400000000", "researchAndDevelopment": "0", "operatingExpenses": "3581000000", "investmentIncomeNet": "None", "netInterestIncome": "None", "interestIncome": "None", "interestExpense": "141000000", "nonInterestIncome": "None", "otherNonOperatingIncome": "None", "depreciation": "None", "depreciationAndAmortization": "-546000000", "incomeBeforeTax": "405000000", "incomeTaxExpense": "25000000", "interestAndDebtExpense": "None", "netIncomeFromContinuingOperations": "380000000", "comprehensiveIncomeNetOfTax": "None", "ebit": "-417000000", "ebitda": "-963000000", "netIncome": "293000000"}, {"fiscalDateEnding": "2017-12-31", "reportedCurrency": "USD", "grossProfit": "3555000000", "totalRevenue": "3555000000", "costOfRevenue": "2952000000", "costofGoodsAndServicesSold": "2952000000", "operatingIncome": "2494000000", "sellingGeneralAndAdministrative": "4565000000", "researchAndDevelopment": "0", "operatingExpenses": "3555000000", "investmentIncomeNet": "None", "netInterestIncome": "None", "interestIncome": "None", "interestExpense": "142000000", "nonInterestIncome": "None", "otherNonOperatingIncome": "None", "depreciation": "None", "depreciationAndAmortization": "-631000000", "incomeBeforeTax": "461000000", "incomeTaxExpense": "-70000000", "interestAndDebtExpense": "None", "netIncomeFromContinuingOperations": "531000000", "comprehensiveIncomeNetOfTax": "None", "ebit": "603000000", "ebitda": "-28000000", "netIncome": "481000000"}, {"fiscalDateEnding": "2017-09-30", "reportedCurrency": "USD", "grossProfit": "2474000000", "totalRevenue": "3521000000", "costOfRevenue": "1047000000", "costofGoodsAndServicesSold": "1047000000", "operatingIncome": "487000000", "sellingGeneralAndAdministrative": "0", "researchAndDevelopment": "0", "operatingExpenses": "1245000000", "investmentIncomeNet": "None", "netInterestIncome": "None", "interestIncome": "None", "interestExpense": "223000000", "nonInterestIncome": "None", "otherNonOperatingIncome": "None", "depreciation": "None", "depreciationAndAmortization": "-487000000", "incomeBeforeTax": "264000000", "incomeTaxExpense": "52000000", "interestAndDebtExpense": "None", "netIncomeFromContinuingOperations": "212000000", "comprehensiveIncomeNetOfTax": "None", "ebit": "-446000000", "ebitda": "-933000000", "netIncome": "157000000"}, {"fiscalDateEnding": "2017-06-30", "reportedCurrency": "USD", "grossProfit": "2274000000", "totalRevenue": "3359000000", "costOfRevenue": "1085000000", "costofGoodsAndServicesSold": "1085000000", "operatingIncome": "605000000", "sellingGeneralAndAdministrative": "0", "researchAndDevelopment": "0", "operatingExpenses": "1209000000", "investmentIncomeNet": "None", "netInterestIncome": "None", "interestIncome": "None", "interestExpense": "139000000", "nonInterestIncome": "None", "otherNonOperatingIncome": "None", "depreciation": "None", "depreciationAndAmortization": "-558000000", "incomeBeforeTax": "347000000", "incomeTaxExpense": "69000000", "interestAndDebtExpense": "None", "netIncomeFromContinuingOperations": "278000000", "comprehensiveIncomeNetOfTax": "None", "ebit": "-246000000", "ebitda": "-804000000", "netIncome": "231000000"}, {"fiscalDateEnding": "2017-03-31", "reportedCurrency": "USD", "grossProfit": "3300000000", "totalRevenue": "3300000000", "costOfRevenue": "2648000000", "costofGoodsAndServicesSold": "2648000000", "operatingIncome": "2250000000", "sellingGeneralAndAdministrative": "0", "researchAndDevelopment": "0", "operatingExpenses": "3300000000", "investmentIncomeNet": "None", "netInterestIncome": "None", "interestIncome": "None", "interestExpense": "142000000", "nonInterestIncome": "None", "otherNonOperatingIncome": "None", "depreciation": "None", "depreciationAndAmortization": "-652000000", "incomeBeforeTax": "510000000", "incomeTaxExpense": "119000000", "interestAndDebtExpense": "None", "netIncomeFromContinuingOperations": "391000000", "comprehensiveIncomeNetOfTax": "None", "ebit": "49000000", "ebitda": "-603000000", "netIncome": "295000000"}, {"fiscalDateEnding": "2016-12-31", "reportedCurrency": "USD", "grossProfit": "3338000000", "totalRevenue": "3338000000", "costOfRevenue": "2744000000", "costofGoodsAndServicesSold": "2744000000", "operatingIncome": "3338000000", "sellingGeneralAndAdministrative": "4164000000", "researchAndDevelopment": "0", "operatingExpenses": "3338000000", "investmentIncomeNet": "None", "netInterestIncome": "None", "interestIncome": "None", "interestExpense": "133000000", "nonInterestIncome": "None", "otherNonOperatingIncome": "None", "depreciation": "None", "depreciationAndAmortization": "-553000000", "incomeBeforeTax": "461000000", "incomeTaxExpense": "49000000", "interestAndDebtExpense": "None", "netIncomeFromContinuingOperations": "412000000", "comprehensiveIncomeNetOfTax": "None", "ebit": "594000000", "ebitda": "41000000", "netIncome": "290000000"}, {"fiscalDateEnding": "2016-09-30", "reportedCurrency": "USD", "grossProfit": "2389000000", "totalRevenue": "3287000000", "costOfRevenue": "898000000", "costofGoodsAndServicesSold": "898000000", "operatingIncome": "686000000", "sellingGeneralAndAdministrative": "0", "researchAndDevelopment": "0", "operatingExpenses": "1399000000", "investmentIncomeNet": "None", "netInterestIncome": "None", "interestIncome": "None", "interestExpense": "130000000", "nonInterestIncome": "None", "otherNonOperatingIncome": "None", "depreciation": "None", "depreciationAndAmortization": "-686000000", "incomeBeforeTax": "556000000", "incomeTaxExpense": "163000000", "interestAndDebtExpense": "None", "netIncomeFromContinuingOperations": "393000000", "comprehensiveIncomeNetOfTax": "None", "ebit": "262000000", "ebitda": "-424000000", "netIncome": "327000000"}, {"fiscalDateEnding": "2016-06-30", "reportedCurrency": "USD", "grossProfit": "1696000000", "totalRevenue": "3307000000", "costOfRevenue": "1611000000", "costofGoodsAndServicesSold": "1611000000", "operatingIncome": "-1042000000", "sellingGeneralAndAdministrative": "0", "researchAndDevelopment": "0", "operatingExpenses": "3453000000", "investmentIncomeNet": "None", "netInterestIncome": "None", "interestIncome": "None", "interestExpense": "130000000", "nonInterestIncome": "None", "otherNonOperatingIncome": "None", "depreciation": "None", "depreciationAndAmortization": "-534000000", "incomeBeforeTax": "-276000000", "incomeTaxExpense": "12000000", "interestAndDebtExpense": "None", "netIncomeFromContinuingOperations": "-288000000", "comprehensiveIncomeNetOfTax": "None", "ebit": "-508000000", "ebitda": "-1042000000", "netIncome": "-65000000"}, {"fiscalDateEnding": "2016-03-31", "reportedCurrency": "USD", "grossProfit": "3173000000", "totalRevenue": "3173000000", "costOfRevenue": "2835000000", "costofGoodsAndServicesSold": "2835000000", "operatingIncome": "3173000000", "sellingGeneralAndAdministrative": "0", "researchAndDevelopment": "0", "operatingExpenses": "2835000000", "investmentIncomeNet": "None", "netInterestIncome": "None", "interestIncome": "None", "interestExpense": "143000000", "nonInterestIncome": "None", "otherNonOperatingIncome": "None", "depreciation": "None", "depreciationAndAmortization": "-338000000", "incomeBeforeTax": "195000000", "incomeTaxExpense": "-4000000", "interestAndDebtExpense": "None", "netIncomeFromContinuingOperations": "199000000", "comprehensiveIncomeNetOfTax": "None", "ebit": "-644000000", "ebitda": "-982000000", "netIncome": "102000000"}, {"fiscalDateEnding": "2015-12-31", "reportedCurrency": "USD", "grossProfit": "3333000000", "totalRevenue": "3333000000", "costOfRevenue": "3710000000", "costofGoodsAndServicesSold": "3710000000", "operatingIncome": "-1581000000", "sellingGeneralAndAdministrative": "4164000000", "researchAndDevelopment": "0", "operatingExpenses": "3333000000", "investmentIncomeNet": "None", "netInterestIncome": "None", "interestIncome": "None", "interestExpense": "127000000", "nonInterestIncome": "None", "otherNonOperatingIncome": "None", "depreciation": "None", "depreciationAndAmortization": "-100000000", "incomeBeforeTax": "-504000000", "incomeTaxExpense": "-213000000", "interestAndDebtExpense": "None", "netIncomeFromContinuingOperations": "-291000000", "comprehensiveIncomeNetOfTax": "None", "ebit": "-377000000", "ebitda": "-477000000", "netIncome": "-201000000"}, {"fiscalDateEnding": "2015-09-30", "reportedCurrency": "USD", "grossProfit": "2271000000", "totalRevenue": "3169000000", "costOfRevenue": "898000000", "costofGoodsAndServicesSold": "898000000", "operatingIncome": "282000000", "sellingGeneralAndAdministrative": "0", "researchAndDevelopment": "0", "operatingExpenses": "1989000000", "investmentIncomeNet": "None", "netInterestIncome": "None", "interestIncome": "None", "interestExpense": "128000000", "nonInterestIncome": "None", "otherNonOperatingIncome": "None", "depreciation": "None", "depreciationAndAmortization": "-194000000", "incomeBeforeTax": "348000000", "incomeTaxExpense": "66000000", "interestAndDebtExpense": "None", "netIncomeFromContinuingOperations": "282000000", "comprehensiveIncomeNetOfTax": "None", "ebit": "476000000", "ebitda": "282000000", "netIncome": "182000000"}, {"fiscalDateEnding": "2015-06-30", "reportedCurrency": "USD", "grossProfit": "2556000000", "totalRevenue": "3435000000", "costOfRevenue": "879000000", "costofGoodsAndServicesSold": "879000000", "operatingIncome": "247000000", "sellingGeneralAndAdministrative": "0", "researchAndDevelopment": "0", "operatingExpenses": "2309000000", "investmentIncomeNet": "None", "netInterestIncome": "None", "interestIncome": "None", "interestExpense": "134000000", "nonInterestIncome": "None", "otherNonOperatingIncome": "None", "depreciation": "None", "depreciationAndAmortization": "-182000000", "incomeBeforeTax": "295000000", "incomeTaxExpense": "48000000", "interestAndDebtExpense": "None", "netIncomeFromContinuingOperations": "247000000", "comprehensiveIncomeNetOfTax": "None", "ebit": "429000000", "ebitda": "247000000", "netIncome": "170000000"}, {"fiscalDateEnding": "2015-03-31", "reportedCurrency": "USD", "grossProfit": "3478000000", "totalRevenue": "3478000000", "costOfRevenue": "3242000000", "costofGoodsAndServicesSold": "3242000000", "operatingIncome": "-1028000000", "sellingGeneralAndAdministrative": "0", "researchAndDevelopment": "0", "operatingExpenses": "3478000000", "investmentIncomeNet": "None", "netInterestIncome": "None", "interestIncome": "None", "interestExpense": "131000000", "nonInterestIncome": "None", "otherNonOperatingIncome": "None", "depreciation": "None", "depreciationAndAmortization": "-595000000", "incomeBeforeTax": "105000000", "incomeTaxExpense": "56000000", "interestAndDebtExpense": "None", "netIncomeFromContinuingOperations": "49000000", "comprehensiveIncomeNetOfTax": "None", "ebit": "236000000", "ebitda": "-359000000", "netIncome": "109000000"}, {"fiscalDateEnding": "2014-12-31", "reportedCurrency": "USD", "grossProfit": "3521000000", "totalRevenue": "3521000000", "costOfRevenue": "2897000000", "costofGoodsAndServicesSold": "2897000000", "operatingIncome": "3512000000", "sellingGeneralAndAdministrative": "0", "researchAndDevelopment": "0", "operatingExpenses": "3521000000", "investmentIncomeNet": "None", "netInterestIncome": "None", "interestIncome": "None", "interestExpense": "129000000", "nonInterestIncome": "None", "otherNonOperatingIncome": "None", "depreciation": "None", "depreciationAndAmortization": "-687000000", "incomeBeforeTax": "411000000", "incomeTaxExpense": "110000000", "interestAndDebtExpense": "None", "netIncomeFromContinuingOperations": "321000000", "comprehensiveIncomeNetOfTax": "None", "ebit": "540000000", "ebitda": "-147000000", "netIncome": "208000000"}, {"fiscalDateEnding": "2014-09-30", "reportedCurrency": "USD", "grossProfit": "2546000000", "totalRevenue": "3523000000", "costOfRevenue": "977000000", "costofGoodsAndServicesSold": "977000000", "operatingIncome": "240000000", "sellingGeneralAndAdministrative": "0", "researchAndDevelopment": "0", "operatingExpenses": "2306000000", "investmentIncomeNet": "None", "netInterestIncome": "None", "interestIncome": "None", "interestExpense": "121000000", "nonInterestIncome": "None", "otherNonOperatingIncome": "None", "depreciation": "None", "depreciationAndAmortization": "-220000000", "incomeBeforeTax": "339000000", "incomeTaxExpense": "99000000", "interestAndDebtExpense": "None", "netIncomeFromContinuingOperations": "240000000", "comprehensiveIncomeNetOfTax": "None", "ebit": "460000000", "ebitda": "240000000", "netIncome": "208000000"}, {"fiscalDateEnding": "2014-06-30", "reportedCurrency": "USD", "grossProfit": "2843000000", "totalRevenue": "3593000000", "costOfRevenue": "750000000", "costofGoodsAndServicesSold": "750000000", "operatingIncome": "401000000", "sellingGeneralAndAdministrative": "0", "researchAndDevelopment": "0", "operatingExpenses": "2921000000", "investmentIncomeNet": "None", "netInterestIncome": "None", "interestIncome": "None", "interestExpense": "126000000", "nonInterestIncome": "None", "otherNonOperatingIncome": "None", "depreciation": "None", "depreciationAndAmortization": "-271000000", "incomeBeforeTax": "546000000", "incomeTaxExpense": "145000000", "interestAndDebtExpense": "None", "netIncomeFromContinuingOperations": "401000000", "comprehensiveIncomeNetOfTax": "None", "ebit": "672000000", "ebitda": "401000000", "netIncome": "116000000"}, {"fiscalDateEnding": "2014-03-31", "reportedCurrency": "USD", "grossProfit": "3743000000", "totalRevenue": "3743000000", "costOfRevenue": "2968000000", "costofGoodsAndServicesSold": "2968000000", "operatingIncome": "3688000000", "sellingGeneralAndAdministrative": "0", "researchAndDevelopment": "0", "operatingExpenses": "3688000000", "investmentIncomeNet": "None", "netInterestIncome": "None", "interestIncome": "None", "interestExpense": "122000000", "nonInterestIncome": "None", "otherNonOperatingIncome": "None", "depreciation": "None", "depreciationAndAmortization": "-730000000", "incomeBeforeTax": "514000000", "incomeTaxExpense": "103000000", "interestAndDebtExpense": "None", "netIncomeFromContinuingOperations": "391000000", "comprehensiveIncomeNetOfTax": "None", "ebit": "636000000", "ebitda": "-94000000", "netIncome": "59000000"}, {"fiscalDateEnding": "2013-12-31", "reportedCurrency": "USD", "grossProfit": "3890000000", "totalRevenue": "3890000000", "costOfRevenue": "3123000000", "costofGoodsAndServicesSold": "3123000000", "operatingIncome": "-1527000000", "sellingGeneralAndAdministrative": "0", "researchAndDevelopment": "0", "operatingExpenses": "3890000000", "investmentIncomeNet": "None", "netInterestIncome": "None", "interestIncome": "None", "interestExpense": "113000000", "nonInterestIncome": "None", "otherNonOperatingIncome": "None", "depreciation": "None", "depreciationAndAmortization": "-647000000", "incomeBeforeTax": "-184000000", "incomeTaxExpense": "-59000000", "interestAndDebtExpense": "None", "netIncomeFromContinuingOperations": "-243000000", "comprehensiveIncomeNetOfTax": "None", "ebit": "-880000000", "ebitda": "-1527000000", "netIncome": "-198000000"}, {"fiscalDateEnding": "2013-09-30", "reportedCurrency": "USD", "grossProfit": "2697000000", "totalRevenue": "3597000000", "costOfRevenue": "900000000", "costofGoodsAndServicesSold": "900000000", "operatingIncome": "3597000000", "sellingGeneralAndAdministrative": "900000000", "researchAndDevelopment": "0", "operatingExpenses": "3597000000", "investmentIncomeNet": "None", "netInterestIncome": "None", "interestIncome": "None", "interestExpense": "105000000", "nonInterestIncome": "None", "otherNonOperatingIncome": "None", "depreciation": "None", "depreciationAndAmortization": "-681000000", "incomeBeforeTax": "576000000", "incomeTaxExpense": "155000000", "interestAndDebtExpense": "None", "netIncomeFromContinuingOperations": "656000000", "comprehensiveIncomeNetOfTax": "None", "ebit": "-129000000", "ebitda": "-810000000", "netIncome": "282000000"}, {"fiscalDateEnding": "2013-06-30", "reportedCurrency": "USD", "grossProfit": "2809000000", "totalRevenue": "3616000000", "costOfRevenue": "807000000", "costofGoodsAndServicesSold": "807000000", "operatingIncome": "674000000", "sellingGeneralAndAdministrative": "807000000", "researchAndDevelopment": "0", "operatingExpenses": "2942000000", "investmentIncomeNet": "None", "netInterestIncome": "None", "interestIncome": "None", "interestExpense": "108000000", "nonInterestIncome": "None", "otherNonOperatingIncome": "None", "depreciation": "None", "depreciationAndAmortization": "-674000000", "incomeBeforeTax": "566000000", "incomeTaxExpense": "163000000", "interestAndDebtExpense": "None", "netIncomeFromContinuingOperations": "750000000", "comprehensiveIncomeNetOfTax": "None", "ebit": "-248000000", "ebitda": "-922000000", "netIncome": "269000000"}, {"fiscalDateEnding": "2013-03-31", "reportedCurrency": "USD", "grossProfit": "3734000000", "totalRevenue": "3734000000", "costOfRevenue": "-1429000000", "costofGoodsAndServicesSold": "-1429000000", "operatingIncome": "-949000000", "sellingGeneralAndAdministrative": "982000000", "researchAndDevelopment": "0", "operatingExpenses": "3686000000", "investmentIncomeNet": "None", "netInterestIncome": "None", "interestIncome": "None", "interestExpense": "108000000", "nonInterestIncome": "None", "otherNonOperatingIncome": "None", "depreciation": "None", "depreciationAndAmortization": "-740000000", "incomeBeforeTax": "498000000", "incomeTaxExpense": "114000000", "interestAndDebtExpense": "None", "netIncomeFromContinuingOperations": "626000000", "comprehensiveIncomeNetOfTax": "None", "ebit": "606000000", "ebitda": "-134000000", "netIncome": "242000000"}, {"fiscalDateEnding": "2012-12-31", "reportedCurrency": "USD", "grossProfit": "3705000000", "totalRevenue": "3705000000", "costOfRevenue": "-1732000000", "costofGoodsAndServicesSold": "-1732000000", "operatingIncome": "221000000", "sellingGeneralAndAdministrative": "1115000000", "researchAndDevelopment": "0", "operatingExpenses": "3705000000", "investmentIncomeNet": "None", "netInterestIncome": "None", "interestIncome": "None", "interestExpense": "109000000", "nonInterestIncome": "None", "otherNonOperatingIncome": "None", "depreciation": "None", "depreciationAndAmortization": "-221000000", "incomeBeforeTax": "35000000", "incomeTaxExpense": "-48000000", "interestAndDebtExpense": "None", "netIncomeFromContinuingOperations": "-8950000000", "comprehensiveIncomeNetOfTax": "None", "ebit": "144000000", "ebitda": "-77000000", "netIncome": "-32000000"}, {"fiscalDateEnding": "2012-09-30", "reportedCurrency": "USD", "grossProfit": "2644000000", "totalRevenue": "3715000000", "costOfRevenue": "1071000000", "costofGoodsAndServicesSold": "1071000000", "operatingIncome": "-255000000", "sellingGeneralAndAdministrative": "1071000000", "researchAndDevelopment": "0", "operatingExpenses": "3197000000", "investmentIncomeNet": "None", "netInterestIncome": "None", "interestIncome": "None", "interestExpense": "109000000", "nonInterestIncome": "None", "otherNonOperatingIncome": "None", "depreciation": "None", "depreciationAndAmortization": "-773000000", "incomeBeforeTax": "409000000", "incomeTaxExpense": "99000000", "interestAndDebtExpense": "None", "netIncomeFromContinuingOperations": "2925000000", "comprehensiveIncomeNetOfTax": "None", "ebit": "518000000", "ebitda": "-255000000", "netIncome": "177000000"}, {"fiscalDateEnding": "2012-06-30", "reportedCurrency": "USD", "grossProfit": "2387000000", "totalRevenue": "3388000000", "costOfRevenue": "1001000000", "costofGoodsAndServicesSold": "1001000000", "operatingIncome": "-516000000", "sellingGeneralAndAdministrative": "1001000000", "researchAndDevelopment": "0", "operatingExpenses": "3388000000", "investmentIncomeNet": "None", "netInterestIncome": "None", "interestIncome": "None", "interestExpense": "111000000", "nonInterestIncome": "None", "otherNonOperatingIncome": "None", "depreciation": "None", "depreciationAndAmortization": "None", "incomeBeforeTax": "214000000", "incomeTaxExpense": "16000000", "interestAndDebtExpense": "None", "netIncomeFromContinuingOperations": "2658000000", "comprehensiveIncomeNetOfTax": "None", "ebit": "214000000", "ebitda": "-516000000", "netIncome": "56000000"}, {"fiscalDateEnding": "2012-03-31", "reportedCurrency": "USD", "grossProfit": "3744000000", "totalRevenue": "3744000000", "costOfRevenue": "-1381000000", "costofGoodsAndServicesSold": "-1381000000", "operatingIncome": "7000000", "sellingGeneralAndAdministrative": "819000000", "researchAndDevelopment": "0", "operatingExpenses": "3744000000", "investmentIncomeNet": "None", "netInterestIncome": "None", "interestIncome": "None", "interestExpense": "111000000", "nonInterestIncome": "None", "otherNonOperatingIncome": "None", "depreciation": "None", "depreciationAndAmortization": "-845000000", "incomeBeforeTax": "741000000", "incomeTaxExpense": "222000000", "interestAndDebtExpense": "None", "netIncomeFromContinuingOperations": "4477000000", "comprehensiveIncomeNetOfTax": "None", "ebit": "852000000", "ebitda": "7000000", "netIncome": "367000000"}, {"fiscalDateEnding": "2011-12-31", "reportedCurrency": "USD", "grossProfit": "3479000000", "totalRevenue": "3479000000", "costOfRevenue": "2882000000", "costofGoodsAndServicesSold": "2882000000", "operatingIncome": "-261000000", "sellingGeneralAndAdministrative": "0", "researchAndDevelopment": "0", "operatingExpenses": "3479000000", "investmentIncomeNet": "None", "netInterestIncome": "None", "interestIncome": "None", "interestExpense": "116000000", "nonInterestIncome": "None", "otherNonOperatingIncome": "None", "depreciation": "None", "depreciationAndAmortization": "-858000000", "incomeBeforeTax": "481000000", "incomeTaxExpense": "72000000", "interestAndDebtExpense": "None", "netIncomeFromContinuingOperations": "409000000", "comprehensiveIncomeNetOfTax": "None", "ebit": "597000000", "ebitda": "-261000000", "netIncome": "268000000"}, {"fiscalDateEnding": "2011-09-30", "reportedCurrency": "USD", "grossProfit": "2713000000", "totalRevenue": "3438000000", "costOfRevenue": "725000000", "costofGoodsAndServicesSold": "725000000", "operatingIncome": "315000000", "sellingGeneralAndAdministrative": "0", "researchAndDevelopment": "0", "operatingExpenses": "3438000000", "investmentIncomeNet": "None", "netInterestIncome": "None", "interestIncome": "None", "interestExpense": "126000000", "nonInterestIncome": "None", "otherNonOperatingIncome": "None", "depreciation": "None", "depreciationAndAmortization": "-250000000", "incomeBeforeTax": "439000000", "incomeTaxExpense": "123000000", "interestAndDebtExpense": "None", "netIncomeFromContinuingOperations": "315000000", "comprehensiveIncomeNetOfTax": "None", "ebit": "565000000", "ebitda": "315000000", "netIncome": "162000000"}, {"fiscalDateEnding": "2011-06-30", "reportedCurrency": "USD", "grossProfit": "2785000000", "totalRevenue": "3542000000", "costOfRevenue": "757000000", "costofGoodsAndServicesSold": "757000000", "operatingIncome": "-143000000", "sellingGeneralAndAdministrative": "0", "researchAndDevelopment": "0", "operatingExpenses": "3542000000", "investmentIncomeNet": "None", "netInterestIncome": "None", "interestIncome": "None", "interestExpense": "129000000", "nonInterestIncome": "None", "otherNonOperatingIncome": "None", "depreciation": "None", "depreciationAndAmortization": "-820000000", "incomeBeforeTax": "548000000", "incomeTaxExpense": "144000000", "interestAndDebtExpense": "None", "netIncomeFromContinuingOperations": "407000000", "comprehensiveIncomeNetOfTax": "None", "ebit": "677000000", "ebitda": "-143000000", "netIncome": "250000000"}, {"fiscalDateEnding": "2011-03-31", "reportedCurrency": "USD", "grossProfit": "3713000000", "totalRevenue": "3713000000", "costOfRevenue": "45000000", "costofGoodsAndServicesSold": "45000000", "operatingIncome": "77000000", "sellingGeneralAndAdministrative": "57000000", "researchAndDevelopment": "0", "operatingExpenses": "3668000000", "investmentIncomeNet": "None", "netInterestIncome": "None", "interestIncome": "None", "interestExpense": "151000000", "nonInterestIncome": "None", "otherNonOperatingIncome": "None", "depreciation": "None", "depreciationAndAmortization": "-831000000", "incomeBeforeTax": "757000000", "incomeTaxExpense": "195000000", "interestAndDebtExpense": "None", "netIncomeFromContinuingOperations": "565000000", "comprehensiveIncomeNetOfTax": "None", "ebit": "908000000", "ebitda": "77000000", "netIncome": "379000000"}, {"fiscalDateEnding": "2010-12-31", "reportedCurrency": "USD", "grossProfit": "3715000000", "totalRevenue": "3715000000", "costOfRevenue": "2637000000", "costofGoodsAndServicesSold": "2637000000", "operatingIncome": "172000000", "sellingGeneralAndAdministrative": "0", "researchAndDevelopment": "0", "operatingExpenses": "3715000000", "investmentIncomeNet": "None", "netInterestIncome": "None", "interestIncome": "None", "interestExpense": "133000000", "nonInterestIncome": "None", "otherNonOperatingIncome": "None", "depreciation": "None", "depreciationAndAmortization": "-906000000", "incomeBeforeTax": "945000000", "incomeTaxExpense": "276000000", "interestAndDebtExpense": "None", "netIncomeFromContinuingOperations": "669000000", "comprehensiveIncomeNetOfTax": "None", "ebit": "1078000000", "ebitda": "172000000", "netIncome": "466000000"}, {"fiscalDateEnding": "2010-09-30", "reportedCurrency": "USD", "grossProfit": "2434000000", "totalRevenue": "3701000000", "costOfRevenue": "1267000000", "costofGoodsAndServicesSold": "1267000000", "operatingIncome": "174000000", "sellingGeneralAndAdministrative": "4000000", "researchAndDevelopment": "0", "operatingExpenses": "3701000000", "investmentIncomeNet": "None", "netInterestIncome": "None", "interestIncome": "None", "interestExpense": "127000000", "nonInterestIncome": "None", "otherNonOperatingIncome": "None", "depreciation": "None", "depreciationAndAmortization": "-211000000", "incomeBeforeTax": "258000000", "incomeTaxExpense": "84000000", "interestAndDebtExpense": "None", "netIncomeFromContinuingOperations": "174000000", "comprehensiveIncomeNetOfTax": "None", "ebit": "385000000", "ebitda": "174000000", "netIncome": "36000000"}, {"fiscalDateEnding": "2010-06-30", "reportedCurrency": "USD", "grossProfit": "-773000000", "totalRevenue": "-58000000", "costOfRevenue": "715000000", "costofGoodsAndServicesSold": "715000000", "operatingIncome": "-713000000", "sellingGeneralAndAdministrative": "0", "researchAndDevelopment": "0", "operatingExpenses": "3486000000", "investmentIncomeNet": "None", "netInterestIncome": "None", "interestIncome": "None", "interestExpense": "127000000", "nonInterestIncome": "None", "otherNonOperatingIncome": "None", "depreciation": "None", "depreciationAndAmortization": "-1643000000", "incomeBeforeTax": "803000000", "incomeTaxExpense": "262000000", "interestAndDebtExpense": "None", "netIncomeFromContinuingOperations": "541000000", "comprehensiveIncomeNetOfTax": "None", "ebit": "930000000", "ebitda": "-713000000", "netIncome": "366000000"}, {"fiscalDateEnding": "2010-03-31", "reportedCurrency": "USD", "grossProfit": "3713000000", "totalRevenue": "3713000000", "costOfRevenue": "2687000000", "costofGoodsAndServicesSold": "2687000000", "operatingIncome": "-767000000", "sellingGeneralAndAdministrative": "0", "researchAndDevelopment": "0", "operatingExpenses": "3713000000", "investmentIncomeNet": "None", "netInterestIncome": "None", "interestIncome": "None", "interestExpense": "130000000", "nonInterestIncome": "None", "otherNonOperatingIncome": "None", "depreciation": "None", "depreciationAndAmortization": "None", "incomeBeforeTax": "896000000", "incomeTaxExpense": "273000000", "interestAndDebtExpense": "None", "netIncomeFromContinuingOperations": "623000000", "comprehensiveIncomeNetOfTax": "None", "ebit": "896000000", "ebitda": "-767000000", "netIncome": "420000000"}, {"fiscalDateEnding": "2009-12-31", "reportedCurrency": "USD", "grossProfit": "3822000000", "totalRevenue": "3822000000", "costOfRevenue": "2812000000", "costofGoodsAndServicesSold": "2812000000", "operatingIncome": "-790000000", "sellingGeneralAndAdministrative": "0", "researchAndDevelopment": "0", "operatingExpenses": "3822000000", "investmentIncomeNet": "None", "netInterestIncome": "None", "interestIncome": "None", "interestExpense": "127000000", "nonInterestIncome": "None", "otherNonOperatingIncome": "None", "depreciation": "None", "depreciationAndAmortization": "None", "incomeBeforeTax": "883000000", "incomeTaxExpense": "277000000", "interestAndDebtExpense": "None", "netIncomeFromContinuingOperations": "0", "comprehensiveIncomeNetOfTax": "None", "ebit": "883000000", "ebitda": "-790000000", "netIncome": "403000000"}, {"fiscalDateEnding": "2009-09-30", "reportedCurrency": "USD", "grossProfit": "3029000000", "totalRevenue": "3738000000", "costOfRevenue": "709000000", "costofGoodsAndServicesSold": "709000000", "operatingIncome": "-671000000", "sellingGeneralAndAdministrative": "0", "researchAndDevelopment": "0", "operatingExpenses": "3738000000", "investmentIncomeNet": "None", "netInterestIncome": "None", "interestIncome": "None", "interestExpense": "117000000", "nonInterestIncome": "None", "otherNonOperatingIncome": "None", "depreciation": "None", "depreciationAndAmortization": "-1746000000", "incomeBeforeTax": "958000000", "incomeTaxExpense": "266000000", "interestAndDebtExpense": "None", "netIncomeFromContinuingOperations": "692000000", "comprehensiveIncomeNetOfTax": "None", "ebit": "1075000000", "ebitda": "-671000000", "netIncome": "468000000"}, {"fiscalDateEnding": "2009-06-30", "reportedCurrency": "USD", "grossProfit": "2817000000", "totalRevenue": "3534000000", "costOfRevenue": "717000000", "costofGoodsAndServicesSold": "717000000", "operatingIncome": "-903000000", "sellingGeneralAndAdministrative": "0", "researchAndDevelopment": "0", "operatingExpenses": "3534000000", "investmentIncomeNet": "None", "netInterestIncome": "None", "interestIncome": "None", "interestExpense": "110000000", "nonInterestIncome": "None", "otherNonOperatingIncome": "None", "depreciation": "None", "depreciationAndAmortization": "87000000", "incomeBeforeTax": "756000000", "incomeTaxExpense": "197000000", "interestAndDebtExpense": "None", "netIncomeFromContinuingOperations": "0", "comprehensiveIncomeNetOfTax": "None", "ebit": "560000000", "ebitda": "-903000000", "netIncome": "340000000"}, {"fiscalDateEnding": "2009-03-31", "reportedCurrency": "USD", "grossProfit": "3023000000", "totalRevenue": "3023000000", "costOfRevenue": "3770000000", "costofGoodsAndServicesSold": "3770000000", "operatingIncome": "-2477000000", "sellingGeneralAndAdministrative": "0", "researchAndDevelopment": "0", "operatingExpenses": "3023000000", "investmentIncomeNet": "None", "netInterestIncome": "None", "interestIncome": "None", "interestExpense": "94000000", "nonInterestIncome": "None", "otherNonOperatingIncome": "None", "depreciation": "None", "depreciationAndAmortization": "None", "incomeBeforeTax": "-868000000", "incomeTaxExpense": "-395000000", "interestAndDebtExpense": "None", "netIncomeFromContinuingOperations": "0", "comprehensiveIncomeNetOfTax": "None", "ebit": "-868000000", "ebitda": "-2477000000", "netIncome": "-647000000"}, {"fiscalDateEnding": "2008-12-31", "reportedCurrency": "USD", "grossProfit": "2743000000", "totalRevenue": "2743000000", "costOfRevenue": "3516000000", "costofGoodsAndServicesSold": "3516000000", "operatingIncome": "576000000", "sellingGeneralAndAdministrative": "0", "researchAndDevelopment": "0", "operatingExpenses": "2743000000", "investmentIncomeNet": "None", "netInterestIncome": "None", "interestIncome": "None", "interestExpense": "86000000", "nonInterestIncome": "None", "otherNonOperatingIncome": "None", "depreciation": "None", "depreciationAndAmortization": "None", "incomeBeforeTax": "-1341000000", "incomeTaxExpense": "-530000000", "interestAndDebtExpense": "None", "netIncomeFromContinuingOperations": "0", "comprehensiveIncomeNetOfTax": "None", "ebit": "-1341000000", "ebitda": "576000000", "netIncome": "-958000000"}, {"fiscalDateEnding": "2008-09-30", "reportedCurrency": "USD", "grossProfit": "2970000000", "totalRevenue": "2970000000", "costOfRevenue": "2929000000", "costofGoodsAndServicesSold": "2929000000", "operatingIncome": "-1659000000", "sellingGeneralAndAdministrative": "0", "researchAndDevelopment": "0", "operatingExpenses": "2970000000", "investmentIncomeNet": "None", "netInterestIncome": "None", "interestIncome": "None", "interestExpense": "82000000", "nonInterestIncome": "None", "otherNonOperatingIncome": "None", "depreciation": "None", "depreciationAndAmortization": "-192670000", "incomeBeforeTax": "-41000000", "incomeTaxExpense": "-56000000", "interestAndDebtExpense": "None", "netIncomeFromContinuingOperations": "0", "comprehensiveIncomeNetOfTax": "None", "ebit": "-330000", "ebitda": "-1659000000", "netIncome": "-137000000"}, {"fiscalDateEnding": "2008-06-30", "reportedCurrency": "USD", "grossProfit": "3298000000", "totalRevenue": "3922000000", "costOfRevenue": "624000000", "costofGoodsAndServicesSold": "624000000", "operatingIncome": "3061000000", "sellingGeneralAndAdministrative": "0", "researchAndDevelopment": "0", "operatingExpenses": "3922000000", "investmentIncomeNet": "None", "netInterestIncome": "None", "interestIncome": "None", "interestExpense": "88000000", "nonInterestIncome": "None", "otherNonOperatingIncome": "None", "depreciation": "None", "depreciationAndAmortization": "1866000000", "incomeBeforeTax": "1107000000", "incomeTaxExpense": "340000000", "interestAndDebtExpense": "None", "netIncomeFromContinuingOperations": "0", "comprehensiveIncomeNetOfTax": "None", "ebit": "1195000000", "ebitda": "3061000000", "netIncome": "4963000000"}, {"fiscalDateEnding": "2008-03-31", "reportedCurrency": "USD", "grossProfit": "4543000000", "totalRevenue": "4543000000", "costOfRevenue": "2661000000", "costofGoodsAndServicesSold": "2661000000", "operatingIncome": "-1984000000", "sellingGeneralAndAdministrative": "0", "researchAndDevelopment": "0", "operatingExpenses": "3612000000", "investmentIncomeNet": "None", "netInterestIncome": "None", "interestIncome": "None", "interestExpense": "89000000", "nonInterestIncome": "None", "otherNonOperatingIncome": "None", "depreciation": "None", "depreciationAndAmortization": "None", "incomeBeforeTax": "862000000", "incomeTaxExpense": "253000000", "interestAndDebtExpense": "None", "netIncomeFromContinuingOperations": "0", "comprehensiveIncomeNetOfTax": "None", "ebit": "1134000000", "ebitda": "-1984000000", "netIncome": "662000000"}, {"fiscalDateEnding": "2007-12-31", "reportedCurrency": "USD", "grossProfit": "4429700000", "totalRevenue": "4429700000", "costOfRevenue": "2857000000", "costofGoodsAndServicesSold": "2857000000", "operatingIncome": "-1813200000", "sellingGeneralAndAdministrative": "0", "researchAndDevelopment": "0", "operatingExpenses": "4429700000", "investmentIncomeNet": "None", "netInterestIncome": "None", "interestIncome": "None", "interestExpense": "84100000", "nonInterestIncome": "None", "otherNonOperatingIncome": "None", "depreciation": "None", "depreciationAndAmortization": "None", "incomeBeforeTax": "933800000", "incomeTaxExpense": "-305800000", "interestAndDebtExpense": "None", "netIncomeFromContinuingOperations": "0", "comprehensiveIncomeNetOfTax": "None", "ebit": "933800000", "ebitda": "-1813200000", "netIncome": "511600000"}, {"fiscalDateEnding": "2007-09-30", "reportedCurrency": "USD", "grossProfit": "4587500000", "totalRevenue": "4653300000", "costOfRevenue": "65800000", "costofGoodsAndServicesSold": "65800000", "operatingIncome": "-1909000000", "sellingGeneralAndAdministrative": "0", "researchAndDevelopment": "0", "operatingExpenses": "3525000000", "investmentIncomeNet": "None", "netInterestIncome": "None", "interestIncome": "None", "interestExpense": "82200000", "nonInterestIncome": "None", "otherNonOperatingIncome": "None", "depreciation": "None", "depreciationAndAmortization": "None", "incomeBeforeTax": "638000000", "incomeTaxExpense": "182000000", "interestAndDebtExpense": "None", "netIncomeFromContinuingOperations": "0", "comprehensiveIncomeNetOfTax": "None", "ebit": "1023500000", "ebitda": "-1909000000", "netIncome": "555000000"}, {"fiscalDateEnding": "2007-06-30", "reportedCurrency": "USD", "grossProfit": "4590600000", "totalRevenue": "4637300000", "costOfRevenue": "46700000", "costofGoodsAndServicesSold": "46700000", "operatingIncome": "-873600000", "sellingGeneralAndAdministrative": "0", "researchAndDevelopment": "0", "operatingExpenses": "3517000000", "investmentIncomeNet": "None", "netInterestIncome": "None", "interestIncome": "None", "interestExpense": "71000000", "nonInterestIncome": "None", "otherNonOperatingIncome": "None", "depreciation": "None", "depreciationAndAmortization": "-1791600000", "incomeBeforeTax": "847000000", "incomeTaxExpense": "398500000", "interestAndDebtExpense": "None", "netIncomeFromContinuingOperations": "0", "comprehensiveIncomeNetOfTax": "None", "ebit": "918000000", "ebitda": "-873600000", "netIncome": "654000000"}, {"fiscalDateEnding": "2007-03-31", "reportedCurrency": "USD", "grossProfit": "4659700000", "totalRevenue": "4659700000", "costOfRevenue": "2527000000", "costofGoodsAndServicesSold": "2527000000", "operatingIncome": "-829700000", "sellingGeneralAndAdministrative": "0", "researchAndDevelopment": "0", "operatingExpenses": "4613000000", "investmentIncomeNet": "None", "netInterestIncome": "None", "interestIncome": "None", "interestExpense": "78000000", "nonInterestIncome": "None", "otherNonOperatingIncome": "None", "depreciation": "None", "depreciationAndAmortization": "-2289700000", "incomeBeforeTax": "1382000000", "incomeTaxExpense": "455300000", "interestAndDebtExpense": "None", "netIncomeFromContinuingOperations": "0", "comprehensiveIncomeNetOfTax": "None", "ebit": "1460000000", "ebitda": "-829700000", "netIncome": "768000000"}, {"fiscalDateEnding": "2006-12-31", "reportedCurrency": "USD", "grossProfit": "4882000000", "totalRevenue": "4882000000", "costOfRevenue": "3280500000", "costofGoodsAndServicesSold": "3280500000", "operatingIncome": "-794800000", "sellingGeneralAndAdministrative": "0", "researchAndDevelopment": "0", "operatingExpenses": "4882000000", "investmentIncomeNet": "None", "netInterestIncome": "None", "interestIncome": "None", "interestExpense": "80100000", "nonInterestIncome": "None", "otherNonOperatingIncome": "None", "depreciation": "None", "depreciationAndAmortization": "-2224200000", "incomeBeforeTax": "1349300000", "incomeTaxExpense": "415700000", "interestAndDebtExpense": "None", "netIncomeFromContinuingOperations": "0", "comprehensiveIncomeNetOfTax": "None", "ebit": "1429400000", "ebitda": "-794800000", "netIncome": "746500000"}, {"fiscalDateEnding": "2006-09-30", "reportedCurrency": "USD", "grossProfit": "4447200000", "totalRevenue": "4507200000", "costOfRevenue": "60000000", "costofGoodsAndServicesSold": "60000000", "operatingIncome": "-842100000", "sellingGeneralAndAdministrative": "0", "researchAndDevelopment": "0", "operatingExpenses": "4507200000", "investmentIncomeNet": "None", "netInterestIncome": "None", "interestIncome": "None", "interestExpense": "78700000", "nonInterestIncome": "None", "otherNonOperatingIncome": "None", "depreciation": "None", "depreciationAndAmortization": "-2036200000", "incomeBeforeTax": "1115400000", "incomeTaxExpense": "15500000", "interestAndDebtExpense": "None", "netIncomeFromContinuingOperations": "0", "comprehensiveIncomeNetOfTax": "None", "ebit": "1194100000", "ebitda": "-842100000", "netIncome": "635100000"}, {"fiscalDateEnding": "2006-06-30", "reportedCurrency": "USD", "grossProfit": "4224200000", "totalRevenue": "4277300000", "costOfRevenue": "53100000", "costofGoodsAndServicesSold": "53100000", "operatingIncome": "-931800000", "sellingGeneralAndAdministrative": "0", "researchAndDevelopment": "0", "operatingExpenses": "4277300000", "investmentIncomeNet": "None", "netInterestIncome": "None", "interestIncome": "None", "interestExpense": "70700000", "nonInterestIncome": "None", "otherNonOperatingIncome": "None", "depreciation": "None", "depreciationAndAmortization": "-2025300000", "incomeBeforeTax": "1022800000", "incomeTaxExpense": "14300000", "interestAndDebtExpense": "None", "netIncomeFromContinuingOperations": "0", "comprehensiveIncomeNetOfTax": "None", "ebit": "1093500000", "ebitda": "-931800000", "netIncome": "568700000"}, {"fiscalDateEnding": "2006-03-31", "reportedCurrency": "USD", "grossProfit": "4244500000", "totalRevenue": "4244500000", "costOfRevenue": "21000000", "costofGoodsAndServicesSold": "21000000", "operatingIncome": "-794600000", "sellingGeneralAndAdministrative": "0", "researchAndDevelopment": "0", "operatingExpenses": "4244500000", "investmentIncomeNet": "None", "netInterestIncome": "None", "interestIncome": "None", "interestExpense": "74600000", "nonInterestIncome": "None", "otherNonOperatingIncome": "None", "depreciation": "None", "depreciationAndAmortization": "None", "incomeBeforeTax": "984600000", "incomeTaxExpense": "334200000", "interestAndDebtExpense": "None", "netIncomeFromContinuingOperations": "0", "comprehensiveIncomeNetOfTax": "None", "ebit": "984600000", "ebitda": "-794600000", "netIncome": "541000000"}, {"fiscalDateEnding": "2005-12-31", "reportedCurrency": "USD", "grossProfit": "4108000000", "totalRevenue": "4108000000", "costOfRevenue": "3663900000", "costofGoodsAndServicesSold": "3663900000", "operatingIncome": "-1494400000", "sellingGeneralAndAdministrative": "0", "researchAndDevelopment": "0", "operatingExpenses": "4108000000", "investmentIncomeNet": "None", "netInterestIncome": "None", "interestIncome": "None", "interestExpense": "74700000", "nonInterestIncome": "None", "otherNonOperatingIncome": "None", "depreciation": "None", "depreciationAndAmortization": "None", "incomeBeforeTax": "204700000", "incomeTaxExpense": "43800000", "interestAndDebtExpense": "None", "netIncomeFromContinuingOperations": "0", "comprehensiveIncomeNetOfTax": "None", "ebit": "204700000", "ebitda": "-1494400000", "netIncome": "138100000"}, {"fiscalDateEnding": "2005-09-30", "reportedCurrency": "USD", "grossProfit": "3374600000", "totalRevenue": "4137900000", "costOfRevenue": "763300000", "costofGoodsAndServicesSold": "763300000", "operatingIncome": "-1191800000", "sellingGeneralAndAdministrative": "0", "researchAndDevelopment": "0", "operatingExpenses": "4137900000", "investmentIncomeNet": "None", "netInterestIncome": "None", "interestIncome": "None", "interestExpense": "73900000", "nonInterestIncome": "None", "otherNonOperatingIncome": "None", "depreciation": "None", "depreciationAndAmortization": "None", "incomeBeforeTax": "451200000", "incomeTaxExpense": "104600000", "interestAndDebtExpense": "None", "netIncomeFromContinuingOperations": "0", "comprehensiveIncomeNetOfTax": "None", "ebit": "451200000", "ebitda": "-1191800000", "netIncome": "302200000"}, {"fiscalDateEnding": "2005-06-30", "reportedCurrency": "USD", "grossProfit": "3274900000", "totalRevenue": "4030700000", "costOfRevenue": "755800000", "costofGoodsAndServicesSold": "755800000", "operatingIncome": "-1081700000", "sellingGeneralAndAdministrative": "0", "researchAndDevelopment": "0", "operatingExpenses": "4030700000", "investmentIncomeNet": "None", "netInterestIncome": "None", "interestIncome": "None", "interestExpense": "85800000", "nonInterestIncome": "None", "otherNonOperatingIncome": "None", "depreciation": "None", "depreciationAndAmortization": "None", "incomeBeforeTax": "638700000", "incomeTaxExpense": "164700000", "interestAndDebtExpense": "None", "netIncomeFromContinuingOperations": "0", "comprehensiveIncomeNetOfTax": "None", "ebit": "638700000", "ebitda": "-1081700000", "netIncome": "435600000"}, {"fiscalDateEnding": "2005-03-31", "reportedCurrency": "USD", "grossProfit": "3741200000", "totalRevenue": "3741200000", "costOfRevenue": "2903300000", "costofGoodsAndServicesSold": "2903300000", "operatingIncome": "-870900000", "sellingGeneralAndAdministrative": "0", "researchAndDevelopment": "0", "operatingExpenses": "3741200000", "investmentIncomeNet": "None", "netInterestIncome": "None", "interestIncome": "None", "interestExpense": "129800000", "nonInterestIncome": "None", "otherNonOperatingIncome": "None", "depreciation": "None", "depreciationAndAmortization": "None", "incomeBeforeTax": "551900000", "incomeTaxExpense": "212200000", "interestAndDebtExpense": "None", "netIncomeFromContinuingOperations": "0", "comprehensiveIncomeNetOfTax": "None", "ebit": "551900000", "ebitda": "-870900000", "netIncome": "346300000"}, {"fiscalDateEnding": "2004-12-31", "reportedCurrency": "USD", "grossProfit": "4051200000", "totalRevenue": "4051200000", "costOfRevenue": "3027000000", "costofGoodsAndServicesSold": "3027000000", "operatingIncome": "-627600000", "sellingGeneralAndAdministrative": "0", "researchAndDevelopment": "0", "operatingExpenses": "4051200000", "investmentIncomeNet": "None", "netInterestIncome": "None", "interestIncome": "None", "interestExpense": "78200000", "nonInterestIncome": "None", "otherNonOperatingIncome": "None", "depreciation": "None", "depreciationAndAmortization": "None", "incomeBeforeTax": "785400000", "incomeTaxExpense": "244400000", "interestAndDebtExpense": "None", "netIncomeFromContinuingOperations": "0", "comprehensiveIncomeNetOfTax": "None", "ebit": "785400000", "ebitda": "-627600000", "netIncome": "502800000"}]}