{"symbol": "RF", "annualReports": [{"fiscalDateEnding": "2024-12-31", "reportedCurrency": "USD", "grossProfit": "7108000000", "totalRevenue": "7083000000", "costOfRevenue": "-25000000", "costofGoodsAndServicesSold": "-25000000", "operatingIncome": "2452000000", "sellingGeneralAndAdministrative": "2529000000", "researchAndDevelopment": "None", "operatingExpenses": "4729000000", "investmentIncomeNet": "None", "netInterestIncome": "4818000000", "interestIncome": "7108000000", "interestExpense": "2290000000", "nonInterestIncome": "None", "otherNonOperatingIncome": "None", "depreciation": "None", "depreciationAndAmortization": "144000000", "incomeBeforeTax": "2354000000", "incomeTaxExpense": "461000000", "interestAndDebtExpense": "None", "netIncomeFromContinuingOperations": "1893000000", "comprehensiveIncomeNetOfTax": "None", "ebit": "2308000000", "ebitda": "2452000000", "netIncome": "1893000000"}, {"fiscalDateEnding": "2023-12-31", "reportedCurrency": "USD", "grossProfit": "6897000000", "totalRevenue": "6897000000", "costOfRevenue": "2306000000", "costofGoodsAndServicesSold": "2306000000", "operatingIncome": "3825000000", "sellingGeneralAndAdministrative": "3086000000", "researchAndDevelopment": "None", "operatingExpenses": "3196000000", "investmentIncomeNet": "None", "netInterestIncome": "5490000000", "interestIncome": "6698000000", "interestExpense": "1577000000", "nonInterestIncome": "None", "otherNonOperatingIncome": "None", "depreciation": "None", "depreciationAndAmortization": "236000000", "incomeBeforeTax": "2607000000", "incomeTaxExpense": "533000000", "interestAndDebtExpense": "None", "netIncomeFromContinuingOperations": "2368000000", "comprehensiveIncomeNetOfTax": "None", "ebit": "2607000000", "ebitda": "2843000000", "netIncome": "2074000000"}, {"fiscalDateEnding": "2022-12-31", "reportedCurrency": "USD", "grossProfit": "7165000000", "totalRevenue": "7165000000", "costOfRevenue": "None", "costofGoodsAndServicesSold": "None", "operatingIncome": "3192000000", "sellingGeneralAndAdministrative": "2382000000", "researchAndDevelopment": "None", "operatingExpenses": "-3973000000", "investmentIncomeNet": "None", "netInterestIncome": "4786000000", "interestIncome": "5102000000", "interestExpense": "316000000", "nonInterestIncome": "None", "otherNonOperatingIncome": "None", "depreciation": "None", "depreciationAndAmortization": "353000000", "incomeBeforeTax": "2876000000", "incomeTaxExpense": "631000000", "interestAndDebtExpense": "None", "netIncomeFromContinuingOperations": "2245000000", "comprehensiveIncomeNetOfTax": "None", "ebit": "2876000000", "ebitda": "3229000000", "netIncome": "2245000000"}, {"fiscalDateEnding": "2021-12-31", "reportedCurrency": "USD", "grossProfit": "6438000000", "totalRevenue": "6438000000", "costOfRevenue": "None", "costofGoodsAndServicesSold": "None", "operatingIncome": "3215000000", "sellingGeneralAndAdministrative": "2250000000", "researchAndDevelopment": "None", "operatingExpenses": "-3223000000", "investmentIncomeNet": "None", "netInterestIncome": "3914000000", "interestIncome": "4081000000", "interestExpense": "167000000", "nonInterestIncome": "None", "otherNonOperatingIncome": "None", "depreciation": "None", "depreciationAndAmortization": "371000000", "incomeBeforeTax": "3215000000", "incomeTaxExpense": "694000000", "interestAndDebtExpense": "None", "netIncomeFromContinuingOperations": "2521000000", "comprehensiveIncomeNetOfTax": "None", "ebit": "3215000000", "ebitda": "3586000000", "netIncome": "2521000000"}, {"fiscalDateEnding": "2020-12-31", "reportedCurrency": "USD", "grossProfit": "6275000000", "totalRevenue": "6275000000", "costOfRevenue": "None", "costofGoodsAndServicesSold": "None", "operatingIncome": "1314000000", "sellingGeneralAndAdministrative": "2136000000", "researchAndDevelopment": "None", "operatingExpenses": "-4961000000", "investmentIncomeNet": "None", "netInterestIncome": "3894000000", "interestIncome": "4262000000", "interestExpense": "368000000", "nonInterestIncome": "None", "otherNonOperatingIncome": "None", "depreciation": "None", "depreciationAndAmortization": "421000000", "incomeBeforeTax": "1314000000", "incomeTaxExpense": "220000000", "interestAndDebtExpense": "None", "netIncomeFromContinuingOperations": "1094000000", "comprehensiveIncomeNetOfTax": "None", "ebit": "1314000000", "ebitda": "1735000000", "netIncome": "1094000000"}, {"fiscalDateEnding": "2019-12-31", "reportedCurrency": "USD", "grossProfit": "5904000000", "totalRevenue": "5904000000", "costOfRevenue": "None", "costofGoodsAndServicesSold": "None", "operatingIncome": "1985000000", "sellingGeneralAndAdministrative": "1916000000", "researchAndDevelopment": "None", "operatingExpenses": "-3919000000", "investmentIncomeNet": "None", "netInterestIncome": "3788000000", "interestIncome": "4639000000", "interestExpense": "851000000", "nonInterestIncome": "None", "otherNonOperatingIncome": "None", "depreciation": "None", "depreciationAndAmortization": "426000000", "incomeBeforeTax": "1985000000", "incomeTaxExpense": "403000000", "interestAndDebtExpense": "None", "netIncomeFromContinuingOperations": "1582000000", "comprehensiveIncomeNetOfTax": "None", "ebit": "1985000000", "ebitda": "2411000000", "netIncome": "1582000000"}, {"fiscalDateEnding": "2018-12-31", "reportedCurrency": "USD", "grossProfit": "5821000000", "totalRevenue": "5821000000", "costOfRevenue": "887000000", "costofGoodsAndServicesSold": "887000000", "operatingIncome": "2748000000", "sellingGeneralAndAdministrative": "2043000000", "researchAndDevelopment": "0", "operatingExpenses": "-3073000000", "investmentIncomeNet": "None", "netInterestIncome": "3791000000", "interestIncome": "4393000000", "interestExpense": "602000000", "nonInterestIncome": "None", "otherNonOperatingIncome": "None", "depreciation": "None", "depreciationAndAmortization": "462000000", "incomeBeforeTax": "1955000000", "incomeTaxExpense": "387000000", "interestAndDebtExpense": "None", "netIncomeFromContinuingOperations": "1568000000", "comprehensiveIncomeNetOfTax": "None", "ebit": "1955000000", "ebitda": "2417000000", "netIncome": "1759000000"}, {"fiscalDateEnding": "2017-12-31", "reportedCurrency": "USD", "grossProfit": "5720000000", "totalRevenue": "5720000000", "costOfRevenue": "598000000", "costofGoodsAndServicesSold": "598000000", "operatingIncome": "1257000000", "sellingGeneralAndAdministrative": "2062000000", "researchAndDevelopment": "0", "operatingExpenses": "75000000", "investmentIncomeNet": "None", "netInterestIncome": "3615000000", "interestIncome": "3988000000", "interestExpense": "373000000", "nonInterestIncome": "None", "otherNonOperatingIncome": "None", "depreciation": "None", "depreciationAndAmortization": "537000000", "incomeBeforeTax": "1871000000", "incomeTaxExpense": "614000000", "interestAndDebtExpense": "None", "netIncomeFromContinuingOperations": "1257000000", "comprehensiveIncomeNetOfTax": "None", "ebit": "1860000000", "ebitda": "2397000000", "netIncome": "1263000000"}, {"fiscalDateEnding": "2016-12-31", "reportedCurrency": "USD", "grossProfit": "5654000000", "totalRevenue": "5654000000", "costOfRevenue": "678000000", "costofGoodsAndServicesSold": "678000000", "operatingIncome": "1158000000", "sellingGeneralAndAdministrative": "2012000000", "researchAndDevelopment": "0", "operatingExpenses": "103000000", "investmentIncomeNet": "None", "netInterestIncome": "3501000000", "interestIncome": "3814000000", "interestExpense": "313000000", "nonInterestIncome": "None", "otherNonOperatingIncome": "None", "depreciation": "None", "depreciationAndAmortization": "574000000", "incomeBeforeTax": "1672000000", "incomeTaxExpense": "514000000", "interestAndDebtExpense": "None", "netIncomeFromContinuingOperations": "1158000000", "comprehensiveIncomeNetOfTax": "None", "ebit": "1730000000", "ebitda": "2304000000", "netIncome": "1163000000"}, {"fiscalDateEnding": "2015-12-31", "reportedCurrency": "USD", "grossProfit": "5406000000", "totalRevenue": "5406000000", "costOfRevenue": "537000000", "costofGoodsAndServicesSold": "537000000", "operatingIncome": "1075000000", "sellingGeneralAndAdministrative": "1988000000", "researchAndDevelopment": "0", "operatingExpenses": "28000000", "investmentIncomeNet": "None", "netInterestIncome": "3335000000", "interestIncome": "3603000000", "interestExpense": "268000000", "nonInterestIncome": "None", "otherNonOperatingIncome": "None", "depreciation": "None", "depreciationAndAmortization": "523000000", "incomeBeforeTax": "1530000000", "incomeTaxExpense": "455000000", "interestAndDebtExpense": "None", "netIncomeFromContinuingOperations": "1075000000", "comprehensiveIncomeNetOfTax": "None", "ebit": "1385000000", "ebitda": "1908000000", "netIncome": "1062000000"}, {"fiscalDateEnding": "2014-12-31", "reportedCurrency": "USD", "grossProfit": "5100000000", "totalRevenue": "5100000000", "costOfRevenue": "378000000", "costofGoodsAndServicesSold": "378000000", "operatingIncome": "1142000000", "sellingGeneralAndAdministrative": "1810000000", "researchAndDevelopment": "0", "operatingExpenses": "-3958000000", "investmentIncomeNet": "None", "netInterestIncome": "None", "interestIncome": "None", "interestExpense": "309000000", "nonInterestIncome": "None", "otherNonOperatingIncome": "None", "depreciation": "None", "depreciationAndAmortization": "523000000", "incomeBeforeTax": "1599000000", "incomeTaxExpense": "457000000", "interestAndDebtExpense": "None", "netIncomeFromContinuingOperations": "1142000000", "comprehensiveIncomeNetOfTax": "None", "ebit": "1506000000", "ebitda": "2029000000", "netIncome": "1155000000"}, {"fiscalDateEnding": "2013-12-31", "reportedCurrency": "USD", "grossProfit": "5281000000", "totalRevenue": "5281000000", "costOfRevenue": "522000000", "costofGoodsAndServicesSold": "522000000", "operatingIncome": "1135000000", "sellingGeneralAndAdministrative": "1818000000", "researchAndDevelopment": "0", "operatingExpenses": "-4146000000", "investmentIncomeNet": "None", "netInterestIncome": "None", "interestIncome": "None", "interestExpense": "384000000", "nonInterestIncome": "None", "otherNonOperatingIncome": "None", "depreciation": "None", "depreciationAndAmortization": "645000000", "incomeBeforeTax": "1587000000", "incomeTaxExpense": "452000000", "interestAndDebtExpense": "None", "netIncomeFromContinuingOperations": "1135000000", "comprehensiveIncomeNetOfTax": "None", "ebit": "1544000000", "ebitda": "2189000000", "netIncome": "1122000000"}, {"fiscalDateEnding": "2012-12-31", "reportedCurrency": "USD", "grossProfit": "5400000000", "totalRevenue": "5400000000", "costOfRevenue": "816000000", "costofGoodsAndServicesSold": "816000000", "operatingIncome": "1179000000", "sellingGeneralAndAdministrative": "1763000000", "researchAndDevelopment": "0", "operatingExpenses": "-4221000000", "investmentIncomeNet": "None", "netInterestIncome": "None", "interestIncome": "None", "interestExpense": "603000000", "nonInterestIncome": "None", "otherNonOperatingIncome": "None", "depreciation": "None", "depreciationAndAmortization": "717000000", "incomeBeforeTax": "1661000000", "incomeTaxExpense": "482000000", "interestAndDebtExpense": "None", "netIncomeFromContinuingOperations": "1179000000", "comprehensiveIncomeNetOfTax": "None", "ebit": "2205000000", "ebitda": "2922000000", "netIncome": "1120000000"}, {"fiscalDateEnding": "2011-12-31", "reportedCurrency": "USD", "grossProfit": "5893000000", "totalRevenue": "5893000000", "costOfRevenue": "2372000000", "costofGoodsAndServicesSold": "2372000000", "operatingIncome": "189000000", "sellingGeneralAndAdministrative": "1821000000", "researchAndDevelopment": "0", "operatingExpenses": "-5704000000", "investmentIncomeNet": "None", "netInterestIncome": "None", "interestIncome": "None", "interestExpense": "843000000", "nonInterestIncome": "None", "otherNonOperatingIncome": "None", "depreciation": "None", "depreciationAndAmortization": "269000000", "incomeBeforeTax": "161000000", "incomeTaxExpense": "-28000000", "interestAndDebtExpense": "None", "netIncomeFromContinuingOperations": "None", "comprehensiveIncomeNetOfTax": "None", "ebit": "319000000", "ebitda": "588000000", "netIncome": "-215000000"}, {"fiscalDateEnding": "2010-12-31", "reportedCurrency": "USD", "grossProfit": "6961000000", "totalRevenue": "6961000000", "costOfRevenue": "4120000000", "costofGoodsAndServicesSold": "4120000000", "operatingIncome": "-539000000", "sellingGeneralAndAdministrative": "2538000000", "researchAndDevelopment": "None", "operatingExpenses": "-7500000000", "investmentIncomeNet": "None", "netInterestIncome": "None", "interestIncome": "None", "interestExpense": "1257000000", "nonInterestIncome": "None", "otherNonOperatingIncome": "None", "depreciation": "None", "depreciationAndAmortization": "284000000", "incomeBeforeTax": "-885000000", "incomeTaxExpense": "-346000000", "interestAndDebtExpense": "None", "netIncomeFromContinuingOperations": "-539000000", "comprehensiveIncomeNetOfTax": "None", "ebit": "-823000000", "ebitda": "-539000000", "netIncome": "-539000000"}, {"fiscalDateEnding": "2009-12-31", "reportedCurrency": "USD", "grossProfit": "7015000000", "totalRevenue": "7015000000", "costOfRevenue": "5538000000", "costofGoodsAndServicesSold": "5538000000", "operatingIncome": "-1031000000", "sellingGeneralAndAdministrative": "2496000000", "researchAndDevelopment": "0", "operatingExpenses": "-8046000000", "investmentIncomeNet": "None", "netInterestIncome": "None", "interestIncome": "None", "interestExpense": "1997000000", "nonInterestIncome": "None", "otherNonOperatingIncome": "None", "depreciation": "None", "depreciationAndAmortization": "284000000", "incomeBeforeTax": "-1202000000", "incomeTaxExpense": "-171000000", "interestAndDebtExpense": "None", "netIncomeFromContinuingOperations": "None", "comprehensiveIncomeNetOfTax": "None", "ebit": "795000000", "ebitda": "1079000000", "netIncome": "-1031000000"}, {"fiscalDateEnding": "2008-12-31", "reportedCurrency": "USD", "grossProfit": "6916187000", "totalRevenue": "6916187000", "costOfRevenue": "4777434000", "costofGoodsAndServicesSold": "4777434000", "operatingIncome": "-5584313000", "sellingGeneralAndAdministrative": "2355939000", "researchAndDevelopment": "None", "operatingExpenses": "-12500500000", "investmentIncomeNet": "None", "netInterestIncome": "None", "interestIncome": "None", "interestExpense": "2720434000", "nonInterestIncome": "None", "otherNonOperatingIncome": "None", "depreciation": "None", "depreciationAndAmortization": "371381000", "incomeBeforeTax": "-5932427000", "incomeTaxExpense": "-348114000", "interestAndDebtExpense": "None", "netIncomeFromContinuingOperations": "None", "comprehensiveIncomeNetOfTax": "None", "ebit": "-3223454000", "ebitda": "-2852073000", "netIncome": "-5595774000"}, {"fiscalDateEnding": "2007-12-31", "reportedCurrency": "USD", "grossProfit": "7254201000", "totalRevenue": "7254201000", "costOfRevenue": "4231297000", "costofGoodsAndServicesSold": "4231297000", "operatingIncome": "1393163000", "sellingGeneralAndAdministrative": "2471869000", "researchAndDevelopment": "None", "operatingExpenses": "-5861038000", "investmentIncomeNet": "None", "netInterestIncome": "None", "interestIncome": "None", "interestExpense": "3676297000", "nonInterestIncome": "None", "otherNonOperatingIncome": "None", "depreciation": "None", "depreciationAndAmortization": "269409000", "incomeBeforeTax": "2038850000", "incomeTaxExpense": "645687000", "interestAndDebtExpense": "None", "netIncomeFromContinuingOperations": "None", "comprehensiveIncomeNetOfTax": "None", "ebit": "5573079000", "ebitda": "5842488000", "netIncome": "1251095000"}, {"fiscalDateEnding": "2006-12-31", "reportedCurrency": "USD", "grossProfit": "5415546000", "totalRevenue": "5415546000", "costOfRevenue": "2483316000", "costofGoodsAndServicesSold": "2483316000", "operatingIncome": "4299831000", "sellingGeneralAndAdministrative": "1985203000", "researchAndDevelopment": "None", "operatingExpenses": "-1115715000", "investmentIncomeNet": "None", "netInterestIncome": "None", "interestIncome": "None", "interestExpense": "2340816000", "nonInterestIncome": "None", "otherNonOperatingIncome": "None", "depreciation": "None", "depreciationAndAmortization": "160038000", "incomeBeforeTax": "1959015000", "incomeTaxExpense": "605870000", "interestAndDebtExpense": "None", "netIncomeFromContinuingOperations": "None", "comprehensiveIncomeNetOfTax": "None", "ebit": "4299831000", "ebitda": "4459869000", "netIncome": "1353145000"}, {"fiscalDateEnding": "2005-12-31", "reportedCurrency": "USD", "grossProfit": "4634051000", "totalRevenue": "4634051000", "costOfRevenue": "1654756000", "costofGoodsAndServicesSold": "1654756000", "operatingIncome": "2911851000", "sellingGeneralAndAdministrative": "1739017000", "researchAndDevelopment": "None", "operatingExpenses": "-1722200000", "investmentIncomeNet": "None", "netInterestIncome": "None", "interestIncome": "None", "interestExpense": "1489756000", "nonInterestIncome": "None", "otherNonOperatingIncome": "None", "depreciation": "None", "depreciationAndAmortization": "297579000", "incomeBeforeTax": "1422095000", "incomeTaxExpense": "421551000", "interestAndDebtExpense": "None", "netIncomeFromContinuingOperations": "None", "comprehensiveIncomeNetOfTax": "None", "ebit": "2911851000", "ebitda": "3209430000", "netIncome": "1000544000"}], "quarterlyReports": [{"fiscalDateEnding": "2024-12-31", "reportedCurrency": "USD", "grossProfit": "1815000000", "totalRevenue": "1815000000", "costOfRevenue": "None", "costofGoodsAndServicesSold": "None", "operatingIncome": "657000000", "sellingGeneralAndAdministrative": "528000000", "researchAndDevelopment": "None", "operatingExpenses": "1158000000", "investmentIncomeNet": "None", "netInterestIncome": "1230000000", "interestIncome": "1802000000", "interestExpense": "572000000", "nonInterestIncome": "None", "otherNonOperatingIncome": "None", "depreciation": "None", "depreciationAndAmortization": "21000000", "incomeBeforeTax": "657000000", "incomeTaxExpense": "123000000", "interestAndDebtExpense": "None", "netIncomeFromContinuingOperations": "534000000", "comprehensiveIncomeNetOfTax": "None", "ebit": "657000000", "ebitda": "678000000", "netIncome": "534000000"}, {"fiscalDateEnding": "2024-09-30", "reportedCurrency": "USD", "grossProfit": "2352000000", "totalRevenue": "1790000000", "costOfRevenue": "-562000000", "costofGoodsAndServicesSold": "-562000000", "operatingIncome": "642000000", "sellingGeneralAndAdministrative": "662000000", "researchAndDevelopment": "None", "operatingExpenses": "1790000000", "investmentIncomeNet": "None", "netInterestIncome": "1218000000", "interestIncome": "1820000000", "interestExpense": "602000000", "nonInterestIncome": "None", "otherNonOperatingIncome": "None", "depreciation": "None", "depreciationAndAmortization": "34000000", "incomeBeforeTax": "608000000", "incomeTaxExpense": "118000000", "interestAndDebtExpense": "None", "netIncomeFromContinuingOperations": "490000000", "comprehensiveIncomeNetOfTax": "None", "ebit": "608000000", "ebitda": "642000000", "netIncome": "490000000"}, {"fiscalDateEnding": "2024-06-30", "reportedCurrency": "USD", "grossProfit": "2317000000", "totalRevenue": "2276000000", "costOfRevenue": "-41000000", "costofGoodsAndServicesSold": "-41000000", "operatingIncome": "626000000", "sellingGeneralAndAdministrative": "638000000", "researchAndDevelopment": "None", "operatingExpenses": "167000000", "investmentIncomeNet": "None", "netInterestIncome": "1186000000", "interestIncome": "1762000000", "interestExpense": "576000000", "nonInterestIncome": "None", "otherNonOperatingIncome": "None", "depreciation": "None", "depreciationAndAmortization": "41000000", "incomeBeforeTax": "625000000", "incomeTaxExpense": "124000000", "interestAndDebtExpense": "None", "netIncomeFromContinuingOperations": "501000000", "comprehensiveIncomeNetOfTax": "None", "ebit": "625000000", "ebitda": "666000000", "netIncome": "501000000"}, {"fiscalDateEnding": "2024-03-31", "reportedCurrency": "USD", "grossProfit": "2291000000", "totalRevenue": "2307000000", "costOfRevenue": "16000000", "costofGoodsAndServicesSold": "16000000", "operatingIncome": "478000000", "sellingGeneralAndAdministrative": "701000000", "researchAndDevelopment": "None", "operatingExpenses": "207000000", "investmentIncomeNet": "None", "netInterestIncome": "1184000000", "interestIncome": "1724000000", "interestExpense": "540000000", "nonInterestIncome": "None", "otherNonOperatingIncome": "None", "depreciation": "None", "depreciationAndAmortization": "48000000", "incomeBeforeTax": "464000000", "incomeTaxExpense": "96000000", "interestAndDebtExpense": "None", "netIncomeFromContinuingOperations": "368000000", "comprehensiveIncomeNetOfTax": "None", "ebit": "524028000", "ebitda": "572028000", "netIncome": "368000000"}, {"fiscalDateEnding": "2023-12-31", "reportedCurrency": "USD", "grossProfit": "1133000000", "totalRevenue": "1133000000", "costOfRevenue": "None", "costofGoodsAndServicesSold": "None", "operatingIncome": "-2297000000", "sellingGeneralAndAdministrative": "1886000000", "researchAndDevelopment": "None", "operatingExpenses": "3467000000", "investmentIncomeNet": "None", "netInterestIncome": "1231000000", "interestIncome": "1751000000", "interestExpense": "520000000", "nonInterestIncome": "None", "otherNonOperatingIncome": "None", "depreciation": "None", "depreciationAndAmortization": "53000000", "incomeBeforeTax": "471000000", "incomeTaxExpense": "80000000", "interestAndDebtExpense": "None", "netIncomeFromContinuingOperations": "391000000", "comprehensiveIncomeNetOfTax": "None", "ebit": "829000000", "ebitda": "882000000", "netIncome": "391000000"}, {"fiscalDateEnding": "2023-09-30", "reportedCurrency": "USD", "grossProfit": "1857000000", "totalRevenue": "1857000000", "costOfRevenue": "None", "costofGoodsAndServicesSold": "None", "operatingIncome": "619000000", "sellingGeneralAndAdministrative": "613000000", "researchAndDevelopment": "None", "operatingExpenses": "-1238000000", "investmentIncomeNet": "None", "netInterestIncome": "1291000000", "interestIncome": "1766000000", "interestExpense": "475000000", "nonInterestIncome": "None", "otherNonOperatingIncome": "None", "depreciation": "None", "depreciationAndAmortization": "59000000", "incomeBeforeTax": "619000000", "incomeTaxExpense": "129000000", "interestAndDebtExpense": "None", "netIncomeFromContinuingOperations": "490000000", "comprehensiveIncomeNetOfTax": "None", "ebit": "619000000", "ebitda": "678000000", "netIncome": "490000000"}, {"fiscalDateEnding": "2023-06-30", "reportedCurrency": "USD", "grossProfit": "1957000000", "totalRevenue": "1957000000", "costOfRevenue": "None", "costofGoodsAndServicesSold": "None", "operatingIncome": "728000000", "sellingGeneralAndAdministrative": "632000000", "researchAndDevelopment": "None", "operatingExpenses": "-1229000000", "investmentIncomeNet": "None", "netInterestIncome": "1381000000", "interestIncome": "1739000000", "interestExpense": "358000000", "nonInterestIncome": "None", "otherNonOperatingIncome": "None", "depreciation": "None", "depreciationAndAmortization": "61000000", "incomeBeforeTax": "728000000", "incomeTaxExpense": "147000000", "interestAndDebtExpense": "None", "netIncomeFromContinuingOperations": "581000000", "comprehensiveIncomeNetOfTax": "None", "ebit": "728000000", "ebitda": "789000000", "netIncome": "581000000"}, {"fiscalDateEnding": "2023-03-31", "reportedCurrency": "USD", "grossProfit": "1951000000", "totalRevenue": "1951000000", "costOfRevenue": "None", "costofGoodsAndServicesSold": "None", "operatingIncome": "789000000", "sellingGeneralAndAdministrative": "641000000", "researchAndDevelopment": "None", "operatingExpenses": "1162000000", "investmentIncomeNet": "None", "netInterestIncome": "1417000000", "interestIncome": "1641000000", "interestExpense": "224000000", "nonInterestIncome": "None", "otherNonOperatingIncome": "None", "depreciation": "None", "depreciationAndAmortization": "63000000", "incomeBeforeTax": "789000000", "incomeTaxExpense": "177000000", "interestAndDebtExpense": "None", "netIncomeFromContinuingOperations": "612000000", "comprehensiveIncomeNetOfTax": "None", "ebit": "789000000", "ebitda": "852000000", "netIncome": "612000000"}, {"fiscalDateEnding": "2022-12-31", "reportedCurrency": "USD", "grossProfit": "14000000", "totalRevenue": "1951000000", "costOfRevenue": "None", "costofGoodsAndServicesSold": "None", "operatingIncome": "1023000000", "sellingGeneralAndAdministrative": "622000000", "researchAndDevelopment": "None", "operatingExpenses": "-1832000000", "investmentIncomeNet": "None", "netInterestIncome": "1401000000", "interestIncome": "1552000000", "interestExpense": "151000000", "nonInterestIncome": "None", "otherNonOperatingIncome": "None", "depreciation": "None", "depreciationAndAmortization": "69000000", "incomeBeforeTax": "872000000", "incomeTaxExpense": "187000000", "interestAndDebtExpense": "None", "netIncomeFromContinuingOperations": "685000000", "comprehensiveIncomeNetOfTax": "None", "ebit": "1023000000", "ebitda": "1092000000", "netIncome": "685000000"}, {"fiscalDateEnding": "2022-09-30", "reportedCurrency": "USD", "grossProfit": "523000000", "totalRevenue": "1866000000", "costOfRevenue": "None", "costofGoodsAndServicesSold": "None", "operatingIncome": "618000000", "sellingGeneralAndAdministrative": "609000000", "researchAndDevelopment": "None", "operatingExpenses": "1170000000", "investmentIncomeNet": "None", "netInterestIncome": "1262000000", "interestIncome": "1343000000", "interestExpense": "81000000", "nonInterestIncome": "None", "otherNonOperatingIncome": "None", "depreciation": "None", "depreciationAndAmortization": "83000000", "incomeBeforeTax": "562000000", "incomeTaxExpense": "133000000", "interestAndDebtExpense": "None", "netIncomeFromContinuingOperations": "429000000", "comprehensiveIncomeNetOfTax": "None", "ebit": "618000000", "ebitda": "701000000", "netIncome": "429000000"}, {"fiscalDateEnding": "2022-06-30", "reportedCurrency": "USD", "grossProfit": "13000000", "totalRevenue": "1748000000", "costOfRevenue": "None", "costofGoodsAndServicesSold": "None", "operatingIncome": "787000000", "sellingGeneralAndAdministrative": "588000000", "researchAndDevelopment": "None", "operatingExpenses": "948000000", "investmentIncomeNet": "None", "netInterestIncome": "1108000000", "interestIncome": "1155000000", "interestExpense": "47000000", "nonInterestIncome": "None", "otherNonOperatingIncome": "None", "depreciation": "None", "depreciationAndAmortization": "96000000", "incomeBeforeTax": "740000000", "incomeTaxExpense": "157000000", "interestAndDebtExpense": "None", "netIncomeFromContinuingOperations": "583000000", "comprehensiveIncomeNetOfTax": "None", "ebit": "787000000", "ebitda": "883000000", "netIncome": "583000000"}, {"fiscalDateEnding": "2022-03-31", "reportedCurrency": "USD", "grossProfit": "547000000", "totalRevenue": "1599000000", "costOfRevenue": "None", "costofGoodsAndServicesSold": "None", "operatingIncome": "715000000", "sellingGeneralAndAdministrative": "560000000", "researchAndDevelopment": "None", "operatingExpenses": "933000000", "investmentIncomeNet": "None", "netInterestIncome": "1015000000", "interestIncome": "1052000000", "interestExpense": "37000000", "nonInterestIncome": "None", "otherNonOperatingIncome": "None", "depreciation": "None", "depreciationAndAmortization": "105000000", "incomeBeforeTax": "702000000", "incomeTaxExpense": "154000000", "interestAndDebtExpense": "None", "netIncomeFromContinuingOperations": "548000000", "comprehensiveIncomeNetOfTax": "None", "ebit": "715000000", "ebitda": "820000000", "netIncome": "548000000"}, {"fiscalDateEnding": "2021-12-31", "reportedCurrency": "USD", "grossProfit": "1634000000", "totalRevenue": "1634000000", "costOfRevenue": "None", "costofGoodsAndServicesSold": "None", "operatingIncome": "578000000", "sellingGeneralAndAdministrative": "588000000", "researchAndDevelopment": "None", "operatingExpenses": "-1723000000", "investmentIncomeNet": "None", "netInterestIncome": "1019000000", "interestIncome": "1056000000", "interestExpense": "37000000", "nonInterestIncome": "None", "otherNonOperatingIncome": "None", "depreciation": "None", "depreciationAndAmortization": "78000000", "incomeBeforeTax": "541000000", "incomeTaxExpense": "103000000", "interestAndDebtExpense": "None", "netIncomeFromContinuingOperations": "438000000", "comprehensiveIncomeNetOfTax": "None", "ebit": "467000000", "ebitda": "545000000", "netIncome": "414000000"}, {"fiscalDateEnding": "2021-09-30", "reportedCurrency": "USD", "grossProfit": "1614000000", "totalRevenue": "1614000000", "costOfRevenue": "None", "costofGoodsAndServicesSold": "None", "operatingIncome": "872000000", "sellingGeneralAndAdministrative": "558000000", "researchAndDevelopment": "None", "operatingExpenses": "-742000000", "investmentIncomeNet": "None", "netInterestIncome": "965000000", "interestIncome": "1006000000", "interestExpense": "41000000", "nonInterestIncome": "None", "otherNonOperatingIncome": "None", "depreciation": "None", "depreciationAndAmortization": "98000000", "incomeBeforeTax": "831000000", "incomeTaxExpense": "180000000", "interestAndDebtExpense": "None", "netIncomeFromContinuingOperations": "651000000", "comprehensiveIncomeNetOfTax": "None", "ebit": "760000000", "ebitda": "858000000", "netIncome": "623000000"}, {"fiscalDateEnding": "2021-06-30", "reportedCurrency": "USD", "grossProfit": "1582000000", "totalRevenue": "1582000000", "costOfRevenue": "None", "costofGoodsAndServicesSold": "None", "operatingIncome": "1064000000", "sellingGeneralAndAdministrative": "535000000", "researchAndDevelopment": "None", "operatingExpenses": "-518000000", "investmentIncomeNet": "None", "netInterestIncome": "963000000", "interestIncome": "1006000000", "interestExpense": "43000000", "nonInterestIncome": "None", "otherNonOperatingIncome": "None", "depreciation": "None", "depreciationAndAmortization": "94000000", "incomeBeforeTax": "1021000000", "incomeTaxExpense": "231000000", "interestAndDebtExpense": "None", "netIncomeFromContinuingOperations": "790000000", "comprehensiveIncomeNetOfTax": "None", "ebit": "986000000", "ebitda": "1080000000", "netIncome": "747000000"}, {"fiscalDateEnding": "2021-03-31", "reportedCurrency": "USD", "grossProfit": "1608000000", "totalRevenue": "1608000000", "costOfRevenue": "None", "costofGoodsAndServicesSold": "None", "operatingIncome": "868000000", "sellingGeneralAndAdministrative": "556000000", "researchAndDevelopment": "None", "operatingExpenses": "-740000000", "investmentIncomeNet": "None", "netInterestIncome": "967000000", "interestIncome": "1013000000", "interestExpense": "46000000", "nonInterestIncome": "None", "otherNonOperatingIncome": "None", "depreciation": "None", "depreciationAndAmortization": "101000000", "incomeBeforeTax": "822000000", "incomeTaxExpense": "180000000", "interestAndDebtExpense": "None", "netIncomeFromContinuingOperations": "642000000", "comprehensiveIncomeNetOfTax": "None", "ebit": "822000000", "ebitda": "923000000", "netIncome": "613000000"}, {"fiscalDateEnding": "2020-12-31", "reportedCurrency": "USD", "grossProfit": "1686000000", "totalRevenue": "1686000000", "costOfRevenue": "None", "costofGoodsAndServicesSold": "None", "operatingIncome": "1094000000", "sellingGeneralAndAdministrative": "586000000", "researchAndDevelopment": "None", "operatingExpenses": "-1618000000", "investmentIncomeNet": "None", "netInterestIncome": "1006000000", "interestIncome": "1061000000", "interestExpense": "55000000", "nonInterestIncome": "None", "otherNonOperatingIncome": "None", "depreciation": "None", "depreciationAndAmortization": "61000000", "incomeBeforeTax": "737000000", "incomeTaxExpense": "121000000", "interestAndDebtExpense": "None", "netIncomeFromContinuingOperations": "616000000", "comprehensiveIncomeNetOfTax": "None", "ebit": "740000000", "ebitda": "801000000", "netIncome": "588000000"}, {"fiscalDateEnding": "2020-09-30", "reportedCurrency": "USD", "grossProfit": "1643000000", "totalRevenue": "1643000000", "costOfRevenue": "None", "costofGoodsAndServicesSold": "None", "operatingIncome": "705000000", "sellingGeneralAndAdministrative": "521000000", "researchAndDevelopment": "None", "operatingExpenses": "-938000000", "investmentIncomeNet": "None", "netInterestIncome": "988000000", "interestIncome": "1059000000", "interestExpense": "71000000", "nonInterestIncome": "None", "otherNonOperatingIncome": "None", "depreciation": "None", "depreciationAndAmortization": "132000000", "incomeBeforeTax": "634000000", "incomeTaxExpense": "104000000", "interestAndDebtExpense": "None", "netIncomeFromContinuingOperations": "530000000", "comprehensiveIncomeNetOfTax": "None", "ebit": "634000000", "ebitda": "766000000", "netIncome": "498000000"}, {"fiscalDateEnding": "2020-06-30", "reportedCurrency": "USD", "grossProfit": "1545000000", "totalRevenue": "1545000000", "costOfRevenue": "None", "costofGoodsAndServicesSold": "None", "operatingIncome": "-170000000", "sellingGeneralAndAdministrative": "526000000", "researchAndDevelopment": "None", "operatingExpenses": "-1715000000", "investmentIncomeNet": "None", "netInterestIncome": "972000000", "interestIncome": "1063000000", "interestExpense": "91000000", "nonInterestIncome": "None", "otherNonOperatingIncome": "None", "depreciation": "None", "depreciationAndAmortization": "128000000", "incomeBeforeTax": "-261000000", "incomeTaxExpense": "-47000000", "interestAndDebtExpense": "None", "netIncomeFromContinuingOperations": "-214000000", "comprehensiveIncomeNetOfTax": "None", "ebit": "-261000000", "ebitda": "-133000000", "netIncome": "-214000000"}, {"fiscalDateEnding": "2020-03-31", "reportedCurrency": "USD", "grossProfit": "1438000000", "totalRevenue": "1438000000", "costOfRevenue": "None", "costofGoodsAndServicesSold": "None", "operatingIncome": "355000000", "sellingGeneralAndAdministrative": "503000000", "researchAndDevelopment": "None", "operatingExpenses": "-1083000000", "investmentIncomeNet": "None", "netInterestIncome": "928000000", "interestIncome": "1079000000", "interestExpense": "151000000", "nonInterestIncome": "None", "otherNonOperatingIncome": "None", "depreciation": "None", "depreciationAndAmortization": "100000000", "incomeBeforeTax": "204000000", "incomeTaxExpense": "42000000", "interestAndDebtExpense": "None", "netIncomeFromContinuingOperations": "162000000", "comprehensiveIncomeNetOfTax": "None", "ebit": "355000000", "ebitda": "455000000", "netIncome": "139000000"}, {"fiscalDateEnding": "2019-12-31", "reportedCurrency": "USD", "grossProfit": "1490000000", "totalRevenue": "1490000000", "costOfRevenue": "None", "costofGoodsAndServicesSold": "None", "operatingIncome": "1582000000", "sellingGeneralAndAdministrative": "492000000", "researchAndDevelopment": "None", "operatingExpenses": "43000000", "investmentIncomeNet": "None", "netInterestIncome": "928000000", "interestIncome": "1108000000", "interestExpense": "180000000", "nonInterestIncome": "None", "otherNonOperatingIncome": "None", "depreciation": "None", "depreciationAndAmortization": "105000000", "incomeBeforeTax": "487000000", "incomeTaxExpense": "98000000", "interestAndDebtExpense": "None", "netIncomeFromContinuingOperations": "389000000", "comprehensiveIncomeNetOfTax": "None", "ebit": "667000000", "ebitda": "772000000", "netIncome": "368000000"}, {"fiscalDateEnding": "2019-09-30", "reportedCurrency": "USD", "grossProfit": "1498000000", "totalRevenue": "1498000000", "costOfRevenue": "None", "costofGoodsAndServicesSold": "None", "operatingIncome": "409000000", "sellingGeneralAndAdministrative": "486000000", "researchAndDevelopment": "None", "operatingExpenses": "10000000", "investmentIncomeNet": "None", "netInterestIncome": "947000000", "interestIncome": "1160000000", "interestExpense": "213000000", "nonInterestIncome": "None", "otherNonOperatingIncome": "None", "depreciation": "None", "depreciationAndAmortization": "109000000", "incomeBeforeTax": "516000000", "incomeTaxExpense": "107000000", "interestAndDebtExpense": "None", "netIncomeFromContinuingOperations": "409000000", "comprehensiveIncomeNetOfTax": "None", "ebit": "397000000", "ebitda": "506000000", "netIncome": "385000000"}, {"fiscalDateEnding": "2019-06-30", "reportedCurrency": "USD", "grossProfit": "1449000000", "totalRevenue": "1449000000", "costOfRevenue": "None", "costofGoodsAndServicesSold": "None", "operatingIncome": "390000000", "sellingGeneralAndAdministrative": "483000000", "researchAndDevelopment": "None", "operatingExpenses": "11000000", "investmentIncomeNet": "None", "netInterestIncome": "953000000", "interestIncome": "1188000000", "interestExpense": "235000000", "nonInterestIncome": "None", "otherNonOperatingIncome": "None", "depreciation": "None", "depreciationAndAmortization": "107000000", "incomeBeforeTax": "483000000", "incomeTaxExpense": "93000000", "interestAndDebtExpense": "None", "netIncomeFromContinuingOperations": "390000000", "comprehensiveIncomeNetOfTax": "None", "ebit": "360000000", "ebitda": "467000000", "netIncome": "393000000"}, {"fiscalDateEnding": "2019-03-31", "reportedCurrency": "USD", "grossProfit": "1463000000", "totalRevenue": "1463000000", "costOfRevenue": "None", "costofGoodsAndServicesSold": "None", "operatingIncome": "394000000", "sellingGeneralAndAdministrative": "492000000", "researchAndDevelopment": "None", "operatingExpenses": "12000000", "investmentIncomeNet": "None", "netInterestIncome": "960000000", "interestIncome": "1183000000", "interestExpense": "223000000", "nonInterestIncome": "None", "otherNonOperatingIncome": "None", "depreciation": "None", "depreciationAndAmortization": "105000000", "incomeBeforeTax": "499000000", "incomeTaxExpense": "105000000", "interestAndDebtExpense": "None", "netIncomeFromContinuingOperations": "394000000", "comprehensiveIncomeNetOfTax": "None", "ebit": "386000000", "ebitda": "491000000", "netIncome": "385000000"}, {"fiscalDateEnding": "2018-12-31", "reportedCurrency": "USD", "grossProfit": "1466000000", "totalRevenue": "1466000000", "costOfRevenue": "295000000", "costofGoodsAndServicesSold": "295000000", "operatingIncome": "1568000000", "sellingGeneralAndAdministrative": "493000000", "researchAndDevelopment": "0", "operatingExpenses": "56000000", "investmentIncomeNet": "None", "netInterestIncome": "None", "interestIncome": "None", "interestExpense": "188000000", "nonInterestIncome": "None", "otherNonOperatingIncome": "None", "depreciation": "None", "depreciationAndAmortization": "107000000", "incomeBeforeTax": "491000000", "incomeTaxExpense": "85000000", "interestAndDebtExpense": "None", "netIncomeFromContinuingOperations": "406000000", "comprehensiveIncomeNetOfTax": "None", "ebit": "679000000", "ebitda": "786000000", "netIncome": "390000000"}, {"fiscalDateEnding": "2018-09-30", "reportedCurrency": "USD", "grossProfit": "1475000000", "totalRevenue": "1475000000", "costOfRevenue": "254000000", "costofGoodsAndServicesSold": "254000000", "operatingIncome": "370000000", "sellingGeneralAndAdministrative": "495000000", "researchAndDevelopment": "0", "operatingExpenses": "14000000", "investmentIncomeNet": "None", "netInterestIncome": "None", "interestIncome": "None", "interestExpense": "156000000", "nonInterestIncome": "None", "otherNonOperatingIncome": "None", "depreciation": "None", "depreciationAndAmortization": "116000000", "incomeBeforeTax": "455000000", "incomeTaxExpense": "85000000", "interestAndDebtExpense": "None", "netIncomeFromContinuingOperations": "370000000", "comprehensiveIncomeNetOfTax": "None", "ebit": "344000000", "ebitda": "460000000", "netIncome": "548000000"}, {"fiscalDateEnding": "2018-06-30", "reportedCurrency": "USD", "grossProfit": "1454000000", "totalRevenue": "1454000000", "costOfRevenue": "210000000", "costofGoodsAndServicesSold": "210000000", "operatingIncome": "378000000", "sellingGeneralAndAdministrative": "536000000", "researchAndDevelopment": "0", "operatingExpenses": "14000000", "investmentIncomeNet": "None", "netInterestIncome": "None", "interestIncome": "None", "interestExpense": "136000000", "nonInterestIncome": "None", "otherNonOperatingIncome": "None", "depreciation": "None", "depreciationAndAmortization": "118000000", "incomeBeforeTax": "467000000", "incomeTaxExpense": "89000000", "interestAndDebtExpense": "None", "netIncomeFromContinuingOperations": "378000000", "comprehensiveIncomeNetOfTax": "None", "ebit": "355000000", "ebitda": "473000000", "netIncome": "358000000"}, {"fiscalDateEnding": "2018-03-31", "reportedCurrency": "USD", "grossProfit": "1432000000", "totalRevenue": "1432000000", "costOfRevenue": "128000000", "costofGoodsAndServicesSold": "128000000", "operatingIncome": "414000000", "sellingGeneralAndAdministrative": "519000000", "researchAndDevelopment": "0", "operatingExpenses": "16000000", "investmentIncomeNet": "None", "netInterestIncome": "None", "interestIncome": "None", "interestExpense": "122000000", "nonInterestIncome": "None", "otherNonOperatingIncome": "None", "depreciation": "None", "depreciationAndAmortization": "121000000", "incomeBeforeTax": "542000000", "incomeTaxExpense": "128000000", "interestAndDebtExpense": "None", "netIncomeFromContinuingOperations": "414000000", "comprehensiveIncomeNetOfTax": "None", "ebit": "438000000", "ebitda": "559000000", "netIncome": "398000000"}, {"fiscalDateEnding": "2017-12-31", "reportedCurrency": "USD", "grossProfit": "1473000000", "totalRevenue": "1473000000", "costOfRevenue": "75000000", "costofGoodsAndServicesSold": "75000000", "operatingIncome": "1257000000", "sellingGeneralAndAdministrative": "523000000", "researchAndDevelopment": "0", "operatingExpenses": "75000000", "investmentIncomeNet": "None", "netInterestIncome": "None", "interestIncome": "None", "interestExpense": "102000000", "nonInterestIncome": "None", "otherNonOperatingIncome": "None", "depreciation": "None", "depreciationAndAmortization": "127000000", "incomeBeforeTax": "548000000", "incomeTaxExpense": "214000000", "interestAndDebtExpense": "None", "netIncomeFromContinuingOperations": "334000000", "comprehensiveIncomeNetOfTax": "None", "ebit": "621000000", "ebitda": "748000000", "netIncome": "306000000"}, {"fiscalDateEnding": "2017-09-30", "reportedCurrency": "USD", "grossProfit": "1431000000", "totalRevenue": "1431000000", "costOfRevenue": "191000000", "costofGoodsAndServicesSold": "191000000", "operatingIncome": "312000000", "sellingGeneralAndAdministrative": "511000000", "researchAndDevelopment": "0", "operatingExpenses": "18000000", "investmentIncomeNet": "None", "netInterestIncome": "None", "interestIncome": "None", "interestExpense": "97000000", "nonInterestIncome": "None", "otherNonOperatingIncome": "None", "depreciation": "None", "depreciationAndAmortization": "136000000", "incomeBeforeTax": "451000000", "incomeTaxExpense": "139000000", "interestAndDebtExpense": "None", "netIncomeFromContinuingOperations": "312000000", "comprehensiveIncomeNetOfTax": "None", "ebit": "360000000", "ebitda": "496000000", "netIncome": "287000000"}, {"fiscalDateEnding": "2017-06-30", "reportedCurrency": "USD", "grossProfit": "1425000000", "totalRevenue": "1425000000", "costOfRevenue": "-18000000", "costofGoodsAndServicesSold": "-18000000", "operatingIncome": "317000000", "sellingGeneralAndAdministrative": "523000000", "researchAndDevelopment": "0", "operatingExpenses": "18000000", "investmentIncomeNet": "None", "netInterestIncome": "None", "interestIncome": "None", "interestExpense": "89000000", "nonInterestIncome": "None", "otherNonOperatingIncome": "None", "depreciation": "None", "depreciationAndAmortization": "134000000", "incomeBeforeTax": "450000000", "incomeTaxExpense": "133000000", "interestAndDebtExpense": "None", "netIncomeFromContinuingOperations": "317000000", "comprehensiveIncomeNetOfTax": "None", "ebit": "346000000", "ebitda": "480000000", "netIncome": "299000000"}, {"fiscalDateEnding": "2017-03-31", "reportedCurrency": "USD", "grossProfit": "1391000000", "totalRevenue": "1391000000", "costOfRevenue": "-22000000", "costofGoodsAndServicesSold": "-22000000", "operatingIncome": "294000000", "sellingGeneralAndAdministrative": "505000000", "researchAndDevelopment": "0", "operatingExpenses": "22000000", "investmentIncomeNet": "None", "netInterestIncome": "None", "interestIncome": "None", "interestExpense": "85000000", "nonInterestIncome": "None", "otherNonOperatingIncome": "None", "depreciation": "None", "depreciationAndAmortization": "140000000", "incomeBeforeTax": "422000000", "incomeTaxExpense": "128000000", "interestAndDebtExpense": "None", "netIncomeFromContinuingOperations": "294000000", "comprehensiveIncomeNetOfTax": "None", "ebit": "318000000", "ebitda": "458000000", "netIncome": "285000000"}, {"fiscalDateEnding": "2016-12-31", "reportedCurrency": "USD", "grossProfit": "1400000000", "totalRevenue": "1400000000", "costOfRevenue": "152000000", "costofGoodsAndServicesSold": "152000000", "operatingIncome": "1158000000", "sellingGeneralAndAdministrative": "500000000", "researchAndDevelopment": "0", "operatingExpenses": "103000000", "investmentIncomeNet": "None", "netInterestIncome": "None", "interestIncome": "None", "interestExpense": "79000000", "nonInterestIncome": "None", "otherNonOperatingIncome": "None", "depreciation": "None", "depreciationAndAmortization": "149000000", "incomeBeforeTax": "428000000", "incomeTaxExpense": "134000000", "interestAndDebtExpense": "None", "netIncomeFromContinuingOperations": "294000000", "comprehensiveIncomeNetOfTax": "None", "ebit": "508000000", "ebitda": "657000000", "netIncome": "274000000"}, {"fiscalDateEnding": "2016-09-30", "reportedCurrency": "USD", "grossProfit": "1459000000", "totalRevenue": "1459000000", "costOfRevenue": "-25000000", "costofGoodsAndServicesSold": "-25000000", "operatingIncome": "319000000", "sellingGeneralAndAdministrative": "515000000", "researchAndDevelopment": "0", "operatingExpenses": "25000000", "investmentIncomeNet": "None", "netInterestIncome": "None", "interestIncome": "None", "interestExpense": "82000000", "nonInterestIncome": "None", "otherNonOperatingIncome": "None", "depreciation": "None", "depreciationAndAmortization": "158000000", "incomeBeforeTax": "471000000", "incomeTaxExpense": "152000000", "interestAndDebtExpense": "None", "netIncomeFromContinuingOperations": "319000000", "comprehensiveIncomeNetOfTax": "None", "ebit": "323000000", "ebitda": "481000000", "netIncome": "304000000"}, {"fiscalDateEnding": "2016-06-30", "reportedCurrency": "USD", "grossProfit": "1400000000", "totalRevenue": "1400000000", "costOfRevenue": "-26000000", "costofGoodsAndServicesSold": "-26000000", "operatingIncome": "272000000", "sellingGeneralAndAdministrative": "497000000", "researchAndDevelopment": "0", "operatingExpenses": "26000000", "investmentIncomeNet": "None", "netInterestIncome": "None", "interestIncome": "None", "interestExpense": "78000000", "nonInterestIncome": "None", "otherNonOperatingIncome": "None", "depreciation": "None", "depreciationAndAmortization": "137000000", "incomeBeforeTax": "387000000", "incomeTaxExpense": "115000000", "interestAndDebtExpense": "None", "netIncomeFromContinuingOperations": "272000000", "comprehensiveIncomeNetOfTax": "None", "ebit": "468000000", "ebitda": "605000000", "netIncome": "253000000"}, {"fiscalDateEnding": "2016-03-31", "reportedCurrency": "USD", "grossProfit": "1395000000", "totalRevenue": "1395000000", "costOfRevenue": "-27000000", "costofGoodsAndServicesSold": "-27000000", "operatingIncome": "273000000", "sellingGeneralAndAdministrative": "500000000", "researchAndDevelopment": "0", "operatingExpenses": "27000000", "investmentIncomeNet": "None", "netInterestIncome": "None", "interestIncome": "None", "interestExpense": "74000000", "nonInterestIncome": "None", "otherNonOperatingIncome": "None", "depreciation": "None", "depreciationAndAmortization": "130000000", "incomeBeforeTax": "386000000", "incomeTaxExpense": "113000000", "interestAndDebtExpense": "None", "netIncomeFromContinuingOperations": "273000000", "comprehensiveIncomeNetOfTax": "None", "ebit": "460000000", "ebitda": "590000000", "netIncome": "262000000"}, {"fiscalDateEnding": "2015-12-31", "reportedCurrency": "USD", "grossProfit": "1378000000", "totalRevenue": "1378000000", "costOfRevenue": "166000000", "costofGoodsAndServicesSold": "166000000", "operatingIncome": "1075000000", "sellingGeneralAndAdministrative": "583000000", "researchAndDevelopment": "0", "operatingExpenses": "28000000", "investmentIncomeNet": "None", "netInterestIncome": "None", "interestIncome": "None", "interestExpense": "69000000", "nonInterestIncome": "None", "otherNonOperatingIncome": "None", "depreciation": "None", "depreciationAndAmortization": "139000000", "incomeBeforeTax": "408000000", "incomeTaxExpense": "120000000", "interestAndDebtExpense": "None", "netIncomeFromContinuingOperations": "288000000", "comprehensiveIncomeNetOfTax": "None", "ebit": "474000000", "ebitda": "613000000", "netIncome": "258000000"}, {"fiscalDateEnding": "2015-09-30", "reportedCurrency": "USD", "grossProfit": "1287000000", "totalRevenue": "1287000000", "costOfRevenue": "125000000", "costofGoodsAndServicesSold": "125000000", "operatingIncome": "262000000", "sellingGeneralAndAdministrative": "470000000", "researchAndDevelopment": "0", "operatingExpenses": "-1025000000", "investmentIncomeNet": "None", "netInterestIncome": "None", "interestIncome": "None", "interestExpense": "65000000", "nonInterestIncome": "None", "otherNonOperatingIncome": "None", "depreciation": "None", "depreciationAndAmortization": "132000000", "incomeBeforeTax": "378000000", "incomeTaxExpense": "116000000", "interestAndDebtExpense": "None", "netIncomeFromContinuingOperations": "262000000", "comprehensiveIncomeNetOfTax": "None", "ebit": "439000000", "ebitda": "571000000", "netIncome": "235000000"}, {"fiscalDateEnding": "2015-06-30", "reportedCurrency": "USD", "grossProfit": "1395000000", "totalRevenue": "1395000000", "costOfRevenue": "126000000", "costofGoodsAndServicesSold": "126000000", "operatingIncome": "289000000", "sellingGeneralAndAdministrative": "477000000", "researchAndDevelopment": "0", "operatingExpenses": "-1106000000", "investmentIncomeNet": "None", "netInterestIncome": "None", "interestIncome": "None", "interestExpense": "63000000", "nonInterestIncome": "None", "otherNonOperatingIncome": "None", "depreciation": "None", "depreciationAndAmortization": "129000000", "incomeBeforeTax": "413000000", "incomeTaxExpense": "124000000", "interestAndDebtExpense": "None", "netIncomeFromContinuingOperations": "289000000", "comprehensiveIncomeNetOfTax": "None", "ebit": "472000000", "ebitda": "601000000", "netIncome": "263000000"}, {"fiscalDateEnding": "2015-03-31", "reportedCurrency": "USD", "grossProfit": "1263000000", "totalRevenue": "1263000000", "costOfRevenue": "120000000", "costofGoodsAndServicesSold": "120000000", "operatingIncome": "236000000", "sellingGeneralAndAdministrative": "458000000", "researchAndDevelopment": "0", "operatingExpenses": "-1027000000", "investmentIncomeNet": "None", "netInterestIncome": "None", "interestIncome": "None", "interestExpense": "71000000", "nonInterestIncome": "None", "otherNonOperatingIncome": "None", "depreciation": "None", "depreciationAndAmortization": "123000000", "incomeBeforeTax": "331000000", "incomeTaxExpense": "95000000", "interestAndDebtExpense": "None", "netIncomeFromContinuingOperations": "236000000", "comprehensiveIncomeNetOfTax": "None", "ebit": "400000000", "ebitda": "523000000", "netIncome": "213000000"}, {"fiscalDateEnding": "2014-12-31", "reportedCurrency": "USD", "grossProfit": "1268000000", "totalRevenue": "1268000000", "costOfRevenue": "82000000", "costofGoodsAndServicesSold": "82000000", "operatingIncome": "1142000000", "sellingGeneralAndAdministrative": "456000000", "researchAndDevelopment": "0", "operatingExpenses": "-1354000000", "investmentIncomeNet": "None", "netInterestIncome": "None", "interestIncome": "None", "interestExpense": "74000000", "nonInterestIncome": "None", "otherNonOperatingIncome": "None", "depreciation": "None", "depreciationAndAmortization": "132000000", "incomeBeforeTax": "291000000", "incomeTaxExpense": "77000000", "interestAndDebtExpense": "None", "netIncomeFromContinuingOperations": "214000000", "comprehensiveIncomeNetOfTax": "None", "ebit": "362000000", "ebitda": "494000000", "netIncome": "183000000"}, {"fiscalDateEnding": "2014-09-30", "reportedCurrency": "USD", "grossProfit": "1299000000", "totalRevenue": "1299000000", "costOfRevenue": "100000000", "costofGoodsAndServicesSold": "100000000", "operatingIncome": "322000000", "sellingGeneralAndAdministrative": "456000000", "researchAndDevelopment": "0", "operatingExpenses": "-977000000", "investmentIncomeNet": "None", "netInterestIncome": "None", "interestIncome": "None", "interestExpense": "76000000", "nonInterestIncome": "None", "otherNonOperatingIncome": "None", "depreciation": "None", "depreciationAndAmortization": "143000000", "incomeBeforeTax": "449000000", "incomeTaxExpense": "127000000", "interestAndDebtExpense": "None", "netIncomeFromContinuingOperations": "322000000", "comprehensiveIncomeNetOfTax": "None", "ebit": "528000000", "ebitda": "671000000", "netIncome": "293000000"}, {"fiscalDateEnding": "2014-06-30", "reportedCurrency": "USD", "grossProfit": "1279000000", "totalRevenue": "1279000000", "costOfRevenue": "112000000", "costofGoodsAndServicesSold": "112000000", "operatingIncome": "299000000", "sellingGeneralAndAdministrative": "443000000", "researchAndDevelopment": "0", "operatingExpenses": "-980000000", "investmentIncomeNet": "None", "netInterestIncome": "None", "interestIncome": "None", "interestExpense": "77000000", "nonInterestIncome": "None", "otherNonOperatingIncome": "None", "depreciation": "None", "depreciationAndAmortization": "126000000", "incomeBeforeTax": "424000000", "incomeTaxExpense": "125000000", "interestAndDebtExpense": "None", "netIncomeFromContinuingOperations": "299000000", "comprehensiveIncomeNetOfTax": "None", "ebit": "502000000", "ebitda": "628000000", "netIncome": "282000000"}, {"fiscalDateEnding": "2014-03-31", "reportedCurrency": "USD", "grossProfit": "1254000000", "totalRevenue": "1254000000", "costOfRevenue": "84000000", "costofGoodsAndServicesSold": "84000000", "operatingIncome": "307000000", "sellingGeneralAndAdministrative": "455000000", "researchAndDevelopment": "0", "operatingExpenses": "-947000000", "investmentIncomeNet": "None", "netInterestIncome": "None", "interestIncome": "None", "interestExpense": "82000000", "nonInterestIncome": "None", "otherNonOperatingIncome": "None", "depreciation": "None", "depreciationAndAmortization": "122000000", "incomeBeforeTax": "435000000", "incomeTaxExpense": "128000000", "interestAndDebtExpense": "None", "netIncomeFromContinuingOperations": "307000000", "comprehensiveIncomeNetOfTax": "None", "ebit": "529000000", "ebitda": "651000000", "netIncome": "305000000"}, {"fiscalDateEnding": "2013-12-31", "reportedCurrency": "USD", "grossProfit": "1358000000", "totalRevenue": "1358000000", "costOfRevenue": "164000000", "costofGoodsAndServicesSold": "164000000", "operatingIncome": "1135000000", "sellingGeneralAndAdministrative": "464000000", "researchAndDevelopment": "0", "operatingExpenses": "-1354000000", "investmentIncomeNet": "None", "netInterestIncome": "None", "interestIncome": "None", "interestExpense": "85000000", "nonInterestIncome": "None", "otherNonOperatingIncome": "None", "depreciation": "None", "depreciationAndAmortization": "148000000", "incomeBeforeTax": "333000000", "incomeTaxExpense": "92000000", "interestAndDebtExpense": "None", "netIncomeFromContinuingOperations": "241000000", "comprehensiveIncomeNetOfTax": "None", "ebit": "404000000", "ebitda": "552000000", "netIncome": "219000000"}, {"fiscalDateEnding": "2013-09-30", "reportedCurrency": "USD", "grossProfit": "1319000000", "totalRevenue": "1319000000", "costOfRevenue": "105000000", "costofGoodsAndServicesSold": "105000000", "operatingIncome": "293000000", "sellingGeneralAndAdministrative": "455000000", "researchAndDevelopment": "0", "operatingExpenses": "-1026000000", "investmentIncomeNet": "None", "netInterestIncome": "None", "interestIncome": "None", "interestExpense": "87000000", "nonInterestIncome": "None", "otherNonOperatingIncome": "None", "depreciation": "None", "depreciationAndAmortization": "155000000", "incomeBeforeTax": "417000000", "incomeTaxExpense": "124000000", "interestAndDebtExpense": "None", "netIncomeFromContinuingOperations": "293000000", "comprehensiveIncomeNetOfTax": "None", "ebit": "504000000", "ebitda": "659000000", "netIncome": "282000000"}, {"fiscalDateEnding": "2013-06-30", "reportedCurrency": "USD", "grossProfit": "1305000000", "totalRevenue": "1305000000", "costOfRevenue": "130000000", "costofGoodsAndServicesSold": "130000000", "operatingIncome": "268000000", "sellingGeneralAndAdministrative": "452000000", "researchAndDevelopment": "0", "operatingExpenses": "-1037000000", "investmentIncomeNet": "None", "netInterestIncome": "None", "interestIncome": "None", "interestExpense": "99000000", "nonInterestIncome": "None", "otherNonOperatingIncome": "None", "depreciation": "None", "depreciationAndAmortization": "171000000", "incomeBeforeTax": "390000000", "incomeTaxExpense": "122000000", "interestAndDebtExpense": "None", "netIncomeFromContinuingOperations": "268000000", "comprehensiveIncomeNetOfTax": "None", "ebit": "488000000", "ebitda": "659000000", "netIncome": "251000000"}, {"fiscalDateEnding": "2013-03-31", "reportedCurrency": "USD", "grossProfit": "1299000000", "totalRevenue": "1299000000", "costOfRevenue": "123000000", "costofGoodsAndServicesSold": "123000000", "operatingIncome": "333000000", "sellingGeneralAndAdministrative": "447000000", "researchAndDevelopment": "0", "operatingExpenses": "-966000000", "investmentIncomeNet": "None", "netInterestIncome": "None", "interestIncome": "None", "interestExpense": "113000000", "nonInterestIncome": "None", "otherNonOperatingIncome": "None", "depreciation": "None", "depreciationAndAmortization": "171000000", "incomeBeforeTax": "447000000", "incomeTaxExpense": "114000000", "interestAndDebtExpense": "None", "netIncomeFromContinuingOperations": "333000000", "comprehensiveIncomeNetOfTax": "None", "ebit": "562000000", "ebitda": "733000000", "netIncome": "312000000"}, {"fiscalDateEnding": "2012-12-31", "reportedCurrency": "USD", "grossProfit": "1354000000", "totalRevenue": "1354000000", "costOfRevenue": "167000000", "costofGoodsAndServicesSold": "167000000", "operatingIncome": "1179000000", "sellingGeneralAndAdministrative": "438000000", "researchAndDevelopment": "0", "operatingExpenses": "-1325000000", "investmentIncomeNet": "None", "netInterestIncome": "None", "interestIncome": "None", "interestExpense": "130000000", "nonInterestIncome": "None", "otherNonOperatingIncome": "None", "depreciation": "None", "depreciationAndAmortization": "187000000", "incomeBeforeTax": "415000000", "incomeTaxExpense": "138000000", "interestAndDebtExpense": "None", "netIncomeFromContinuingOperations": "0", "comprehensiveIncomeNetOfTax": "None", "ebit": "533000000", "ebitda": "720000000", "netIncome": "265000000"}, {"fiscalDateEnding": "2012-09-30", "reportedCurrency": "USD", "grossProfit": "1350000000", "totalRevenue": "1350000000", "costOfRevenue": "180000000", "costofGoodsAndServicesSold": "180000000", "operatingIncome": "312000000", "sellingGeneralAndAdministrative": "449000000", "researchAndDevelopment": "0", "operatingExpenses": "-1038000000", "investmentIncomeNet": "None", "netInterestIncome": "None", "interestIncome": "None", "interestExpense": "147000000", "nonInterestIncome": "None", "otherNonOperatingIncome": "None", "depreciation": "None", "depreciationAndAmortization": "405000000", "incomeBeforeTax": "448000000", "incomeTaxExpense": "136000000", "interestAndDebtExpense": "None", "netIncomeFromContinuingOperations": "0", "comprehensiveIncomeNetOfTax": "None", "ebit": "-182000000", "ebitda": "223000000", "netIncome": "301000000"}, {"fiscalDateEnding": "2012-06-30", "reportedCurrency": "USD", "grossProfit": "1345000000", "totalRevenue": "1345000000", "costOfRevenue": "182000000", "costofGoodsAndServicesSold": "182000000", "operatingIncome": "351000000", "sellingGeneralAndAdministrative": "434000000", "researchAndDevelopment": "0", "operatingExpenses": "-994000000", "investmentIncomeNet": "None", "netInterestIncome": "None", "interestIncome": "None", "interestExpense": "156000000", "nonInterestIncome": "None", "otherNonOperatingIncome": "None", "depreciation": "None", "depreciationAndAmortization": "63000000", "incomeBeforeTax": "477000000", "incomeTaxExpense": "126000000", "interestAndDebtExpense": "None", "netIncomeFromContinuingOperations": "0", "comprehensiveIncomeNetOfTax": "None", "ebit": "637000000", "ebitda": "700000000", "netIncome": "355000000"}, {"fiscalDateEnding": "2012-03-31", "reportedCurrency": "USD", "grossProfit": "1351000000", "totalRevenue": "1351000000", "costOfRevenue": "287000000", "costofGoodsAndServicesSold": "287000000", "operatingIncome": "239000000", "sellingGeneralAndAdministrative": "442000000", "researchAndDevelopment": "0", "operatingExpenses": "-1112000000", "investmentIncomeNet": "None", "netInterestIncome": "None", "interestIncome": "None", "interestExpense": "170000000", "nonInterestIncome": "None", "otherNonOperatingIncome": "None", "depreciation": "None", "depreciationAndAmortization": "62000000", "incomeBeforeTax": "321000000", "incomeTaxExpense": "82000000", "interestAndDebtExpense": "None", "netIncomeFromContinuingOperations": "0", "comprehensiveIncomeNetOfTax": "None", "ebit": "451000000", "ebitda": "513000000", "netIncome": "199000000"}, {"fiscalDateEnding": "2011-12-31", "reportedCurrency": "USD", "grossProfit": "1483000000", "totalRevenue": "1483000000", "costOfRevenue": "477000000", "costofGoodsAndServicesSold": "477000000", "operatingIncome": "-404000000", "sellingGeneralAndAdministrative": "137000000", "researchAndDevelopment": "0", "operatingExpenses": "-1684000000", "investmentIncomeNet": "None", "netInterestIncome": "None", "interestIncome": "None", "interestExpense": "178000000", "nonInterestIncome": "None", "otherNonOperatingIncome": "None", "depreciation": "None", "depreciationAndAmortization": "64000000", "incomeBeforeTax": "-127000000", "incomeTaxExpense": "17000000", "interestAndDebtExpense": "None", "netIncomeFromContinuingOperations": "0", "comprehensiveIncomeNetOfTax": "None", "ebit": "-333000000", "ebitda": "-269000000", "netIncome": "-548000000"}, {"fiscalDateEnding": "2011-09-30", "reportedCurrency": "USD", "grossProfit": "1603000000", "totalRevenue": "1603000000", "costOfRevenue": "560000000", "costofGoodsAndServicesSold": "560000000", "operatingIncome": "388000000", "sellingGeneralAndAdministrative": "529000000", "researchAndDevelopment": "0", "operatingExpenses": "-1215000000", "investmentIncomeNet": "None", "netInterestIncome": "None", "interestIncome": "None", "interestExpense": "206000000", "nonInterestIncome": "None", "otherNonOperatingIncome": "None", "depreciation": "None", "depreciationAndAmortization": "67000000", "incomeBeforeTax": "182000000", "incomeTaxExpense": "27000000", "interestAndDebtExpense": "None", "netIncomeFromContinuingOperations": "155000000", "comprehensiveIncomeNetOfTax": "None", "ebit": "388000000", "ebitda": "455000000", "netIncome": "155000000"}, {"fiscalDateEnding": "2011-06-30", "reportedCurrency": "USD", "grossProfit": "1645000000", "totalRevenue": "1645000000", "costOfRevenue": "618000000", "costofGoodsAndServicesSold": "618000000", "operatingIncome": "271000000", "sellingGeneralAndAdministrative": "561000000", "researchAndDevelopment": "0", "operatingExpenses": "-1374000000", "investmentIncomeNet": "None", "netInterestIncome": "None", "interestIncome": "None", "interestExpense": "222000000", "nonInterestIncome": "None", "otherNonOperatingIncome": "None", "depreciation": "None", "depreciationAndAmortization": "70000000", "incomeBeforeTax": "49000000", "incomeTaxExpense": "-60000000", "interestAndDebtExpense": "None", "netIncomeFromContinuingOperations": "109000000", "comprehensiveIncomeNetOfTax": "None", "ebit": "271000000", "ebitda": "341000000", "netIncome": "109000000"}, {"fiscalDateEnding": "2011-03-31", "reportedCurrency": "USD", "grossProfit": "1706000000", "totalRevenue": "1706000000", "costOfRevenue": "717000000", "costofGoodsAndServicesSold": "717000000", "operatingIncome": "294000000", "sellingGeneralAndAdministrative": "594000000", "researchAndDevelopment": "0", "operatingExpenses": "-1412000000", "investmentIncomeNet": "None", "netInterestIncome": "None", "interestIncome": "None", "interestExpense": "237000000", "nonInterestIncome": "None", "otherNonOperatingIncome": "None", "depreciation": "None", "depreciationAndAmortization": "68000000", "incomeBeforeTax": "57000000", "incomeTaxExpense": "-12000000", "interestAndDebtExpense": "None", "netIncomeFromContinuingOperations": "69000000", "comprehensiveIncomeNetOfTax": "None", "ebit": "294000000", "ebitda": "362000000", "netIncome": "69000000"}, {"fiscalDateEnding": "2010-12-31", "reportedCurrency": "USD", "grossProfit": "2090000000", "totalRevenue": "2090000000", "costOfRevenue": "941000000", "costofGoodsAndServicesSold": "941000000", "operatingIncome": "-539000000", "sellingGeneralAndAdministrative": "621000000", "researchAndDevelopment": "0", "operatingExpenses": "-1917000000", "investmentIncomeNet": "None", "netInterestIncome": "None", "interestIncome": "None", "interestExpense": "259000000", "nonInterestIncome": "None", "otherNonOperatingIncome": "None", "depreciation": "None", "depreciationAndAmortization": "68000000", "incomeBeforeTax": "142000000", "incomeTaxExpense": "53000000", "interestAndDebtExpense": "None", "netIncomeFromContinuingOperations": "0", "comprehensiveIncomeNetOfTax": "None", "ebit": "401000000", "ebitda": "469000000", "netIncome": "89000000"}, {"fiscalDateEnding": "2010-09-30", "reportedCurrency": "USD", "grossProfit": "1618000000", "totalRevenue": "1618000000", "costOfRevenue": "1050000000", "costofGoodsAndServicesSold": "1050000000", "operatingIncome": "-15000000", "sellingGeneralAndAdministrative": "582000000", "researchAndDevelopment": "0", "operatingExpenses": "-1633000000", "investmentIncomeNet": "None", "netInterestIncome": "None", "interestIncome": "None", "interestExpense": "290000000", "nonInterestIncome": "None", "otherNonOperatingIncome": "None", "depreciation": "None", "depreciationAndAmortization": "71000000", "incomeBeforeTax": "-305000000", "incomeTaxExpense": "-150000000", "interestAndDebtExpense": "None", "netIncomeFromContinuingOperations": "0", "comprehensiveIncomeNetOfTax": "None", "ebit": "-15000000", "ebitda": "56000000", "netIncome": "-155000000"}, {"fiscalDateEnding": "2010-06-30", "reportedCurrency": "USD", "grossProfit": "1612000000", "totalRevenue": "1612000000", "costOfRevenue": "975000000", "costofGoodsAndServicesSold": "975000000", "operatingIncome": "-41000000", "sellingGeneralAndAdministrative": "760000000", "researchAndDevelopment": "0", "operatingExpenses": "-1653000000", "investmentIncomeNet": "None", "netInterestIncome": "None", "interestIncome": "None", "interestExpense": "324000000", "nonInterestIncome": "None", "otherNonOperatingIncome": "None", "depreciation": "None", "depreciationAndAmortization": "72000000", "incomeBeforeTax": "-365000000", "incomeTaxExpense": "-88000000", "interestAndDebtExpense": "None", "netIncomeFromContinuingOperations": "0", "comprehensiveIncomeNetOfTax": "None", "ebit": "-41000000", "ebitda": "31000000", "netIncome": "-277000000"}, {"fiscalDateEnding": "2010-03-31", "reportedCurrency": "USD", "grossProfit": "1643000000", "totalRevenue": "1643000000", "costOfRevenue": "1154000000", "costofGoodsAndServicesSold": "1154000000", "operatingIncome": "27000000", "sellingGeneralAndAdministrative": "575000000", "researchAndDevelopment": "0", "operatingExpenses": "-1616000000", "investmentIncomeNet": "None", "netInterestIncome": "None", "interestIncome": "None", "interestExpense": "384000000", "nonInterestIncome": "None", "otherNonOperatingIncome": "None", "depreciation": "None", "depreciationAndAmortization": "73000000", "incomeBeforeTax": "-357000000", "incomeTaxExpense": "-161000000", "interestAndDebtExpense": "None", "netIncomeFromContinuingOperations": "0", "comprehensiveIncomeNetOfTax": "None", "ebit": "27000000", "ebitda": "100000000", "netIncome": "-196000000"}, {"fiscalDateEnding": "2009-12-31", "reportedCurrency": "USD", "grossProfit": "1568000000", "totalRevenue": "1568000000", "costOfRevenue": "1617000000", "costofGoodsAndServicesSold": "1617000000", "operatingIncome": "-1031000000", "sellingGeneralAndAdministrative": "793000000", "researchAndDevelopment": "0", "operatingExpenses": "-1703000000", "investmentIncomeNet": "None", "netInterestIncome": "None", "interestIncome": "None", "interestExpense": "438000000", "nonInterestIncome": "None", "otherNonOperatingIncome": "None", "depreciation": "None", "depreciationAndAmortization": "72000000", "incomeBeforeTax": "-830000000", "incomeTaxExpense": "-287000000", "interestAndDebtExpense": "None", "netIncomeFromContinuingOperations": "0", "comprehensiveIncomeNetOfTax": "None", "ebit": "-392000000", "ebitda": "-320000000", "netIncome": "-543000000"}, {"fiscalDateEnding": "2009-09-30", "reportedCurrency": "USD", "grossProfit": "1617000000", "totalRevenue": "1617000000", "costOfRevenue": "1494000000", "costofGoodsAndServicesSold": "1494000000", "operatingIncome": "-182000000", "sellingGeneralAndAdministrative": "578000000", "researchAndDevelopment": "0", "operatingExpenses": "-1799000000", "investmentIncomeNet": "None", "netInterestIncome": "None", "interestIncome": "None", "interestExpense": "469000000", "nonInterestIncome": "None", "otherNonOperatingIncome": "None", "depreciation": "None", "depreciationAndAmortization": "72000000", "incomeBeforeTax": "-651000000", "incomeTaxExpense": "-274000000", "interestAndDebtExpense": "None", "netIncomeFromContinuingOperations": "0", "comprehensiveIncomeNetOfTax": "None", "ebit": "-182000000", "ebitda": "-110000000", "netIncome": "-377000000"}, {"fiscalDateEnding": "2009-06-30", "reportedCurrency": "USD", "grossProfit": "2030000000", "totalRevenue": "2030000000", "costOfRevenue": "1432000000", "costofGoodsAndServicesSold": "1432000000", "operatingIncome": "351000000", "sellingGeneralAndAdministrative": "586000000", "researchAndDevelopment": "0", "operatingExpenses": "-1679000000", "investmentIncomeNet": "None", "netInterestIncome": "None", "interestIncome": "None", "interestExpense": "520000000", "nonInterestIncome": "None", "otherNonOperatingIncome": "None", "depreciation": "None", "depreciationAndAmortization": "72000000", "incomeBeforeTax": "-113000000", "incomeTaxExpense": "75000000", "interestAndDebtExpense": "None", "netIncomeFromContinuingOperations": "0", "comprehensiveIncomeNetOfTax": "None", "ebit": "351000000", "ebitda": "423000000", "netIncome": "-244000000"}, {"fiscalDateEnding": "2009-03-31", "reportedCurrency": "USD", "grossProfit": "1875000000", "totalRevenue": "1875000000", "costOfRevenue": "995000000", "costofGoodsAndServicesSold": "995000000", "operatingIncome": "962000000", "sellingGeneralAndAdministrative": "539000000", "researchAndDevelopment": "0", "operatingExpenses": "-913000000", "investmentIncomeNet": "None", "netInterestIncome": "None", "interestIncome": "None", "interestExpense": "570000000", "nonInterestIncome": "None", "otherNonOperatingIncome": "None", "depreciation": "None", "depreciationAndAmortization": "68000000", "incomeBeforeTax": "392000000", "incomeTaxExpense": "315000000", "interestAndDebtExpense": "None", "netIncomeFromContinuingOperations": "0", "comprehensiveIncomeNetOfTax": "None", "ebit": "962000000", "ebitda": "1030000000", "netIncome": "77000000"}, {"fiscalDateEnding": "2008-12-31", "reportedCurrency": "USD", "grossProfit": "1625945000", "totalRevenue": "1625945000", "costOfRevenue": "1807347000", "costofGoodsAndServicesSold": "1807347000", "operatingIncome": "-5584313000", "sellingGeneralAndAdministrative": "561737000", "researchAndDevelopment": "0", "operatingExpenses": "-1794202000", "investmentIncomeNet": "None", "netInterestIncome": "None", "interestIncome": "None", "interestExpense": "657356000", "nonInterestIncome": "None", "otherNonOperatingIncome": "None", "depreciation": "None", "depreciationAndAmortization": "54044000", "incomeBeforeTax": "-6796733000", "incomeTaxExpense": "-578706000", "interestAndDebtExpense": "None", "netIncomeFromContinuingOperations": "0", "comprehensiveIncomeNetOfTax": "None", "ebit": "-6139646000", "ebitda": "-6085602000", "netIncome": "-6218296000"}, {"fiscalDateEnding": "2008-09-30", "reportedCurrency": "USD", "grossProfit": "1640859000", "totalRevenue": "1640859000", "costOfRevenue": "1063803000", "costofGoodsAndServicesSold": "1063803000", "operatingIncome": "90358000", "sellingGeneralAndAdministrative": "551871000", "researchAndDevelopment": "0", "operatingExpenses": "-1550501000", "investmentIncomeNet": "None", "netInterestIncome": "None", "interestIncome": "None", "interestExpense": "646800000", "nonInterestIncome": "None", "otherNonOperatingIncome": "None", "depreciation": "None", "depreciationAndAmortization": "99498000", "incomeBeforeTax": "96228000", "incomeTaxExpense": "5870000", "interestAndDebtExpense": "None", "netIncomeFromContinuingOperations": "0", "comprehensiveIncomeNetOfTax": "None", "ebit": "-9140000", "ebitda": "90358000", "netIncome": "79000000"}, {"fiscalDateEnding": "2008-06-30", "reportedCurrency": "USD", "grossProfit": "1722928000", "totalRevenue": "1722928000", "costOfRevenue": "959957000", "costofGoodsAndServicesSold": "959957000", "operatingIncome": "206646000", "sellingGeneralAndAdministrative": "598844000", "researchAndDevelopment": "0", "operatingExpenses": "-1516282000", "investmentIncomeNet": "None", "netInterestIncome": "None", "interestIncome": "None", "interestExpense": "650954000", "nonInterestIncome": "None", "otherNonOperatingIncome": "None", "depreciation": "None", "depreciationAndAmortization": "103848000", "incomeBeforeTax": "273554000", "incomeTaxExpense": "66908000", "interestAndDebtExpense": "None", "netIncomeFromContinuingOperations": "0", "comprehensiveIncomeNetOfTax": "None", "ebit": "924255000", "ebitda": "1028103000", "netIncome": "206393000"}, {"fiscalDateEnding": "2008-03-31", "reportedCurrency": "USD", "grossProfit": "1925783000", "totalRevenue": "1925783000", "costOfRevenue": "946327000", "costofGoodsAndServicesSold": "946327000", "operatingIncome": "336710000", "sellingGeneralAndAdministrative": "643487000", "researchAndDevelopment": "0", "operatingExpenses": "-1589073000", "investmentIncomeNet": "None", "netInterestIncome": "None", "interestIncome": "None", "interestExpense": "765324000", "nonInterestIncome": "None", "otherNonOperatingIncome": "None", "depreciation": "None", "depreciationAndAmortization": "113991000", "incomeBeforeTax": "494524000", "incomeTaxExpense": "157814000", "interestAndDebtExpense": "None", "netIncomeFromContinuingOperations": "0", "comprehensiveIncomeNetOfTax": "None", "ebit": "1259806000", "ebitda": "1373797000", "netIncome": "336668000"}, {"fiscalDateEnding": "2007-12-31", "reportedCurrency": "USD", "grossProfit": "1777190000", "totalRevenue": "1777190000", "costOfRevenue": "1247956000", "costofGoodsAndServicesSold": "1247956000", "operatingIncome": "1393163000", "sellingGeneralAndAdministrative": "678859000", "researchAndDevelopment": "0", "operatingExpenses": "-1793010000", "investmentIncomeNet": "None", "netInterestIncome": "None", "interestIncome": "None", "interestExpense": "889956000", "nonInterestIncome": "None", "otherNonOperatingIncome": "None", "depreciation": "None", "depreciationAndAmortization": "-47987000", "incomeBeforeTax": "70934000", "incomeTaxExpense": "-181000", "interestAndDebtExpense": "None", "netIncomeFromContinuingOperations": "0", "comprehensiveIncomeNetOfTax": "None", "ebit": "833075000", "ebitda": "785088000", "netIncome": "70641000"}, {"fiscalDateEnding": "2007-09-30", "reportedCurrency": "USD", "grossProfit": "1808925000", "totalRevenue": "1808925000", "costOfRevenue": "1023339000", "costofGoodsAndServicesSold": "1023339000", "operatingIncome": "394240000", "sellingGeneralAndAdministrative": "581425000", "researchAndDevelopment": "0", "operatingExpenses": "-1414685000", "investmentIncomeNet": "None", "netInterestIncome": "None", "interestIncome": "None", "interestExpense": "933339000", "nonInterestIncome": "None", "otherNonOperatingIncome": "None", "depreciation": "None", "depreciationAndAmortization": "52812000", "incomeBeforeTax": "573531000", "incomeTaxExpense": "179291000", "interestAndDebtExpense": "None", "netIncomeFromContinuingOperations": "0", "comprehensiveIncomeNetOfTax": "None", "ebit": "1506794000", "ebitda": "1559606000", "netIncome": "394164000"}, {"fiscalDateEnding": "2007-06-30", "reportedCurrency": "USD", "grossProfit": "1802136000", "totalRevenue": "1802136000", "costOfRevenue": "982145000", "costofGoodsAndServicesSold": "982145000", "operatingIncome": "453732000", "sellingGeneralAndAdministrative": "602646000", "researchAndDevelopment": "0", "operatingExpenses": "-1348404000", "investmentIncomeNet": "None", "netInterestIncome": "None", "interestIncome": "None", "interestExpense": "922145000", "nonInterestIncome": "None", "otherNonOperatingIncome": "None", "depreciation": "None", "depreciationAndAmortization": "132699000", "incomeBeforeTax": "684401000", "incomeTaxExpense": "230669000", "interestAndDebtExpense": "None", "netIncomeFromContinuingOperations": "0", "comprehensiveIncomeNetOfTax": "None", "ebit": "1606123000", "ebitda": "1738822000", "netIncome": "453309000"}, {"fiscalDateEnding": "2007-03-31", "reportedCurrency": "USD", "grossProfit": "1865950000", "totalRevenue": "1865950000", "costOfRevenue": "977857000", "costofGoodsAndServicesSold": "977857000", "operatingIncome": "474076000", "sellingGeneralAndAdministrative": "608939000", "researchAndDevelopment": "0", "operatingExpenses": "-1391874000", "investmentIncomeNet": "None", "netInterestIncome": "None", "interestIncome": "None", "interestExpense": "930857000", "nonInterestIncome": "None", "otherNonOperatingIncome": "None", "depreciation": "None", "depreciationAndAmortization": "131885000", "incomeBeforeTax": "709984000", "incomeTaxExpense": "235908000", "interestAndDebtExpense": "None", "netIncomeFromContinuingOperations": "0", "comprehensiveIncomeNetOfTax": "None", "ebit": "1499746000", "ebitda": "1631631000", "netIncome": "332981000"}, {"fiscalDateEnding": "2006-12-31", "reportedCurrency": "USD", "grossProfit": "1705808000", "totalRevenue": "1705808000", "costOfRevenue": "883263000", "costofGoodsAndServicesSold": "883263000", "operatingIncome": "1352415000", "sellingGeneralAndAdministrative": "683001000", "researchAndDevelopment": "0", "operatingExpenses": "-353393000", "investmentIncomeNet": "None", "netInterestIncome": "None", "interestIncome": "None", "interestExpense": "823438000", "nonInterestIncome": "None", "otherNonOperatingIncome": "None", "depreciation": "None", "depreciationAndAmortization": "-55253000", "incomeBeforeTax": "528977000", "incomeTaxExpense": "167426000", "interestAndDebtExpense": "None", "netIncomeFromContinuingOperations": "0", "comprehensiveIncomeNetOfTax": "None", "ebit": "1352415000", "ebitda": "1297162000", "netIncome": "361551000"}, {"fiscalDateEnding": "2006-09-30", "reportedCurrency": "USD", "grossProfit": "1243648000", "totalRevenue": "1243648000", "costOfRevenue": "586836000", "costofGoodsAndServicesSold": "586836000", "operatingIncome": "1065977000", "sellingGeneralAndAdministrative": "413719000", "researchAndDevelopment": "0", "operatingExpenses": "-177671000", "investmentIncomeNet": "None", "netInterestIncome": "None", "interestIncome": "None", "interestExpense": "561922000", "nonInterestIncome": "None", "otherNonOperatingIncome": "None", "depreciation": "None", "depreciationAndAmortization": "70195000", "incomeBeforeTax": "504055000", "incomeTaxExpense": "152398000", "interestAndDebtExpense": "None", "netIncomeFromContinuingOperations": "0", "comprehensiveIncomeNetOfTax": "None", "ebit": "1065977000", "ebitda": "1136172000", "netIncome": "351657000"}, {"fiscalDateEnding": "2006-06-30", "reportedCurrency": "USD", "grossProfit": "1253246000", "totalRevenue": "1253246000", "costOfRevenue": "532465000", "costofGoodsAndServicesSold": "532465000", "operatingIncome": "999184000", "sellingGeneralAndAdministrative": "441475000", "researchAndDevelopment": "0", "operatingExpenses": "-254062000", "investmentIncomeNet": "None", "netInterestIncome": "None", "interestIncome": "None", "interestExpense": "502451000", "nonInterestIncome": "None", "otherNonOperatingIncome": "None", "depreciation": "None", "depreciationAndAmortization": "71419000", "incomeBeforeTax": "496733000", "incomeTaxExpense": "151476000", "interestAndDebtExpense": "None", "netIncomeFromContinuingOperations": "0", "comprehensiveIncomeNetOfTax": "None", "ebit": "999184000", "ebitda": "1070603000", "netIncome": "345257000"}, {"fiscalDateEnding": "2006-03-31", "reportedCurrency": "USD", "grossProfit": "1212844000", "totalRevenue": "1212844000", "costOfRevenue": "480625000", "costofGoodsAndServicesSold": "480625000", "operatingIncome": "882255000", "sellingGeneralAndAdministrative": "447008000", "researchAndDevelopment": "0", "operatingExpenses": "-330589000", "investmentIncomeNet": "None", "netInterestIncome": "None", "interestIncome": "None", "interestExpense": "453005000", "nonInterestIncome": "None", "otherNonOperatingIncome": "None", "depreciation": "None", "depreciationAndAmortization": "73677000", "incomeBeforeTax": "429250000", "incomeTaxExpense": "134570000", "interestAndDebtExpense": "None", "netIncomeFromContinuingOperations": "0", "comprehensiveIncomeNetOfTax": "None", "ebit": "882255000", "ebitda": "955932000", "netIncome": "294680000"}, {"fiscalDateEnding": "2005-12-31", "reportedCurrency": "USD", "grossProfit": "1148698000", "totalRevenue": "1148698000", "costOfRevenue": "463247000", "costofGoodsAndServicesSold": "463247000", "operatingIncome": "777909000", "sellingGeneralAndAdministrative": "436965000", "researchAndDevelopment": "0", "operatingExpenses": "-1302052000", "investmentIncomeNet": "None", "netInterestIncome": "None", "interestIncome": "None", "interestExpense": "423247000", "nonInterestIncome": "None", "otherNonOperatingIncome": "None", "depreciation": "None", "depreciationAndAmortization": "60631000", "incomeBeforeTax": "354662000", "incomeTaxExpense": "100666000", "interestAndDebtExpense": "None", "netIncomeFromContinuingOperations": "0", "comprehensiveIncomeNetOfTax": "None", "ebit": "777909000", "ebitda": "838540000", "netIncome": "253996000"}, {"fiscalDateEnding": "2005-09-30", "reportedCurrency": "USD", "grossProfit": "1167735000", "totalRevenue": "1167735000", "costOfRevenue": "458932000", "costofGoodsAndServicesSold": "458932000", "operatingIncome": "760544000", "sellingGeneralAndAdministrative": "437951000", "researchAndDevelopment": "0", "operatingExpenses": "-407191000", "investmentIncomeNet": "None", "netInterestIncome": "None", "interestIncome": "None", "interestExpense": "396432000", "nonInterestIncome": "None", "otherNonOperatingIncome": "None", "depreciation": "None", "depreciationAndAmortization": "80417000", "incomeBeforeTax": "364112000", "incomeTaxExpense": "107556000", "interestAndDebtExpense": "None", "netIncomeFromContinuingOperations": "0", "comprehensiveIncomeNetOfTax": "None", "ebit": "760544000", "ebitda": "840961000", "netIncome": "256556000"}, {"fiscalDateEnding": "2005-06-30", "reportedCurrency": "USD", "grossProfit": "1206137000", "totalRevenue": "1206137000", "costOfRevenue": "391172000", "costofGoodsAndServicesSold": "391172000", "operatingIncome": "714458000", "sellingGeneralAndAdministrative": "426443000", "researchAndDevelopment": "0", "operatingExpenses": "-491679000", "investmentIncomeNet": "None", "netInterestIncome": "None", "interestIncome": "None", "interestExpense": "358672000", "nonInterestIncome": "None", "otherNonOperatingIncome": "None", "depreciation": "None", "depreciationAndAmortization": "78663000", "incomeBeforeTax": "355786000", "incomeTaxExpense": "107435000", "interestAndDebtExpense": "None", "netIncomeFromContinuingOperations": "0", "comprehensiveIncomeNetOfTax": "None", "ebit": "714458000", "ebitda": "793121000", "netIncome": "248351000"}, {"fiscalDateEnding": "2005-03-31", "reportedCurrency": "USD", "grossProfit": "1099373000", "totalRevenue": "1099373000", "costOfRevenue": "341405000", "costofGoodsAndServicesSold": "341405000", "operatingIncome": "658940000", "sellingGeneralAndAdministrative": "437658000", "researchAndDevelopment": "0", "operatingExpenses": "-440433000", "investmentIncomeNet": "None", "netInterestIncome": "None", "interestIncome": "None", "interestExpense": "311405000", "nonInterestIncome": "None", "otherNonOperatingIncome": "None", "depreciation": "None", "depreciationAndAmortization": "77868000", "incomeBeforeTax": "347535000", "incomeTaxExpense": "105894000", "interestAndDebtExpense": "None", "netIncomeFromContinuingOperations": "0", "comprehensiveIncomeNetOfTax": "None", "ebit": "658940000", "ebitda": "736808000", "netIncome": "241641000"}, {"fiscalDateEnding": "2004-12-31", "reportedCurrency": "USD", "grossProfit": "1080682000", "totalRevenue": "1080682000", "costOfRevenue": "324175000", "costofGoodsAndServicesSold": "324175000", "operatingIncome": "622148000", "sellingGeneralAndAdministrative": "404012000", "researchAndDevelopment": "0", "operatingExpenses": "-1021063000", "investmentIncomeNet": "None", "netInterestIncome": "None", "interestIncome": "None", "interestExpense": "279175000", "nonInterestIncome": "None", "otherNonOperatingIncome": "None", "depreciation": "None", "depreciationAndAmortization": "105937000", "incomeBeforeTax": "342973000", "incomeTaxExpense": "106513000", "interestAndDebtExpense": "None", "netIncomeFromContinuingOperations": "0", "comprehensiveIncomeNetOfTax": "None", "ebit": "622148000", "ebitda": "728085000", "netIncome": "236460000"}]}