{"symbol": "OKE", "annualReports": [{"fiscalDateEnding": "2024-12-31", "reportedCurrency": "USD", "grossProfit": "7253000000", "totalRevenue": "21698000000", "costOfRevenue": "14445000000", "costofGoodsAndServicesSold": "14445000000", "operatingIncome": "4989000000", "sellingGeneralAndAdministrative": "None", "researchAndDevelopment": "None", "operatingExpenses": "2264000000", "investmentIncomeNet": "None", "netInterestIncome": "-1371000000", "interestIncome": "None", "interestExpense": "1371000000", "nonInterestIncome": "None", "otherNonOperatingIncome": "None", "depreciation": "None", "depreciationAndAmortization": "1134000000", "incomeBeforeTax": "4110000000", "incomeTaxExpense": "1075000000", "interestAndDebtExpense": "None", "netIncomeFromContinuingOperations": "3112000000", "comprehensiveIncomeNetOfTax": "None", "ebit": "2739000000", "ebitda": "3873000000", "netIncome": "3035000000"}, {"fiscalDateEnding": "2023-12-31", "reportedCurrency": "USD", "grossProfit": "4979000000", "totalRevenue": "17677000000", "costOfRevenue": "12698000000", "costofGoodsAndServicesSold": "12698000000", "operatingIncome": "4072000000", "sellingGeneralAndAdministrative": "None", "researchAndDevelopment": "None", "operatingExpenses": "1676000000", "investmentIncomeNet": "None", "netInterestIncome": "-726946000", "interestIncome": "None", "interestExpense": "866000000", "nonInterestIncome": "None", "otherNonOperatingIncome": "None", "depreciation": "None", "depreciationAndAmortization": "769000000", "incomeBeforeTax": "3497000000", "incomeTaxExpense": "838000000", "interestAndDebtExpense": "None", "netIncomeFromContinuingOperations": "2456221000", "comprehensiveIncomeNetOfTax": "None", "ebit": "4342000000", "ebitda": "5111000000", "netIncome": "2659000000"}, {"fiscalDateEnding": "2022-12-31", "reportedCurrency": "USD", "grossProfit": "3850894000", "totalRevenue": "22386892000", "costOfRevenue": "18535998000", "costofGoodsAndServicesSold": "18535998000", "operatingIncome": "2807419000", "sellingGeneralAndAdministrative": "None", "researchAndDevelopment": "None", "operatingExpenses": "1043475000", "investmentIncomeNet": "None", "netInterestIncome": "-675946000", "interestIncome": "528226000", "interestExpense": "675946000", "nonInterestIncome": "None", "otherNonOperatingIncome": "None", "depreciation": "None", "depreciationAndAmortization": "626132000", "incomeBeforeTax": "2249645000", "incomeTaxExpense": "527424000", "interestAndDebtExpense": "None", "netIncomeFromContinuingOperations": "1722221000", "comprehensiveIncomeNetOfTax": "None", "ebit": "2891376000", "ebitda": "3517508000", "netIncome": "1722000000"}, {"fiscalDateEnding": "2021-12-31", "reportedCurrency": "USD", "grossProfit": "3661953000", "totalRevenue": "16540309000", "costOfRevenue": "12878356000", "costofGoodsAndServicesSold": "12878356000", "operatingIncome": "2596259000", "sellingGeneralAndAdministrative": "17747000", "researchAndDevelopment": "None", "operatingExpenses": "1067088000", "investmentIncomeNet": "None", "netInterestIncome": "-732924000", "interestIncome": "610404000", "interestExpense": "732924000", "nonInterestIncome": "None", "otherNonOperatingIncome": "None", "depreciation": "None", "depreciationAndAmortization": "621701000", "incomeBeforeTax": "1984204000", "incomeTaxExpense": "484498000", "interestAndDebtExpense": "None", "netIncomeFromContinuingOperations": "1499706000", "comprehensiveIncomeNetOfTax": "None", "ebit": "2677176000", "ebitda": "3298877000", "netIncome": "1500000000"}, {"fiscalDateEnding": "2020-12-31", "reportedCurrency": "USD", "grossProfit": "2853434000", "totalRevenue": "8542242000", "costOfRevenue": "5688808000", "costofGoodsAndServicesSold": "5688808000", "operatingIncome": "2135143000", "sellingGeneralAndAdministrative": "17162000", "researchAndDevelopment": "None", "operatingExpenses": "886204000", "investmentIncomeNet": "None", "netInterestIncome": "-712886000", "interestIncome": "569645000", "interestExpense": "712886000", "nonInterestIncome": "None", "otherNonOperatingIncome": "None", "depreciation": "None", "depreciationAndAmortization": "578662000", "incomeBeforeTax": "802316000", "incomeTaxExpense": "189507000", "interestAndDebtExpense": "None", "netIncomeFromContinuingOperations": "612809000", "comprehensiveIncomeNetOfTax": "None", "ebit": "1968557000", "ebitda": "2547219000", "netIncome": "612809000"}, {"fiscalDateEnding": "2019-12-31", "reportedCurrency": "USD", "grossProfit": "2899792000", "totalRevenue": "10164367000", "costOfRevenue": "7264575000", "costofGoodsAndServicesSold": "7264575000", "operatingIncome": "1914353000", "sellingGeneralAndAdministrative": "982864000", "researchAndDevelopment": "None", "operatingExpenses": "982864000", "investmentIncomeNet": "None", "netInterestIncome": "-491773000", "interestIncome": "337232000", "interestExpense": "491773000", "nonInterestIncome": "None", "otherNonOperatingIncome": "228411000", "depreciation": "None", "depreciationAndAmortization": "476535000", "incomeBeforeTax": "1650991000", "incomeTaxExpense": "372414000", "interestAndDebtExpense": "None", "netIncomeFromContinuingOperations": "2023405000", "comprehensiveIncomeNetOfTax": "None", "ebit": "1904209000", "ebitda": "2380744000", "netIncome": "1278577000"}, {"fiscalDateEnding": "2018-12-31", "reportedCurrency": "USD", "grossProfit": "2741931000", "totalRevenue": "12593196000", "costOfRevenue": "9851265000", "costofGoodsAndServicesSold": "9851265000", "operatingIncome": "1835464000", "sellingGeneralAndAdministrative": "907068000", "researchAndDevelopment": "0", "operatingExpenses": "907068000", "investmentIncomeNet": "None", "netInterestIncome": "-469620000", "interestIncome": "311237000", "interestExpense": "469620000", "nonInterestIncome": "None", "otherNonOperatingIncome": "152091000", "depreciation": "None", "depreciationAndAmortization": "428557000", "incomeBeforeTax": "1517935000", "incomeTaxExpense": "362903000", "interestAndDebtExpense": "None", "netIncomeFromContinuingOperations": "1155032000", "comprehensiveIncomeNetOfTax": "None", "ebit": "1818127000", "ebitda": "2246684000", "netIncome": "1151703000"}, {"fiscalDateEnding": "2017-12-31", "reportedCurrency": "USD", "grossProfit": "2229527000", "totalRevenue": "12173907000", "costOfRevenue": "9944380000", "costofGoodsAndServicesSold": "9944380000", "operatingIncome": "1380895000", "sellingGeneralAndAdministrative": "833586000", "researchAndDevelopment": "0", "operatingExpenses": "833586000", "investmentIncomeNet": "None", "netInterestIncome": "-485658000", "interestIncome": "326380000", "interestExpense": "485658000", "nonInterestIncome": "None", "otherNonOperatingIncome": "145564000", "depreciation": "None", "depreciationAndAmortization": "406335000", "incomeBeforeTax": "1040801000", "incomeTaxExpense": "447282000", "interestAndDebtExpense": "None", "netIncomeFromContinuingOperations": "593519000", "comprehensiveIncomeNetOfTax": "None", "ebit": "1393214000", "ebitda": "1799549000", "netIncome": "387841000"}, {"fiscalDateEnding": "2016-12-31", "reportedCurrency": "USD", "grossProfit": "2033225000", "totalRevenue": "8920934000", "costOfRevenue": "6887709000", "costofGoodsAndServicesSold": "6887709000", "operatingIncome": "1285676000", "sellingGeneralAndAdministrative": "757184000", "researchAndDevelopment": "0", "operatingExpenses": "757184000", "investmentIncomeNet": "None", "netInterestIncome": "-469651000", "interestIncome": "329961000", "interestExpense": "469651000", "nonInterestIncome": "None", "otherNonOperatingIncome": "141931000", "depreciation": "None", "depreciationAndAmortization": "391585000", "incomeBeforeTax": "957956000", "incomeTaxExpense": "212406000", "interestAndDebtExpense": "None", "netIncomeFromContinuingOperations": "745550000", "comprehensiveIncomeNetOfTax": "None", "ebit": "1276041000", "ebitda": "1667626000", "netIncome": "352039000"}, {"fiscalDateEnding": "2015-12-31", "reportedCurrency": "USD", "grossProfit": "1767534000", "totalRevenue": "7763206000", "costOfRevenue": "5995672000", "costofGoodsAndServicesSold": "5995672000", "operatingIncome": "996159000", "sellingGeneralAndAdministrative": "693331000", "researchAndDevelopment": "0", "operatingExpenses": "693331000", "investmentIncomeNet": "None", "netInterestIncome": "None", "interestIncome": "291487000", "interestExpense": "416787000", "nonInterestIncome": "None", "otherNonOperatingIncome": "-57496000", "depreciation": "None", "depreciationAndAmortization": "354620000", "incomeBeforeTax": "521876000", "incomeTaxExpense": "136600000", "interestAndDebtExpense": "None", "netIncomeFromContinuingOperations": "385276000", "comprehensiveIncomeNetOfTax": "None", "ebit": "1074203000", "ebitda": "1428823000", "netIncome": "244977000"}, {"fiscalDateEnding": "2014-12-31", "reportedCurrency": "USD", "grossProfit": "1811859000", "totalRevenue": "12195091000", "costOfRevenue": "10383232000", "costofGoodsAndServicesSold": "10383232000", "operatingIncome": "1143571000", "sellingGeneralAndAdministrative": "674887000", "researchAndDevelopment": "0", "operatingExpenses": "674887000", "investmentIncomeNet": "None", "netInterestIncome": "None", "interestIncome": "None", "interestExpense": "356163000", "nonInterestIncome": "None", "otherNonOperatingIncome": "41003000", "depreciation": "None", "depreciationAndAmortization": "306038000", "incomeBeforeTax": "819873000", "incomeTaxExpense": "151158000", "interestAndDebtExpense": "None", "netIncomeFromContinuingOperations": "668715000", "comprehensiveIncomeNetOfTax": "None", "ebit": "1176036000", "ebitda": "1482074000", "netIncome": "314107000"}, {"fiscalDateEnding": "2013-12-31", "reportedCurrency": "USD", "grossProfit": "1905306000", "totalRevenue": "14602717000", "costOfRevenue": "12697411000", "costofGoodsAndServicesSold": "12697411000", "operatingIncome": "926734000", "sellingGeneralAndAdministrative": "990453000", "researchAndDevelopment": "0", "operatingExpenses": "990453000", "investmentIncomeNet": "None", "netInterestIncome": "None", "interestIncome": "None", "interestExpense": "334206000", "nonInterestIncome": "None", "otherNonOperatingIncome": "147815000", "depreciation": "None", "depreciationAndAmortization": "384377000", "incomeBeforeTax": "740343000", "incomeTaxExpense": "163382000", "interestAndDebtExpense": "None", "netIncomeFromContinuingOperations": "576961000", "comprehensiveIncomeNetOfTax": "None", "ebit": "1059989000", "ebitda": "1444366000", "netIncome": "266533000"}, {"fiscalDateEnding": "2012-12-31", "reportedCurrency": "USD", "grossProfit": "2014997000", "totalRevenue": "12632559000", "costOfRevenue": "10617562000", "costofGoodsAndServicesSold": "10617562000", "operatingIncome": "1102500000", "sellingGeneralAndAdministrative": "806087000", "researchAndDevelopment": "0", "operatingExpenses": "908978000", "investmentIncomeNet": "None", "netInterestIncome": "None", "interestIncome": "None", "interestExpense": "302305000", "nonInterestIncome": "None", "otherNonOperatingIncome": "144251000", "depreciation": "None", "depreciationAndAmortization": "335852000", "incomeBeforeTax": "944446000", "incomeTaxExpense": "215195000", "interestAndDebtExpense": "None", "netIncomeFromContinuingOperations": "729251000", "comprehensiveIncomeNetOfTax": "None", "ebit": "1096144000", "ebitda": "1431996000", "netIncome": "360619000"}, {"fiscalDateEnding": "2011-12-31", "reportedCurrency": "USD", "grossProfit": "2380359000", "totalRevenue": "14805794000", "costOfRevenue": "12425435000", "costofGoodsAndServicesSold": "12425435000", "operatingIncome": "1158913000", "sellingGeneralAndAdministrative": "813666000", "researchAndDevelopment": "0", "operatingExpenses": "1221446000", "investmentIncomeNet": "None", "netInterestIncome": "None", "interestIncome": "None", "interestExpense": "297006000", "nonInterestIncome": "None", "otherNonOperatingIncome": "121655000", "depreciation": "None", "depreciationAndAmortization": "312288000", "incomeBeforeTax": "983562000", "incomeTaxExpense": "226048000", "interestAndDebtExpense": "None", "netIncomeFromContinuingOperations": "757514000", "comprehensiveIncomeNetOfTax": "None", "ebit": "1280568000", "ebitda": "1592856000", "netIncome": "360594000"}, {"fiscalDateEnding": "2010-12-31", "reportedCurrency": "USD", "grossProfit": "2072542000", "totalRevenue": "13030051000", "costOfRevenue": "10957509000", "costofGoodsAndServicesSold": "10957509000", "operatingIncome": "944017000", "sellingGeneralAndAdministrative": "748612000", "researchAndDevelopment": "None", "operatingExpenses": "1147144000", "investmentIncomeNet": "None", "netInterestIncome": "None", "interestIncome": "None", "interestExpense": "292239000", "nonInterestIncome": "None", "otherNonOperatingIncome": "102368000", "depreciation": "None", "depreciationAndAmortization": "307317000", "incomeBeforeTax": "755164000", "incomeTaxExpense": "213834000", "interestAndDebtExpense": "None", "netIncomeFromContinuingOperations": "540312000", "comprehensiveIncomeNetOfTax": "None", "ebit": "1047431000", "ebitda": "1354748000", "netIncome": "334632000"}, {"fiscalDateEnding": "2009-12-31", "reportedCurrency": "USD", "grossProfit": "2015946000", "totalRevenue": "11111651000", "costOfRevenue": "9095705000", "costofGoodsAndServicesSold": "9095705000", "operatingIncome": "894640000", "sellingGeneralAndAdministrative": "736125000", "researchAndDevelopment": "0", "operatingExpenses": "1126112000", "investmentIncomeNet": "None", "netInterestIncome": "None", "interestIncome": "None", "interestExpense": "300822000", "nonInterestIncome": "None", "otherNonOperatingIncome": "77839000", "depreciation": "None", "depreciationAndAmortization": "288991000", "incomeBeforeTax": "698525000", "incomeTaxExpense": "207321000", "interestAndDebtExpense": "None", "netIncomeFromContinuingOperations": "464336000", "comprehensiveIncomeNetOfTax": "None", "ebit": "1000587000", "ebitda": "1289578000", "netIncome": "305451000"}, {"fiscalDateEnding": "2008-12-31", "reportedCurrency": "USD", "grossProfit": "1935527000", "totalRevenue": "16157433000", "costOfRevenue": "14221906000", "costofGoodsAndServicesSold": "14221906000", "operatingIncome": "914688000", "sellingGeneralAndAdministrative": "None", "researchAndDevelopment": "None", "operatingExpenses": "1020839000", "investmentIncomeNet": "None", "netInterestIncome": "None", "interestIncome": "None", "interestExpense": "315597000", "nonInterestIncome": "None", "otherNonOperatingIncome": "None", "depreciation": "None", "depreciationAndAmortization": "243927000", "incomeBeforeTax": "505980000", "incomeTaxExpense": "194071000", "interestAndDebtExpense": "None", "netIncomeFromContinuingOperations": "None", "comprehensiveIncomeNetOfTax": "None", "ebit": "1058705000", "ebitda": "1302632000", "netIncome": "311909000"}, {"fiscalDateEnding": "2007-12-31", "reportedCurrency": "USD", "grossProfit": "1810108000", "totalRevenue": "13477414000", "costOfRevenue": "11667306000", "costofGoodsAndServicesSold": "11667306000", "operatingIncome": "820634000", "sellingGeneralAndAdministrative": "None", "researchAndDevelopment": "None", "operatingExpenses": "989474000", "investmentIncomeNet": "None", "netInterestIncome": "None", "interestIncome": "None", "interestExpense": "225246000", "nonInterestIncome": "None", "otherNonOperatingIncome": "None", "depreciation": "None", "depreciationAndAmortization": "227964000", "incomeBeforeTax": "489518000", "incomeTaxExpense": "184597000", "interestAndDebtExpense": "None", "netIncomeFromContinuingOperations": "None", "comprehensiveIncomeNetOfTax": "None", "ebit": "822543000", "ebitda": "1050507000", "netIncome": "304921000"}, {"fiscalDateEnding": "2006-12-31", "reportedCurrency": "USD", "grossProfit": "1719594000", "totalRevenue": "11896104000", "costOfRevenue": "10176510000", "costofGoodsAndServicesSold": "10176510000", "operatingIncome": "745674000", "sellingGeneralAndAdministrative": "None", "researchAndDevelopment": "None", "operatingExpenses": "973920000", "investmentIncomeNet": "None", "netInterestIncome": "None", "interestIncome": "None", "interestExpense": "29106000", "nonInterestIncome": "None", "otherNonOperatingIncome": "None", "depreciation": "None", "depreciationAndAmortization": "235543000", "incomeBeforeTax": "500441000", "incomeTaxExpense": "193764000", "interestAndDebtExpense": "None", "netIncomeFromContinuingOperations": "None", "comprehensiveIncomeNetOfTax": "None", "ebit": "861566000", "ebitda": "1097109000", "netIncome": "306312000"}, {"fiscalDateEnding": "2005-12-31", "reportedCurrency": "USD", "grossProfit": "1338154000", "totalRevenue": "12676230000", "costOfRevenue": "11338076000", "costofGoodsAndServicesSold": "11338076000", "operatingIncome": "534765000", "sellingGeneralAndAdministrative": "None", "researchAndDevelopment": "None", "operatingExpenses": "803389000", "investmentIncomeNet": "None", "netInterestIncome": "None", "interestIncome": "None", "interestExpense": "512813000", "nonInterestIncome": "None", "otherNonOperatingIncome": "None", "depreciation": "None", "depreciationAndAmortization": "183394000", "incomeBeforeTax": "645669000", "incomeTaxExpense": "242521000", "interestAndDebtExpense": "None", "netIncomeFromContinuingOperations": "None", "comprehensiveIncomeNetOfTax": "None", "ebit": "534765000", "ebitda": "718159000", "netIncome": "546545000"}], "quarterlyReports": [{"fiscalDateEnding": "2024-12-31", "reportedCurrency": "USD", "grossProfit": "2160000000", "totalRevenue": "7000000000", "costOfRevenue": "4840000000", "costofGoodsAndServicesSold": "4840000000", "operatingIncome": "1568000000", "sellingGeneralAndAdministrative": "None", "researchAndDevelopment": "None", "operatingExpenses": "592000000", "investmentIncomeNet": "None", "netInterestIncome": "-448000000", "interestIncome": "None", "interestExpense": "448000000", "nonInterestIncome": "None", "otherNonOperatingIncome": "None", "depreciation": "None", "depreciationAndAmortization": "344000000", "incomeBeforeTax": "1328000000", "incomeTaxExpense": "328000000", "interestAndDebtExpense": "None", "netIncomeFromContinuingOperations": "1000000000", "comprehensiveIncomeNetOfTax": "None", "ebit": "1776000000", "ebitda": "2120000000", "netIncome": "923000000"}, {"fiscalDateEnding": "2024-09-30", "reportedCurrency": "USD", "grossProfit": "1722000000", "totalRevenue": "5023000000", "costOfRevenue": "3301000000", "costofGoodsAndServicesSold": "3301000000", "operatingIncome": "1128000000", "sellingGeneralAndAdministrative": "None", "researchAndDevelopment": "None", "operatingExpenses": "594000000", "investmentIncomeNet": "None", "netInterestIncome": "-325000000", "interestIncome": "None", "interestExpense": "325000000", "nonInterestIncome": "None", "otherNonOperatingIncome": "None", "depreciation": "None", "depreciationAndAmortization": "274000000", "incomeBeforeTax": "912000000", "incomeTaxExpense": "219000000", "interestAndDebtExpense": "None", "netIncomeFromContinuingOperations": "693000000", "comprehensiveIncomeNetOfTax": "None", "ebit": "1237000000", "ebitda": "1511000000", "netIncome": "693000000"}, {"fiscalDateEnding": "2024-06-30", "reportedCurrency": "USD", "grossProfit": "1251000000", "totalRevenue": "4894000000", "costOfRevenue": "3643000000", "costofGoodsAndServicesSold": "3643000000", "operatingIncome": "1229000000", "sellingGeneralAndAdministrative": "None", "researchAndDevelopment": "None", "operatingExpenses": "22000000", "investmentIncomeNet": "None", "netInterestIncome": "-298000000", "interestIncome": "None", "interestExpense": "298000000", "nonInterestIncome": "None", "otherNonOperatingIncome": "None", "depreciation": "None", "depreciationAndAmortization": "262000000", "incomeBeforeTax": "1023000000", "incomeTaxExpense": "243000000", "interestAndDebtExpense": "None", "netIncomeFromContinuingOperations": "780000000", "comprehensiveIncomeNetOfTax": "None", "ebit": "1229000000", "ebitda": "1491000000", "netIncome": "780000000"}, {"fiscalDateEnding": "2024-03-31", "reportedCurrency": "USD", "grossProfit": "1144000000", "totalRevenue": "4781000000", "costOfRevenue": "3637000000", "costofGoodsAndServicesSold": "3637000000", "operatingIncome": "1064000000", "sellingGeneralAndAdministrative": "None", "researchAndDevelopment": "None", "operatingExpenses": "80000000", "investmentIncomeNet": "None", "netInterestIncome": "-300000000", "interestIncome": "None", "interestExpense": "300000000", "nonInterestIncome": "None", "otherNonOperatingIncome": "None", "depreciation": "None", "depreciationAndAmortization": "254000000", "incomeBeforeTax": "639000000", "incomeTaxExpense": "208000000", "interestAndDebtExpense": "None", "netIncomeFromContinuingOperations": "639000000", "comprehensiveIncomeNetOfTax": "None", "ebit": "1064000000", "ebitda": "1318000000", "netIncome": "639000000"}, {"fiscalDateEnding": "2023-12-31", "reportedCurrency": "USD", "grossProfit": "1304000000", "totalRevenue": "5183000000", "costOfRevenue": "3879000000", "costofGoodsAndServicesSold": "3879000000", "operatingIncome": "1240000000", "sellingGeneralAndAdministrative": "None", "researchAndDevelopment": "None", "operatingExpenses": "64000000", "investmentIncomeNet": "None", "netInterestIncome": "-305000000", "interestIncome": "None", "interestExpense": "311000000", "nonInterestIncome": "None", "otherNonOperatingIncome": "None", "depreciation": "None", "depreciationAndAmortization": "260000000", "incomeBeforeTax": "910000000", "incomeTaxExpense": "222000000", "interestAndDebtExpense": "None", "netIncomeFromContinuingOperations": "688000000", "comprehensiveIncomeNetOfTax": "None", "ebit": "1124000000", "ebitda": "1384000000", "netIncome": "688000000"}, {"fiscalDateEnding": "2023-09-30", "reportedCurrency": "USD", "grossProfit": "1267000000", "totalRevenue": "4189000000", "costOfRevenue": "2922000000", "costofGoodsAndServicesSold": "2922000000", "operatingIncome": "739000000", "sellingGeneralAndAdministrative": "None", "researchAndDevelopment": "None", "operatingExpenses": "528000000", "investmentIncomeNet": "None", "netInterestIncome": "-215000000", "interestIncome": "166000000", "interestExpense": "215000000", "nonInterestIncome": "None", "otherNonOperatingIncome": "None", "depreciation": "None", "depreciationAndAmortization": "177000000", "incomeBeforeTax": "595000000", "incomeTaxExpense": "141000000", "interestAndDebtExpense": "None", "netIncomeFromContinuingOperations": "454000000", "comprehensiveIncomeNetOfTax": "None", "ebit": "862000000", "ebitda": "1039000000", "netIncome": "454000000"}, {"fiscalDateEnding": "2023-06-30", "reportedCurrency": "USD", "grossProfit": "1080000000", "totalRevenue": "3732000000", "costOfRevenue": "2652000000", "costofGoodsAndServicesSold": "2652000000", "operatingIncome": "737000000", "sellingGeneralAndAdministrative": "343000000", "researchAndDevelopment": "None", "operatingExpenses": "343000000", "investmentIncomeNet": "None", "netInterestIncome": "-180000000", "interestIncome": "137000000", "interestExpense": "180000000", "nonInterestIncome": "None", "otherNonOperatingIncome": "56000000", "depreciation": "None", "depreciationAndAmortization": "170000000", "incomeBeforeTax": "613000000", "incomeTaxExpense": "145000000", "interestAndDebtExpense": "None", "netIncomeFromContinuingOperations": "468000000", "comprehensiveIncomeNetOfTax": "None", "ebit": "737000000", "ebitda": "907000000", "netIncome": "468000000"}, {"fiscalDateEnding": "2023-03-31", "reportedCurrency": "USD", "grossProfit": "1012000000", "totalRevenue": "4521000000", "costOfRevenue": "3509000000", "costofGoodsAndServicesSold": "3509000000", "operatingIncome": "1497000000", "sellingGeneralAndAdministrative": "296000000", "researchAndDevelopment": "None", "operatingExpenses": "-485000000", "investmentIncomeNet": "None", "netInterestIncome": "-166000000", "interestIncome": "126000000", "interestExpense": "166000000", "nonInterestIncome": "None", "otherNonOperatingIncome": "48000000", "depreciation": "None", "depreciationAndAmortization": "162000000", "incomeBeforeTax": "1379000000", "incomeTaxExpense": "330000000", "interestAndDebtExpense": "None", "netIncomeFromContinuingOperations": "1049000000", "comprehensiveIncomeNetOfTax": "None", "ebit": "718000000", "ebitda": "880000000", "netIncome": "1049000000"}, {"fiscalDateEnding": "2022-12-31", "reportedCurrency": "USD", "grossProfit": "981371000", "totalRevenue": "5032031000", "costOfRevenue": "4050660000", "costofGoodsAndServicesSold": "4050660000", "operatingIncome": "756812000", "sellingGeneralAndAdministrative": "None", "researchAndDevelopment": "None", "operatingExpenses": "224559000", "investmentIncomeNet": "None", "netInterestIncome": "-166202000", "interestIncome": "129632000", "interestExpense": "166202000", "nonInterestIncome": "None", "otherNonOperatingIncome": "None", "depreciation": "None", "depreciationAndAmortization": "157415000", "incomeBeforeTax": "627075000", "incomeTaxExpense": "142154000", "interestAndDebtExpense": "None", "netIncomeFromContinuingOperations": "484921000", "comprehensiveIncomeNetOfTax": "None", "ebit": "787625000", "ebitda": "945040000", "netIncome": "484921000"}, {"fiscalDateEnding": "2022-09-30", "reportedCurrency": "USD", "grossProfit": "983755000", "totalRevenue": "5913531000", "costOfRevenue": "4929776000", "costofGoodsAndServicesSold": "4929776000", "operatingIncome": "699201000", "sellingGeneralAndAdministrative": "286184000", "researchAndDevelopment": "None", "operatingExpenses": "284554000", "investmentIncomeNet": "None", "netInterestIncome": "-166939000", "interestIncome": "127759000", "interestExpense": "166939000", "nonInterestIncome": "None", "otherNonOperatingIncome": "31618000", "depreciation": "None", "depreciationAndAmortization": "157102000", "incomeBeforeTax": "563880000", "incomeTaxExpense": "132129000", "interestAndDebtExpense": "None", "netIncomeFromContinuingOperations": "431751000", "comprehensiveIncomeNetOfTax": "None", "ebit": "721209000", "ebitda": "878311000", "netIncome": "431000000"}, {"fiscalDateEnding": "2022-06-30", "reportedCurrency": "USD", "grossProfit": "960000000", "totalRevenue": "5996000000", "costOfRevenue": "5036000000", "costofGoodsAndServicesSold": "5036000000", "operatingIncome": "689000000", "sellingGeneralAndAdministrative": "277464000", "researchAndDevelopment": "None", "operatingExpenses": "271000000", "investmentIncomeNet": "None", "netInterestIncome": "-170751000", "interestIncome": "135121000", "interestExpense": "171000000", "nonInterestIncome": "None", "otherNonOperatingIncome": "26900000", "depreciation": "None", "depreciationAndAmortization": "157757000", "incomeBeforeTax": "545000000", "incomeTaxExpense": "131000000", "interestAndDebtExpense": "None", "netIncomeFromContinuingOperations": "414378000", "comprehensiveIncomeNetOfTax": "None", "ebit": "706227000", "ebitda": "863984000", "netIncome": "413725000"}, {"fiscalDateEnding": "2022-03-31", "reportedCurrency": "USD", "grossProfit": "924803000", "totalRevenue": "5444609000", "costOfRevenue": "4519806000", "costofGoodsAndServicesSold": "4519806000", "operatingIncome": "662456000", "sellingGeneralAndAdministrative": "263917000", "researchAndDevelopment": "None", "operatingExpenses": "263917000", "investmentIncomeNet": "None", "netInterestIncome": "-172054000", "interestIncome": "135714000", "interestExpense": "172054000", "nonInterestIncome": "None", "otherNonOperatingIncome": "23189000", "depreciation": "None", "depreciationAndAmortization": "153858000", "incomeBeforeTax": "513591000", "incomeTaxExpense": "122420000", "interestAndDebtExpense": "None", "netIncomeFromContinuingOperations": "391171000", "comprehensiveIncomeNetOfTax": "None", "ebit": "676315000", "ebitda": "830173000", "netIncome": "390725000"}, {"fiscalDateEnding": "2021-12-31", "reportedCurrency": "USD", "grossProfit": "948334000", "totalRevenue": "5420491000", "costOfRevenue": "4472157000", "costofGoodsAndServicesSold": "4472157000", "operatingIncome": "652167000", "sellingGeneralAndAdministrative": "None", "researchAndDevelopment": "None", "operatingExpenses": "296115000", "investmentIncomeNet": "None", "netInterestIncome": "-178395000", "interestIncome": "143488000", "interestExpense": "178395000", "nonInterestIncome": "None", "otherNonOperatingIncome": "None", "depreciation": "None", "depreciationAndAmortization": "153118000", "incomeBeforeTax": "509771000", "incomeTaxExpense": "130398000", "interestAndDebtExpense": "None", "netIncomeFromContinuingOperations": "379373000", "comprehensiveIncomeNetOfTax": "None", "ebit": "652167000", "ebitda": "805285000", "netIncome": "379098000"}, {"fiscalDateEnding": "2021-09-30", "reportedCurrency": "USD", "grossProfit": "932506000", "totalRevenue": "4536175000", "costOfRevenue": "3603669000", "costofGoodsAndServicesSold": "3603669000", "operatingIncome": "667859000", "sellingGeneralAndAdministrative": "265117000", "researchAndDevelopment": "None", "operatingExpenses": "265117000", "investmentIncomeNet": "None", "netInterestIncome": "-184049000", "interestIncome": "155476000", "interestExpense": "184049000", "nonInterestIncome": "None", "otherNonOperatingIncome": "30107000", "depreciation": "None", "depreciationAndAmortization": "154542000", "incomeBeforeTax": "513917000", "incomeTaxExpense": "121899000", "interestAndDebtExpense": "None", "netIncomeFromContinuingOperations": "392018000", "comprehensiveIncomeNetOfTax": "None", "ebit": "667859000", "ebitda": "822401000", "netIncome": "391743000"}, {"fiscalDateEnding": "2021-06-30", "reportedCurrency": "USD", "grossProfit": "865064000", "totalRevenue": "3388964000", "costOfRevenue": "2523900000", "costofGoodsAndServicesSold": "2523900000", "operatingIncome": "611512000", "sellingGeneralAndAdministrative": "254259000", "researchAndDevelopment": "None", "operatingExpenses": "254259000", "investmentIncomeNet": "None", "netInterestIncome": "-184957000", "interestIncome": "159237000", "interestExpense": "184957000", "nonInterestIncome": "None", "otherNonOperatingIncome": "25653000", "depreciation": "None", "depreciationAndAmortization": "156921000", "incomeBeforeTax": "452208000", "incomeTaxExpense": "110069000", "interestAndDebtExpense": "None", "netIncomeFromContinuingOperations": "342139000", "comprehensiveIncomeNetOfTax": "None", "ebit": "611512000", "ebitda": "768433000", "netIncome": "341864000"}, {"fiscalDateEnding": "2021-03-31", "reportedCurrency": "USD", "grossProfit": "916049000", "totalRevenue": "3194679000", "costOfRevenue": "2278630000", "costofGoodsAndServicesSold": "2278630000", "operatingIncome": "664721000", "sellingGeneralAndAdministrative": "251597000", "researchAndDevelopment": "None", "operatingExpenses": "251597000", "investmentIncomeNet": "None", "netInterestIncome": "-185523000", "interestIncome": "152203000", "interestExpense": "185523000", "nonInterestIncome": "None", "otherNonOperatingIncome": "29110000", "depreciation": "None", "depreciationAndAmortization": "157120000", "incomeBeforeTax": "508308000", "incomeTaxExpense": "122132000", "interestAndDebtExpense": "None", "netIncomeFromContinuingOperations": "386176000", "comprehensiveIncomeNetOfTax": "None", "ebit": "664452000", "ebitda": "821572000", "netIncome": "385901000"}, {"fiscalDateEnding": "2020-12-31", "reportedCurrency": "USD", "grossProfit": "790843000", "totalRevenue": "2570577000", "costOfRevenue": "1779734000", "costofGoodsAndServicesSold": "1779734000", "operatingIncome": "538663000", "sellingGeneralAndAdministrative": "None", "researchAndDevelopment": "None", "operatingExpenses": "249771000", "investmentIncomeNet": "None", "netInterestIncome": "-176931000", "interestIncome": "141691000", "interestExpense": "176931000", "nonInterestIncome": "None", "otherNonOperatingIncome": "None", "depreciation": "None", "depreciationAndAmortization": "152648000", "incomeBeforeTax": "403236000", "incomeTaxExpense": "95207000", "interestAndDebtExpense": "None", "netIncomeFromContinuingOperations": "308029000", "comprehensiveIncomeNetOfTax": "None", "ebit": "536447000", "ebitda": "689095000", "netIncome": "307754000"}, {"fiscalDateEnding": "2020-09-30", "reportedCurrency": "USD", "grossProfit": "755345000", "totalRevenue": "2174264000", "costOfRevenue": "1418919000", "costofGoodsAndServicesSold": "1418919000", "operatingIncome": "550433000", "sellingGeneralAndAdministrative": "204929000", "researchAndDevelopment": "None", "operatingExpenses": "204929000", "investmentIncomeNet": "None", "netInterestIncome": "-176371000", "interestIncome": "138325000", "interestExpense": "176371000", "nonInterestIncome": "None", "otherNonOperatingIncome": "44809000", "depreciation": "None", "depreciationAndAmortization": "153245000", "incomeBeforeTax": "418871000", "incomeTaxExpense": "106555000", "interestAndDebtExpense": "None", "netIncomeFromContinuingOperations": "312316000", "comprehensiveIncomeNetOfTax": "None", "ebit": "545816000", "ebitda": "699061000", "netIncome": "312041000"}, {"fiscalDateEnding": "2020-06-30", "reportedCurrency": "USD", "grossProfit": "579855000", "totalRevenue": "1660729000", "costOfRevenue": "1080874000", "costofGoodsAndServicesSold": "1080874000", "operatingIncome": "355730000", "sellingGeneralAndAdministrative": "224464000", "researchAndDevelopment": "None", "operatingExpenses": "224464000", "investmentIncomeNet": "None", "netInterestIncome": "-218968000", "interestIncome": "193640000", "interestExpense": "218968000", "nonInterestIncome": "None", "otherNonOperatingIncome": "40699000", "depreciation": "None", "depreciationAndAmortization": "140416000", "incomeBeforeTax": "177461000", "incomeTaxExpense": "43140000", "interestAndDebtExpense": "None", "netIncomeFromContinuingOperations": "134321000", "comprehensiveIncomeNetOfTax": "None", "ebit": "350791000", "ebitda": "491207000", "netIncome": "134046000"}, {"fiscalDateEnding": "2020-03-31", "reportedCurrency": "USD", "grossProfit": "727391000", "totalRevenue": "2136672000", "costOfRevenue": "1409281000", "costofGoodsAndServicesSold": "1409281000", "operatingIncome": "-83469000", "sellingGeneralAndAdministrative": "207040000", "researchAndDevelopment": "None", "operatingExpenses": "207040000", "investmentIncomeNet": "None", "netInterestIncome": "-140616000", "interestIncome": "95989000", "interestExpense": "140616000", "nonInterestIncome": "None", "otherNonOperatingIncome": "26833000", "depreciation": "None", "depreciationAndAmortization": "132353000", "incomeBeforeTax": "-197252000", "incomeTaxExpense": "-55395000", "interestAndDebtExpense": "None", "netIncomeFromContinuingOperations": "-141857000", "comprehensiveIncomeNetOfTax": "None", "ebit": "-66914000", "ebitda": "65439000", "netIncome": "-141857000"}, {"fiscalDateEnding": "2019-12-31", "reportedCurrency": "USD", "grossProfit": "746282000", "totalRevenue": "2663606000", "costOfRevenue": "1917324000", "costofGoodsAndServicesSold": "1917324000", "operatingIncome": "487314000", "sellingGeneralAndAdministrative": "259275000", "researchAndDevelopment": "None", "operatingExpenses": "259275000", "investmentIncomeNet": "None", "netInterestIncome": "-129283000", "interestIncome": "89917000", "interestExpense": "129283000", "nonInterestIncome": "None", "otherNonOperatingIncome": "60400000", "depreciation": "None", "depreciationAndAmortization": "125983000", "incomeBeforeTax": "418431000", "incomeTaxExpense": "98180000", "interestAndDebtExpense": "None", "netIncomeFromContinuingOperations": "909211000", "comprehensiveIncomeNetOfTax": "None", "ebit": "483813000", "ebitda": "609796000", "netIncome": "319976000"}, {"fiscalDateEnding": "2019-09-30", "reportedCurrency": "USD", "grossProfit": "727270000", "totalRevenue": "2263228000", "costOfRevenue": "1535958000", "costofGoodsAndServicesSold": "1535958000", "operatingIncome": "482151000", "sellingGeneralAndAdministrative": "245135000", "researchAndDevelopment": "None", "operatingExpenses": "245135000", "investmentIncomeNet": "None", "netInterestIncome": "-129577000", "interestIncome": "92001000", "interestExpense": "129577000", "nonInterestIncome": "None", "otherNonOperatingIncome": "53946000", "depreciation": "None", "depreciationAndAmortization": "121430000", "incomeBeforeTax": "406520000", "incomeTaxExpense": "97365000", "interestAndDebtExpense": "None", "netIncomeFromContinuingOperations": "309155000", "comprehensiveIncomeNetOfTax": "None", "ebit": "478960000", "ebitda": "600390000", "netIncome": "308880000"}, {"fiscalDateEnding": "2019-06-30", "reportedCurrency": "USD", "grossProfit": "716817000", "totalRevenue": "2457575000", "costOfRevenue": "1740758000", "costofGoodsAndServicesSold": "1740758000", "operatingIncome": "476146000", "sellingGeneralAndAdministrative": "237713000", "researchAndDevelopment": "None", "operatingExpenses": "237713000", "investmentIncomeNet": "None", "netInterestIncome": "-117493000", "interestIncome": "83375000", "interestExpense": "117493000", "nonInterestIncome": "None", "otherNonOperatingIncome": "52245000", "depreciation": "None", "depreciationAndAmortization": "114964000", "incomeBeforeTax": "410898000", "incomeTaxExpense": "98935000", "interestAndDebtExpense": "None", "netIncomeFromContinuingOperations": "311963000", "comprehensiveIncomeNetOfTax": "None", "ebit": "475929000", "ebitda": "590893000", "netIncome": "311688000"}, {"fiscalDateEnding": "2019-03-31", "reportedCurrency": "USD", "grossProfit": "709423000", "totalRevenue": "2779958000", "costOfRevenue": "2070535000", "costofGoodsAndServicesSold": "2070535000", "operatingIncome": "468742000", "sellingGeneralAndAdministrative": "240741000", "researchAndDevelopment": "None", "operatingExpenses": "240741000", "investmentIncomeNet": "None", "netInterestIncome": "-115420000", "interestIncome": "None", "interestExpense": "115420000", "nonInterestIncome": "None", "otherNonOperatingIncome": "61820000", "depreciation": "None", "depreciationAndAmortization": "114158000", "incomeBeforeTax": "415142000", "incomeTaxExpense": "77934000", "interestAndDebtExpense": "None", "netIncomeFromContinuingOperations": "493076000", "comprehensiveIncomeNetOfTax": "None", "ebit": "465507000", "ebitda": "579665000", "netIncome": "336933000"}, {"fiscalDateEnding": "2018-12-31", "reportedCurrency": "USD", "grossProfit": "707952000", "totalRevenue": "3136700000", "costOfRevenue": "2428748000", "costofGoodsAndServicesSold": "2428748000", "operatingIncome": "471865000", "sellingGeneralAndAdministrative": "236340000", "researchAndDevelopment": "0", "operatingExpenses": "236340000", "investmentIncomeNet": "None", "netInterestIncome": "None", "interestIncome": "None", "interestExpense": "118489000", "nonInterestIncome": "None", "otherNonOperatingIncome": "36130000", "depreciation": "None", "depreciationAndAmortization": "110649000", "incomeBeforeTax": "389506000", "incomeTaxExpense": "96618000", "interestAndDebtExpense": "None", "netIncomeFromContinuingOperations": "-239682000", "comprehensiveIncomeNetOfTax": "None", "ebit": "467407000", "ebitda": "578056000", "netIncome": "292613000"}, {"fiscalDateEnding": "2018-09-30", "reportedCurrency": "USD", "grossProfit": "725742000", "totalRevenue": "3393890000", "costOfRevenue": "2668148000", "costofGoodsAndServicesSold": "2668148000", "operatingIncome": "495534000", "sellingGeneralAndAdministrative": "230371000", "researchAndDevelopment": "0", "operatingExpenses": "230371000", "investmentIncomeNet": "None", "netInterestIncome": "None", "interestIncome": "None", "interestExpense": "121910000", "nonInterestIncome": "None", "otherNonOperatingIncome": "43275000", "depreciation": "None", "depreciationAndAmortization": "107383000", "incomeBeforeTax": "416899000", "incomeTaxExpense": "102983000", "interestAndDebtExpense": "None", "netIncomeFromContinuingOperations": "519882000", "comprehensiveIncomeNetOfTax": "None", "ebit": "491194000", "ebitda": "598577000", "netIncome": "312984000"}, {"fiscalDateEnding": "2018-06-30", "reportedCurrency": "USD", "grossProfit": "678423000", "totalRevenue": "2960529000", "costOfRevenue": "2282106000", "costofGoodsAndServicesSold": "2282106000", "operatingIncome": "448366000", "sellingGeneralAndAdministrative": "230153000", "researchAndDevelopment": "0", "operatingExpenses": "230153000", "investmentIncomeNet": "None", "netInterestIncome": "None", "interestIncome": "None", "interestExpense": "113496000", "nonInterestIncome": "None", "otherNonOperatingIncome": "34840000", "depreciation": "None", "depreciationAndAmortization": "106288000", "incomeBeforeTax": "369710000", "incomeTaxExpense": "87531000", "interestAndDebtExpense": "None", "netIncomeFromContinuingOperations": "457241000", "comprehensiveIncomeNetOfTax": "None", "ebit": "444093000", "ebitda": "550381000", "netIncome": "280773000"}, {"fiscalDateEnding": "2018-03-31", "reportedCurrency": "USD", "grossProfit": "629814000", "totalRevenue": "3102077000", "costOfRevenue": "2472263000", "costofGoodsAndServicesSold": "2472263000", "operatingIncome": "419699000", "sellingGeneralAndAdministrative": "210204000", "researchAndDevelopment": "0", "operatingExpenses": "210204000", "investmentIncomeNet": "None", "netInterestIncome": "None", "interestIncome": "None", "interestExpense": "115725000", "nonInterestIncome": "None", "otherNonOperatingIncome": "37846000", "depreciation": "None", "depreciationAndAmortization": "104237000", "incomeBeforeTax": "341820000", "incomeTaxExpense": "75771000", "interestAndDebtExpense": "None", "netIncomeFromContinuingOperations": "417591000", "comprehensiveIncomeNetOfTax": "None", "ebit": "453602000", "ebitda": "557839000", "netIncome": "264233000"}, {"fiscalDateEnding": "2017-12-31", "reportedCurrency": "USD", "grossProfit": "614625000", "totalRevenue": "3792158000", "costOfRevenue": "3177533000", "costofGoodsAndServicesSold": "3177533000", "operatingIncome": "397836000", "sellingGeneralAndAdministrative": "216809000", "researchAndDevelopment": "0", "operatingExpenses": "216809000", "investmentIncomeNet": "None", "netInterestIncome": "None", "interestIncome": "None", "interestExpense": "124190000", "nonInterestIncome": "None", "otherNonOperatingIncome": "42535000", "depreciation": "None", "depreciationAndAmortization": "103769000", "incomeBeforeTax": "316181000", "incomeTaxExpense": "251369000", "interestAndDebtExpense": "None", "netIncomeFromContinuingOperations": "64812000", "comprehensiveIncomeNetOfTax": "None", "ebit": "389666000", "ebitda": "493435000", "netIncome": "62771000"}, {"fiscalDateEnding": "2017-09-30", "reportedCurrency": "USD", "grossProfit": "574652000", "totalRevenue": "2906366000", "costOfRevenue": "2331714000", "costofGoodsAndServicesSold": "2331714000", "operatingIncome": "351906000", "sellingGeneralAndAdministrative": "207050000", "researchAndDevelopment": "0", "operatingExpenses": "207050000", "investmentIncomeNet": "None", "netInterestIncome": "None", "interestIncome": "None", "interestExpense": "126533000", "nonInterestIncome": "None", "otherNonOperatingIncome": "38286000", "depreciation": "None", "depreciationAndAmortization": "102298000", "incomeBeforeTax": "263659000", "incomeTaxExpense": "97128000", "interestAndDebtExpense": "None", "netIncomeFromContinuingOperations": "166531000", "comprehensiveIncomeNetOfTax": "None", "ebit": "370318000", "ebitda": "472616000", "netIncome": "165466000"}, {"fiscalDateEnding": "2017-06-30", "reportedCurrency": "USD", "grossProfit": "533901000", "totalRevenue": "2725772000", "costOfRevenue": "2191871000", "costofGoodsAndServicesSold": "2191871000", "operatingIncome": "316733000", "sellingGeneralAndAdministrative": "217805000", "researchAndDevelopment": "0", "operatingExpenses": "217805000", "investmentIncomeNet": "None", "netInterestIncome": "None", "interestIncome": "None", "interestExpense": "118473000", "nonInterestIncome": "None", "otherNonOperatingIncome": "21575000", "depreciation": "None", "depreciationAndAmortization": "100849000", "incomeBeforeTax": "219835000", "incomeTaxExpense": "43844000", "interestAndDebtExpense": "None", "netIncomeFromContinuingOperations": "175991000", "comprehensiveIncomeNetOfTax": "None", "ebit": "318813000", "ebitda": "419662000", "netIncome": "71476000"}, {"fiscalDateEnding": "2017-03-31", "reportedCurrency": "USD", "grossProfit": "506349000", "totalRevenue": "2749611000", "costOfRevenue": "2243262000", "costofGoodsAndServicesSold": "2243262000", "operatingIncome": "314420000", "sellingGeneralAndAdministrative": "191922000", "researchAndDevelopment": "0", "operatingExpenses": "191922000", "investmentIncomeNet": "None", "netInterestIncome": "None", "interestIncome": "None", "interestExpense": "116462000", "nonInterestIncome": "None", "otherNonOperatingIncome": "43168000", "depreciation": "None", "depreciationAndAmortization": "99419000", "incomeBeforeTax": "241126000", "incomeTaxExpense": "54941000", "interestAndDebtExpense": "None", "netIncomeFromContinuingOperations": "186185000", "comprehensiveIncomeNetOfTax": "None", "ebit": "317144000", "ebitda": "416563000", "netIncome": "87361000"}, {"fiscalDateEnding": "2016-12-31", "reportedCurrency": "USD", "grossProfit": "533681000", "totalRevenue": "2654461000", "costOfRevenue": "2120780000", "costofGoodsAndServicesSold": "2120780000", "operatingIncome": "329600000", "sellingGeneralAndAdministrative": "204179000", "researchAndDevelopment": "0", "operatingExpenses": "204179000", "investmentIncomeNet": "None", "netInterestIncome": "None", "interestIncome": "None", "interestExpense": "114188000", "nonInterestIncome": "None", "otherNonOperatingIncome": "34219000", "depreciation": "None", "depreciationAndAmortization": "99310000", "incomeBeforeTax": "249631000", "incomeTaxExpense": "54870000", "interestAndDebtExpense": "None", "netIncomeFromContinuingOperations": "194761000", "comprehensiveIncomeNetOfTax": "None", "ebit": "329502000", "ebitda": "428812000", "netIncome": "90505000"}, {"fiscalDateEnding": "2016-09-30", "reportedCurrency": "USD", "grossProfit": "507764000", "totalRevenue": "2357907000", "costOfRevenue": "1850143000", "costofGoodsAndServicesSold": "1850143000", "operatingIncome": "329357000", "sellingGeneralAndAdministrative": "184151000", "researchAndDevelopment": "0", "operatingExpenses": "184151000", "investmentIncomeNet": "None", "netInterestIncome": "None", "interestIncome": "None", "interestExpense": "118240000", "nonInterestIncome": "None", "otherNonOperatingIncome": "38687000", "depreciation": "None", "depreciationAndAmortization": "98550000", "incomeBeforeTax": "249804000", "incomeTaxExpense": "55012000", "interestAndDebtExpense": "None", "netIncomeFromContinuingOperations": "194792000", "comprehensiveIncomeNetOfTax": "None", "ebit": "323613000", "ebitda": "422163000", "netIncome": "92144000"}, {"fiscalDateEnding": "2016-06-30", "reportedCurrency": "USD", "grossProfit": "507537000", "totalRevenue": "2134107000", "costOfRevenue": "1626570000", "costofGoodsAndServicesSold": "1626570000", "operatingIncome": "315285000", "sellingGeneralAndAdministrative": "191839000", "researchAndDevelopment": "0", "operatingExpenses": "191839000", "investmentIncomeNet": "None", "netInterestIncome": "None", "interestIncome": "None", "interestExpense": "118976000", "nonInterestIncome": "None", "otherNonOperatingIncome": "36235000", "depreciation": "None", "depreciationAndAmortization": "99247000", "incomeBeforeTax": "232544000", "incomeTaxExpense": "52458000", "interestAndDebtExpense": "None", "netIncomeFromContinuingOperations": "180086000", "comprehensiveIncomeNetOfTax": "None", "ebit": "315698000", "ebitda": "414945000", "netIncome": "85944000"}, {"fiscalDateEnding": "2016-03-31", "reportedCurrency": "USD", "grossProfit": "484243000", "totalRevenue": "1774459000", "costOfRevenue": "1290216000", "costofGoodsAndServicesSold": "1290216000", "operatingIncome": "311434000", "sellingGeneralAndAdministrative": "177015000", "researchAndDevelopment": "0", "operatingExpenses": "177015000", "investmentIncomeNet": "None", "netInterestIncome": "None", "interestIncome": "None", "interestExpense": "118247000", "nonInterestIncome": "None", "otherNonOperatingIncome": "32790000", "depreciation": "None", "depreciationAndAmortization": "94478000", "incomeBeforeTax": "225977000", "incomeTaxExpense": "50066000", "interestAndDebtExpense": "None", "netIncomeFromContinuingOperations": "175911000", "comprehensiveIncomeNetOfTax": "None", "ebit": "307228000", "ebitda": "401706000", "netIncome": "83446000"}, {"fiscalDateEnding": "2015-12-31", "reportedCurrency": "USD", "grossProfit": "504237000", "totalRevenue": "1930902000", "costOfRevenue": "1426665000", "costofGoodsAndServicesSold": "1426665000", "operatingIncome": "242017000", "sellingGeneralAndAdministrative": "184786000", "researchAndDevelopment": "0", "operatingExpenses": "184786000", "investmentIncomeNet": "None", "netInterestIncome": "None", "interestIncome": "None", "interestExpense": "110730000", "nonInterestIncome": "None", "otherNonOperatingIncome": "-144914000", "depreciation": "None", "depreciationAndAmortization": "93379000", "incomeBeforeTax": "-13627000", "incomeTaxExpense": "12652000", "interestAndDebtExpense": "None", "netIncomeFromContinuingOperations": "-26279000", "comprehensiveIncomeNetOfTax": "None", "ebit": "319451000", "ebitda": "412830000", "netIncome": "25515000"}, {"fiscalDateEnding": "2015-09-30", "reportedCurrency": "USD", "grossProfit": "449838000", "totalRevenue": "1898946000", "costOfRevenue": "1449108000", "costofGoodsAndServicesSold": "1449108000", "operatingIncome": "284935000", "sellingGeneralAndAdministrative": "164177000", "researchAndDevelopment": "0", "operatingExpenses": "164177000", "investmentIncomeNet": "None", "netInterestIncome": "None", "interestIncome": "None", "interestExpense": "106923000", "nonInterestIncome": "None", "otherNonOperatingIncome": "24984000", "depreciation": "None", "depreciationAndAmortization": "88299000", "incomeBeforeTax": "202996000", "incomeTaxExpense": "38298000", "interestAndDebtExpense": "None", "netIncomeFromContinuingOperations": "164698000", "comprehensiveIncomeNetOfTax": "None", "ebit": "285661000", "ebitda": "373960000", "netIncome": "82157000"}, {"fiscalDateEnding": "2015-06-30", "reportedCurrency": "USD", "grossProfit": "437972000", "totalRevenue": "2128052000", "costOfRevenue": "1690080000", "costofGoodsAndServicesSold": "1690080000", "operatingIncome": "272744000", "sellingGeneralAndAdministrative": "165350000", "researchAndDevelopment": "0", "operatingExpenses": "165350000", "investmentIncomeNet": "None", "netInterestIncome": "None", "interestIncome": "None", "interestExpense": "102384000", "nonInterestIncome": "None", "otherNonOperatingIncome": "28882000", "depreciation": "None", "depreciationAndAmortization": "86987000", "incomeBeforeTax": "199242000", "incomeTaxExpense": "48222000", "interestAndDebtExpense": "None", "netIncomeFromContinuingOperations": "151020000", "comprehensiveIncomeNetOfTax": "None", "ebit": "272622000", "ebitda": "359609000", "netIncome": "76505000"}, {"fiscalDateEnding": "2015-03-31", "reportedCurrency": "USD", "grossProfit": "375487000", "totalRevenue": "1805306000", "costOfRevenue": "1429819000", "costofGoodsAndServicesSold": "1429819000", "operatingIncome": "196463000", "sellingGeneralAndAdministrative": "179018000", "researchAndDevelopment": "0", "operatingExpenses": "179018000", "investmentIncomeNet": "None", "netInterestIncome": "None", "interestIncome": "None", "interestExpense": "96750000", "nonInterestIncome": "None", "otherNonOperatingIncome": "33552000", "depreciation": "None", "depreciationAndAmortization": "85955000", "incomeBeforeTax": "133265000", "incomeTaxExpense": "37428000", "interestAndDebtExpense": "None", "netIncomeFromContinuingOperations": "95837000", "comprehensiveIncomeNetOfTax": "None", "ebit": "196469000", "ebitda": "282424000", "netIncome": "60800000"}, {"fiscalDateEnding": "2014-12-31", "reportedCurrency": "USD", "grossProfit": "482940000", "totalRevenue": "2844768000", "costOfRevenue": "2361828000", "costofGoodsAndServicesSold": "2361828000", "operatingIncome": "306747000", "sellingGeneralAndAdministrative": "181259000", "researchAndDevelopment": "0", "operatingExpenses": "181259000", "investmentIncomeNet": "None", "netInterestIncome": "None", "interestIncome": "None", "interestExpense": "86459000", "nonInterestIncome": "None", "otherNonOperatingIncome": "45019000", "depreciation": "None", "depreciationAndAmortization": "80555000", "incomeBeforeTax": "256769000", "incomeTaxExpense": "56003000", "interestAndDebtExpense": "None", "netIncomeFromContinuingOperations": "200766000", "comprehensiveIncomeNetOfTax": "None", "ebit": "301681000", "ebitda": "382236000", "netIncome": "94544000"}, {"fiscalDateEnding": "2014-09-30", "reportedCurrency": "USD", "grossProfit": "462353000", "totalRevenue": "3120145000", "costOfRevenue": "2657792000", "costofGoodsAndServicesSold": "2657792000", "operatingIncome": "291392000", "sellingGeneralAndAdministrative": "172495000", "researchAndDevelopment": "0", "operatingExpenses": "172495000", "investmentIncomeNet": "None", "netInterestIncome": "None", "interestIncome": "None", "interestExpense": "86052000", "nonInterestIncome": "None", "otherNonOperatingIncome": "-53030000", "depreciation": "None", "depreciationAndAmortization": "74588000", "incomeBeforeTax": "152310000", "incomeTaxExpense": "37858000", "interestAndDebtExpense": "None", "netIncomeFromContinuingOperations": "114452000", "comprehensiveIncomeNetOfTax": "None", "ebit": "289858000", "ebitda": "364446000", "netIncome": "64458000"}, {"fiscalDateEnding": "2014-06-30", "reportedCurrency": "USD", "grossProfit": "423353000", "totalRevenue": "3066882000", "costOfRevenue": "2643529000", "costofGoodsAndServicesSold": "2643529000", "operatingIncome": "251315000", "sellingGeneralAndAdministrative": "172022000", "researchAndDevelopment": "0", "operatingExpenses": "172022000", "investmentIncomeNet": "None", "netInterestIncome": "None", "interestIncome": "None", "interestExpense": "88751000", "nonInterestIncome": "None", "otherNonOperatingIncome": "28509000", "depreciation": "None", "depreciationAndAmortization": "72127000", "incomeBeforeTax": "191073000", "incomeTaxExpense": "42313000", "interestAndDebtExpense": "None", "netIncomeFromContinuingOperations": "148760000", "comprehensiveIncomeNetOfTax": "None", "ebit": "251331000", "ebitda": "323458000", "netIncome": "61590000"}, {"fiscalDateEnding": "2014-03-31", "reportedCurrency": "USD", "grossProfit": "443213000", "totalRevenue": "3163296000", "costOfRevenue": "2720083000", "costofGoodsAndServicesSold": "2720083000", "operatingIncome": "294117000", "sellingGeneralAndAdministrative": "149111000", "researchAndDevelopment": "0", "operatingExpenses": "149111000", "investmentIncomeNet": "None", "netInterestIncome": "None", "interestIncome": "None", "interestExpense": "94901000", "nonInterestIncome": "None", "otherNonOperatingIncome": "20505000", "depreciation": "None", "depreciationAndAmortization": "78768000", "incomeBeforeTax": "219721000", "incomeTaxExpense": "14984000", "interestAndDebtExpense": "None", "netIncomeFromContinuingOperations": "204737000", "comprehensiveIncomeNetOfTax": "None", "ebit": "314622000", "ebitda": "393390000", "netIncome": "93515000"}, {"fiscalDateEnding": "2013-12-31", "reportedCurrency": "USD", "grossProfit": "543620000", "totalRevenue": "4140111000", "costOfRevenue": "3596491000", "costofGoodsAndServicesSold": "3596491000", "operatingIncome": "294621000", "sellingGeneralAndAdministrative": "296358000", "researchAndDevelopment": "0", "operatingExpenses": "260538000", "investmentIncomeNet": "None", "netInterestIncome": "None", "interestIncome": "None", "interestExpense": "90130000", "nonInterestIncome": "None", "otherNonOperatingIncome": "34726000", "depreciation": "None", "depreciationAndAmortization": "108034000", "incomeBeforeTax": "239217000", "incomeTaxExpense": "55154000", "interestAndDebtExpense": "None", "netIncomeFromContinuingOperations": "184063000", "comprehensiveIncomeNetOfTax": "None", "ebit": "329347000", "ebitda": "437381000", "netIncome": "90737000"}, {"fiscalDateEnding": "2013-09-30", "reportedCurrency": "USD", "grossProfit": "466921000", "totalRevenue": "3571925000", "costOfRevenue": "3105004000", "costofGoodsAndServicesSold": "3105004000", "operatingIncome": "230081000", "sellingGeneralAndAdministrative": "236862000", "researchAndDevelopment": "0", "operatingExpenses": "236862000", "investmentIncomeNet": "None", "netInterestIncome": "None", "interestIncome": "None", "interestExpense": "81908000", "nonInterestIncome": "None", "otherNonOperatingIncome": "38974000", "depreciation": "None", "depreciationAndAmortization": "94267000", "incomeBeforeTax": "187147000", "incomeTaxExpense": "39449000", "interestAndDebtExpense": "None", "netIncomeFromContinuingOperations": "147698000", "comprehensiveIncomeNetOfTax": "None", "ebit": "268972000", "ebitda": "363239000", "netIncome": "62356000"}, {"fiscalDateEnding": "2013-06-30", "reportedCurrency": "USD", "grossProfit": "361534000", "totalRevenue": "3349236000", "costOfRevenue": "2987702000", "costofGoodsAndServicesSold": "2987702000", "operatingIncome": "128183000", "sellingGeneralAndAdministrative": "233630000", "researchAndDevelopment": "0", "operatingExpenses": "233630000", "investmentIncomeNet": "None", "netInterestIncome": "None", "interestIncome": "None", "interestExpense": "81731000", "nonInterestIncome": "None", "otherNonOperatingIncome": "34405000", "depreciation": "None", "depreciationAndAmortization": "91855000", "incomeBeforeTax": "80857000", "incomeTaxExpense": "1362000", "interestAndDebtExpense": "None", "netIncomeFromContinuingOperations": "79495000", "comprehensiveIncomeNetOfTax": "None", "ebit": "156653000", "ebitda": "248508000", "netIncome": "919000"}, {"fiscalDateEnding": "2013-03-31", "reportedCurrency": "USD", "grossProfit": "533231000", "totalRevenue": "3541445000", "costOfRevenue": "3008214000", "costofGoodsAndServicesSold": "3008214000", "operatingIncome": "273849000", "sellingGeneralAndAdministrative": "223603000", "researchAndDevelopment": "0", "operatingExpenses": "259423000", "investmentIncomeNet": "None", "netInterestIncome": "None", "interestIncome": "None", "interestExpense": "80437000", "nonInterestIncome": "None", "otherNonOperatingIncome": "39710000", "depreciation": "None", "depreciationAndAmortization": "90221000", "incomeBeforeTax": "233122000", "incomeTaxExpense": "67417000", "interestAndDebtExpense": "None", "netIncomeFromContinuingOperations": "165705000", "comprehensiveIncomeNetOfTax": "None", "ebit": "213793000", "ebitda": "304014000", "netIncome": "112521000"}, {"fiscalDateEnding": "2012-12-31", "reportedCurrency": "USD", "grossProfit": "517905000", "totalRevenue": "3659924000", "costOfRevenue": "3142019000", "costofGoodsAndServicesSold": "3142019000", "operatingIncome": "299586000", "sellingGeneralAndAdministrative": "203032000", "researchAndDevelopment": "0", "operatingExpenses": "224452000", "investmentIncomeNet": "None", "netInterestIncome": "None", "interestIncome": "None", "interestExpense": "83591000", "nonInterestIncome": "None", "otherNonOperatingIncome": "38240000", "depreciation": "None", "depreciationAndAmortization": "86415000", "incomeBeforeTax": "254235000", "incomeTaxExpense": "58360000", "interestAndDebtExpense": "None", "netIncomeFromContinuingOperations": "195875000", "comprehensiveIncomeNetOfTax": "None", "ebit": "237756000", "ebitda": "324171000", "netIncome": "111542000"}, {"fiscalDateEnding": "2012-09-30", "reportedCurrency": "USD", "grossProfit": "553972000", "totalRevenue": "3028775000", "costOfRevenue": "2474803000", "costofGoodsAndServicesSold": "2474803000", "operatingIncome": "243333000", "sellingGeneralAndAdministrative": "206048000", "researchAndDevelopment": "0", "operatingExpenses": "310639000", "investmentIncomeNet": "None", "netInterestIncome": "None", "interestIncome": "None", "interestExpense": "71364000", "nonInterestIncome": "None", "otherNonOperatingIncome": "36023000", "depreciation": "None", "depreciationAndAmortization": "81434000", "incomeBeforeTax": "207572000", "incomeTaxExpense": "42584000", "interestAndDebtExpense": "None", "netIncomeFromContinuingOperations": "164988000", "comprehensiveIncomeNetOfTax": "None", "ebit": "278936000", "ebitda": "360370000", "netIncome": "65219000"}, {"fiscalDateEnding": "2012-06-30", "reportedCurrency": "USD", "grossProfit": "548962000", "totalRevenue": "2529260000", "costOfRevenue": "1980298000", "costofGoodsAndServicesSold": "1980298000", "operatingIncome": "234079000", "sellingGeneralAndAdministrative": "204126000", "researchAndDevelopment": "0", "operatingExpenses": "314883000", "investmentIncomeNet": "None", "netInterestIncome": "None", "interestIncome": "None", "interestExpense": "71535000", "nonInterestIncome": "None", "otherNonOperatingIncome": "26806000", "depreciation": "None", "depreciationAndAmortization": "84586000", "incomeBeforeTax": "189350000", "incomeTaxExpense": "40412000", "interestAndDebtExpense": "None", "netIncomeFromContinuingOperations": "148938000", "comprehensiveIncomeNetOfTax": "None", "ebit": "260885000", "ebitda": "345471000", "netIncome": "60993000"}, {"fiscalDateEnding": "2012-03-31", "reportedCurrency": "USD", "grossProfit": "643587000", "totalRevenue": "3414600000", "costOfRevenue": "2771013000", "costofGoodsAndServicesSold": "2771013000", "operatingIncome": "325922000", "sellingGeneralAndAdministrative": "192881000", "researchAndDevelopment": "0", "operatingExpenses": "307410000", "investmentIncomeNet": "None", "netInterestIncome": "None", "interestIncome": "None", "interestExpense": "75815000", "nonInterestIncome": "None", "otherNonOperatingIncome": "43182000", "depreciation": "None", "depreciationAndAmortization": "83417000", "incomeBeforeTax": "293289000", "incomeTaxExpense": "73839000", "interestAndDebtExpense": "None", "netIncomeFromContinuingOperations": "219450000", "comprehensiveIncomeNetOfTax": "None", "ebit": "369104000", "ebitda": "452521000", "netIncome": "122865000"}, {"fiscalDateEnding": "2011-12-31", "reportedCurrency": "USD", "grossProfit": "691169000", "totalRevenue": "3829239000", "costOfRevenue": "3138070000", "costofGoodsAndServicesSold": "3138070000", "operatingIncome": "363079000", "sellingGeneralAndAdministrative": "232328000", "researchAndDevelopment": "0", "operatingExpenses": "328881000", "investmentIncomeNet": "None", "netInterestIncome": "None", "interestIncome": "None", "interestExpense": "68318000", "nonInterestIncome": "None", "otherNonOperatingIncome": "39375000", "depreciation": "None", "depreciationAndAmortization": "78087000", "incomeBeforeTax": "333670000", "incomeTaxExpense": "71148000", "interestAndDebtExpense": "None", "netIncomeFromContinuingOperations": "262988000", "comprehensiveIncomeNetOfTax": "None", "ebit": "401988000", "ebitda": "480075000", "netIncome": "115001000"}, {"fiscalDateEnding": "2011-09-30", "reportedCurrency": "USD", "grossProfit": "533993000", "totalRevenue": "3595191000", "costOfRevenue": "3061198000", "costofGoodsAndServicesSold": "3061198000", "operatingIncome": "248881000", "sellingGeneralAndAdministrative": "186935000", "researchAndDevelopment": "0", "operatingExpenses": "285043000", "investmentIncomeNet": "None", "netInterestIncome": "None", "interestIncome": "None", "interestExpense": "73841000", "nonInterestIncome": "None", "otherNonOperatingIncome": "19594000", "depreciation": "None", "depreciationAndAmortization": "75986000", "incomeBeforeTax": "194634000", "incomeTaxExpense": "33754000", "interestAndDebtExpense": "None", "netIncomeFromContinuingOperations": "160880000", "comprehensiveIncomeNetOfTax": "None", "ebit": "269028000", "ebitda": "345014000", "netIncome": "60321000"}, {"fiscalDateEnding": "2011-06-30", "reportedCurrency": "USD", "grossProfit": "521648000", "totalRevenue": "3514476000", "costOfRevenue": "2992828000", "costofGoodsAndServicesSold": "2992828000", "operatingIncome": "216917000", "sellingGeneralAndAdministrative": "199797000", "researchAndDevelopment": "0", "operatingExpenses": "304519000", "investmentIncomeNet": "None", "netInterestIncome": "None", "interestIncome": "None", "interestExpense": "75498000", "nonInterestIncome": "None", "otherNonOperatingIncome": "29512000", "depreciation": "None", "depreciationAndAmortization": "78824000", "incomeBeforeTax": "170931000", "incomeTaxExpense": "36165000", "interestAndDebtExpense": "None", "netIncomeFromContinuingOperations": "134766000", "comprehensiveIncomeNetOfTax": "None", "ebit": "245731000", "ebitda": "324555000", "netIncome": "55142000"}, {"fiscalDateEnding": "2011-03-31", "reportedCurrency": "USD", "grossProfit": "521648000", "totalRevenue": "3514476000", "costOfRevenue": "2992828000", "costofGoodsAndServicesSold": "2992828000", "operatingIncome": "216917000", "sellingGeneralAndAdministrative": "194606000", "researchAndDevelopment": "None", "operatingExpenses": "304519000", "investmentIncomeNet": "None", "netInterestIncome": "None", "interestIncome": "None", "interestExpense": "75498000", "nonInterestIncome": "None", "otherNonOperatingIncome": "33174000", "depreciation": "None", "depreciationAndAmortization": "108368000", "incomeBeforeTax": "170931000", "incomeTaxExpense": "36165000", "interestAndDebtExpense": "None", "netIncomeFromContinuingOperations": "198880000", "comprehensiveIncomeNetOfTax": "None", "ebit": "216917000", "ebitda": "325285000", "netIncome": "55142000"}, {"fiscalDateEnding": "2010-12-31", "reportedCurrency": "USD", "grossProfit": "633549000", "totalRevenue": "3866888000", "costOfRevenue": "3233339000", "costofGoodsAndServicesSold": "3233339000", "operatingIncome": "330546000", "sellingGeneralAndAdministrative": "0", "researchAndDevelopment": "0", "operatingExpenses": "303003000", "investmentIncomeNet": "None", "netInterestIncome": "None", "interestIncome": "None", "interestExpense": "79349000", "nonInterestIncome": "None", "otherNonOperatingIncome": "None", "depreciation": "None", "depreciationAndAmortization": "79391000", "incomeBeforeTax": "284327000", "incomeTaxExpense": "84981000", "interestAndDebtExpense": "None", "netIncomeFromContinuingOperations": "0", "comprehensiveIncomeNetOfTax": "None", "ebit": "361954000", "ebitda": "441345000", "netIncome": "130130000"}, {"fiscalDateEnding": "2010-09-30", "reportedCurrency": "USD", "grossProfit": "451370000", "totalRevenue": "2942703000", "costOfRevenue": "2491333000", "costofGoodsAndServicesSold": "2491333000", "operatingIncome": "186904000", "sellingGeneralAndAdministrative": "0", "researchAndDevelopment": "0", "operatingExpenses": "264466000", "investmentIncomeNet": "None", "netInterestIncome": "None", "interestIncome": "None", "interestExpense": "70907000", "nonInterestIncome": "None", "otherNonOperatingIncome": "None", "depreciation": "None", "depreciationAndAmortization": "77233000", "incomeBeforeTax": "150266000", "incomeTaxExpense": "29965000", "interestAndDebtExpense": "None", "netIncomeFromContinuingOperations": "0", "comprehensiveIncomeNetOfTax": "None", "ebit": "79360000", "ebitda": "156593000", "netIncome": "55295000"}, {"fiscalDateEnding": "2010-06-30", "reportedCurrency": "USD", "grossProfit": "458077000", "totalRevenue": "2807131000", "costOfRevenue": "2349054000", "costofGoodsAndServicesSold": "2349054000", "operatingIncome": "178713000", "sellingGeneralAndAdministrative": "178478000", "researchAndDevelopment": "0", "operatingExpenses": "279091000", "investmentIncomeNet": "None", "netInterestIncome": "None", "interestIncome": "None", "interestExpense": "75361000", "nonInterestIncome": "None", "otherNonOperatingIncome": "13835000", "depreciation": "None", "depreciationAndAmortization": "75511000", "incomeBeforeTax": "117422000", "incomeTaxExpense": "31048000", "interestAndDebtExpense": "None", "netIncomeFromContinuingOperations": "86139000", "comprehensiveIncomeNetOfTax": "None", "ebit": "192783000", "ebitda": "268294000", "netIncome": "41724000"}, {"fiscalDateEnding": "2010-03-31", "reportedCurrency": "USD", "grossProfit": "619319000", "totalRevenue": "3923967000", "costOfRevenue": "3304648000", "costofGoodsAndServicesSold": "3304648000", "operatingIncome": "337332000", "sellingGeneralAndAdministrative": "180272000", "researchAndDevelopment": "0", "operatingExpenses": "281201000", "investmentIncomeNet": "None", "netInterestIncome": "None", "interestIncome": "None", "interestExpense": "76520000", "nonInterestIncome": "None", "otherNonOperatingIncome": "22972000", "depreciation": "None", "depreciationAndAmortization": "77856000", "incomeBeforeTax": "284031000", "incomeTaxExpense": "97311000", "interestAndDebtExpense": "None", "netIncomeFromContinuingOperations": "186473000", "comprehensiveIncomeNetOfTax": "None", "ebit": "360551000", "ebitda": "438407000", "netIncome": "154539000"}, {"fiscalDateEnding": "2009-12-31", "reportedCurrency": "USD", "grossProfit": "580255000", "totalRevenue": "3729461000", "costOfRevenue": "3149206000", "costofGoodsAndServicesSold": "3149206000", "operatingIncome": "273055000", "sellingGeneralAndAdministrative": "0", "researchAndDevelopment": "0", "operatingExpenses": "308760000", "investmentIncomeNet": "None", "netInterestIncome": "None", "interestIncome": "None", "interestExpense": "76780000", "nonInterestIncome": "None", "otherNonOperatingIncome": "None", "depreciation": "None", "depreciationAndAmortization": "73298000", "incomeBeforeTax": "207541000", "incomeTaxExpense": "63544000", "interestAndDebtExpense": "None", "netIncomeFromContinuingOperations": "0", "comprehensiveIncomeNetOfTax": "None", "ebit": "284321000", "ebitda": "357619000", "netIncome": "93445000"}, {"fiscalDateEnding": "2009-09-30", "reportedCurrency": "USD", "grossProfit": "451854000", "totalRevenue": "2364736000", "costOfRevenue": "1912882000", "costofGoodsAndServicesSold": "1912882000", "operatingIncome": "173778000", "sellingGeneralAndAdministrative": "179678000", "researchAndDevelopment": "0", "operatingExpenses": "276896000", "investmentIncomeNet": "None", "netInterestIncome": "None", "interestIncome": "None", "interestExpense": "72689000", "nonInterestIncome": "None", "otherNonOperatingIncome": "28009000", "depreciation": "None", "depreciationAndAmortization": "72318000", "incomeBeforeTax": "136388000", "incomeTaxExpense": "34080000", "interestAndDebtExpense": "None", "netIncomeFromContinuingOperations": "95018000", "comprehensiveIncomeNetOfTax": "None", "ebit": "209077000", "ebitda": "281395000", "netIncome": "48042000"}, {"fiscalDateEnding": "2009-06-30", "reportedCurrency": "USD", "grossProfit": "432426000", "totalRevenue": "2227627000", "costOfRevenue": "1795201000", "costofGoodsAndServicesSold": "1795201000", "operatingIncome": "154804000", "sellingGeneralAndAdministrative": "184874000", "researchAndDevelopment": "0", "operatingExpenses": "281384000", "investmentIncomeNet": "None", "netInterestIncome": "None", "interestIncome": "None", "interestExpense": "73392000", "nonInterestIncome": "None", "otherNonOperatingIncome": "23526000", "depreciation": "None", "depreciationAndAmortization": "71249000", "incomeBeforeTax": "111608000", "incomeTaxExpense": "30258000", "interestAndDebtExpense": "None", "netIncomeFromContinuingOperations": "281980000", "comprehensiveIncomeNetOfTax": "None", "ebit": "185000000", "ebitda": "256249000", "netIncome": "81350000"}, {"fiscalDateEnding": "2009-03-31", "reportedCurrency": "USD", "grossProfit": "551411000", "totalRevenue": "2789827000", "costOfRevenue": "2238416000", "costofGoodsAndServicesSold": "2238416000", "operatingIncome": "293003000", "sellingGeneralAndAdministrative": "None", "researchAndDevelopment": "None", "operatingExpenses": "259072000", "investmentIncomeNet": "None", "netInterestIncome": "None", "interestIncome": "None", "interestExpense": "77961000", "nonInterestIncome": "None", "otherNonOperatingIncome": "None", "depreciation": "None", "depreciationAndAmortization": "72126000", "incomeBeforeTax": "242988000", "incomeTaxExpense": "79439000", "interestAndDebtExpense": "None", "netIncomeFromContinuingOperations": "None", "comprehensiveIncomeNetOfTax": "None", "ebit": "320949000", "ebitda": "393075000", "netIncome": "163549000"}, {"fiscalDateEnding": "2008-12-31", "reportedCurrency": "USD", "grossProfit": "473761000", "totalRevenue": "2843245000", "costOfRevenue": "2369484000", "costofGoodsAndServicesSold": "2369484000", "operatingIncome": "217693000", "sellingGeneralAndAdministrative": "0", "researchAndDevelopment": "0", "operatingExpenses": "256068000", "investmentIncomeNet": "None", "netInterestIncome": "None", "interestIncome": "None", "interestExpense": "121534000", "nonInterestIncome": "None", "otherNonOperatingIncome": "None", "depreciation": "None", "depreciationAndAmortization": "64498000", "incomeBeforeTax": "115272000", "incomeTaxExpense": "47098000", "interestAndDebtExpense": "None", "netIncomeFromContinuingOperations": "0", "comprehensiveIncomeNetOfTax": "None", "ebit": "217693000", "ebitda": "282191000", "netIncome": "68174000"}, {"fiscalDateEnding": "2008-09-30", "reportedCurrency": "USD", "grossProfit": "455026000", "totalRevenue": "4239246000", "costOfRevenue": "3784220000", "costofGoodsAndServicesSold": "3784220000", "operatingIncome": "190869000", "sellingGeneralAndAdministrative": "0", "researchAndDevelopment": "0", "operatingExpenses": "264157000", "investmentIncomeNet": "None", "netInterestIncome": "None", "interestIncome": "None", "interestExpense": "61076000", "nonInterestIncome": "None", "otherNonOperatingIncome": "None", "depreciation": "None", "depreciationAndAmortization": "60249000", "incomeBeforeTax": "82064000", "incomeTaxExpense": "24031000", "interestAndDebtExpense": "None", "netIncomeFromContinuingOperations": "0", "comprehensiveIncomeNetOfTax": "None", "ebit": "192179000", "ebitda": "252428000", "netIncome": "58033000"}, {"fiscalDateEnding": "2008-06-30", "reportedCurrency": "USD", "grossProfit": "420828000", "totalRevenue": "4172866000", "costOfRevenue": "3752038000", "costofGoodsAndServicesSold": "3752038000", "operatingIncome": "173016000", "sellingGeneralAndAdministrative": "0", "researchAndDevelopment": "0", "operatingExpenses": "247812000", "investmentIncomeNet": "None", "netInterestIncome": "None", "interestIncome": "None", "interestExpense": "82674000", "nonInterestIncome": "None", "otherNonOperatingIncome": "None", "depreciation": "None", "depreciationAndAmortization": "59701000", "incomeBeforeTax": "72439000", "incomeTaxExpense": "30574000", "interestAndDebtExpense": "None", "netIncomeFromContinuingOperations": "0", "comprehensiveIncomeNetOfTax": "None", "ebit": "173012000", "ebitda": "232713000", "netIncome": "41865000"}, {"fiscalDateEnding": "2008-03-31", "reportedCurrency": "USD", "grossProfit": "585912000", "totalRevenue": "4902076000", "costOfRevenue": "4316164000", "costofGoodsAndServicesSold": "4316164000", "operatingIncome": "333110000", "sellingGeneralAndAdministrative": "0", "researchAndDevelopment": "0", "operatingExpenses": "252802000", "investmentIncomeNet": "None", "netInterestIncome": "None", "interestIncome": "None", "interestExpense": "70485000", "nonInterestIncome": "None", "otherNonOperatingIncome": "None", "depreciation": "None", "depreciationAndAmortization": "59479000", "incomeBeforeTax": "236205000", "incomeTaxExpense": "92368000", "interestAndDebtExpense": "None", "netIncomeFromContinuingOperations": "0", "comprehensiveIncomeNetOfTax": "None", "ebit": "333123000", "ebitda": "392602000", "netIncome": "143837000"}, {"fiscalDateEnding": "2007-12-31", "reportedCurrency": "USD", "grossProfit": "537399000", "totalRevenue": "3984968000", "costOfRevenue": "3447569000", "costofGoodsAndServicesSold": "3447569000", "operatingIncome": "255711000", "sellingGeneralAndAdministrative": "0", "researchAndDevelopment": "0", "operatingExpenses": "281688000", "investmentIncomeNet": "None", "netInterestIncome": "None", "interestIncome": "None", "interestExpense": "80300000", "nonInterestIncome": "None", "otherNonOperatingIncome": "None", "depreciation": "None", "depreciationAndAmortization": "59506000", "incomeBeforeTax": "158326000", "incomeTaxExpense": "55402000", "interestAndDebtExpense": "None", "netIncomeFromContinuingOperations": "0", "comprehensiveIncomeNetOfTax": "None", "ebit": "255711000", "ebitda": "315217000", "netIncome": "102924000"}, {"fiscalDateEnding": "2007-09-30", "reportedCurrency": "USD", "grossProfit": "340160000", "totalRevenue": "2809997000", "costOfRevenue": "2469837000", "costofGoodsAndServicesSold": "2469837000", "operatingIncome": "102711000", "sellingGeneralAndAdministrative": "0", "researchAndDevelopment": "0", "operatingExpenses": "237449000", "investmentIncomeNet": "None", "netInterestIncome": "None", "interestIncome": "None", "interestExpense": "53645000", "nonInterestIncome": "None", "otherNonOperatingIncome": "None", "depreciation": "None", "depreciationAndAmortization": "56364000", "incomeBeforeTax": "22052000", "incomeTaxExpense": "8138000", "interestAndDebtExpense": "None", "netIncomeFromContinuingOperations": "0", "comprehensiveIncomeNetOfTax": "None", "ebit": "102770000", "ebitda": "159134000", "netIncome": "13914000"}, {"fiscalDateEnding": "2007-06-30", "reportedCurrency": "USD", "grossProfit": "366509000", "totalRevenue": "2871304000", "costOfRevenue": "2504795000", "costofGoodsAndServicesSold": "2504795000", "operatingIncome": "136114000", "sellingGeneralAndAdministrative": "0", "researchAndDevelopment": "0", "operatingExpenses": "230395000", "investmentIncomeNet": "None", "netInterestIncome": "None", "interestIncome": "None", "interestExpense": "47884000", "nonInterestIncome": "None", "otherNonOperatingIncome": "None", "depreciation": "None", "depreciationAndAmortization": "55644000", "incomeBeforeTax": "58413000", "incomeTaxExpense": "23210000", "interestAndDebtExpense": "None", "netIncomeFromContinuingOperations": "0", "comprehensiveIncomeNetOfTax": "None", "ebit": "135745000", "ebitda": "191389000", "netIncome": "35203000"}, {"fiscalDateEnding": "2007-03-31", "reportedCurrency": "USD", "grossProfit": "564627000", "totalRevenue": "3799006000", "costOfRevenue": "3234379000", "costofGoodsAndServicesSold": "3234379000", "operatingIncome": "326098000", "sellingGeneralAndAdministrative": "0", "researchAndDevelopment": "0", "operatingExpenses": "238529000", "investmentIncomeNet": "None", "netInterestIncome": "None", "interestIncome": "None", "interestExpense": "43417000", "nonInterestIncome": "None", "otherNonOperatingIncome": "None", "depreciation": "None", "depreciationAndAmortization": "56450000", "incomeBeforeTax": "250727000", "incomeTaxExpense": "97847000", "interestAndDebtExpense": "None", "netIncomeFromContinuingOperations": "0", "comprehensiveIncomeNetOfTax": "None", "ebit": "328301000", "ebitda": "384751000", "netIncome": "152880000"}, {"fiscalDateEnding": "2006-12-31", "reportedCurrency": "USD", "grossProfit": "471109000", "totalRevenue": "3067680000", "costOfRevenue": "2596571000", "costofGoodsAndServicesSold": "2596571000", "operatingIncome": "202586000", "sellingGeneralAndAdministrative": "0", "researchAndDevelopment": "0", "operatingExpenses": "268523000", "investmentIncomeNet": "None", "netInterestIncome": "None", "interestIncome": "None", "interestExpense": "62992000", "nonInterestIncome": "None", "otherNonOperatingIncome": "None", "depreciation": "None", "depreciationAndAmortization": "56654000", "incomeBeforeTax": "120839000", "incomeTaxExpense": "46259000", "interestAndDebtExpense": "None", "netIncomeFromContinuingOperations": "0", "comprehensiveIncomeNetOfTax": "None", "ebit": "202586000", "ebitda": "259240000", "netIncome": "74625000"}, {"fiscalDateEnding": "2006-09-30", "reportedCurrency": "USD", "grossProfit": "348986000", "totalRevenue": "2640877000", "costOfRevenue": "2291891000", "costofGoodsAndServicesSold": "2291891000", "operatingIncome": "119535000", "sellingGeneralAndAdministrative": "0", "researchAndDevelopment": "0", "operatingExpenses": "229451000", "investmentIncomeNet": "None", "netInterestIncome": "None", "interestIncome": "None", "interestExpense": "49064000", "nonInterestIncome": "None", "otherNonOperatingIncome": "None", "depreciation": "None", "depreciationAndAmortization": "55469000", "incomeBeforeTax": "40139000", "incomeTaxExpense": "15726000", "interestAndDebtExpense": "None", "netIncomeFromContinuingOperations": "0", "comprehensiveIncomeNetOfTax": "None", "ebit": "119534000", "ebitda": "175003000", "netIncome": "24400000"}, {"fiscalDateEnding": "2006-06-30", "reportedCurrency": "USD", "grossProfit": "401649000", "totalRevenue": "2431907000", "costOfRevenue": "2030258000", "costofGoodsAndServicesSold": "2030258000", "operatingIncome": "154481000", "sellingGeneralAndAdministrative": "0", "researchAndDevelopment": "0", "operatingExpenses": "247168000", "investmentIncomeNet": "None", "netInterestIncome": "None", "interestIncome": "None", "interestExpense": "97124000", "nonInterestIncome": "None", "otherNonOperatingIncome": "None", "depreciation": "None", "depreciationAndAmortization": "53994000", "incomeBeforeTax": "129583000", "incomeTaxExpense": "51638000", "interestAndDebtExpense": "None", "netIncomeFromContinuingOperations": "0", "comprehensiveIncomeNetOfTax": "None", "ebit": "167583000", "ebitda": "221577000", "netIncome": "77795000"}, {"fiscalDateEnding": "2006-03-31", "reportedCurrency": "USD", "grossProfit": "575149000", "totalRevenue": "3918322000", "costOfRevenue": "3343173000", "costofGoodsAndServicesSold": "3343173000", "operatingIncome": "311548000", "sellingGeneralAndAdministrative": "0", "researchAndDevelopment": "0", "operatingExpenses": "263601000", "investmentIncomeNet": "None", "netInterestIncome": "None", "interestIncome": "None", "interestExpense": "95204000", "nonInterestIncome": "None", "otherNonOperatingIncome": "None", "depreciation": "None", "depreciationAndAmortization": "69426000", "incomeBeforeTax": "209872000", "incomeTaxExpense": "80141000", "interestAndDebtExpense": "None", "netIncomeFromContinuingOperations": "0", "comprehensiveIncomeNetOfTax": "None", "ebit": "255970000", "ebitda": "325396000", "netIncome": "129492000"}, {"fiscalDateEnding": "2005-12-31", "reportedCurrency": "USD", "grossProfit": "395278000", "totalRevenue": "4696193000", "costOfRevenue": "4300915000", "costofGoodsAndServicesSold": "4300915000", "operatingIncome": "173061000", "sellingGeneralAndAdministrative": "0", "researchAndDevelopment": "0", "operatingExpenses": "222217000", "investmentIncomeNet": "None", "netInterestIncome": "None", "interestIncome": "None", "interestExpense": "443162000", "nonInterestIncome": "None", "otherNonOperatingIncome": "None", "depreciation": "None", "depreciationAndAmortization": "48342000", "incomeBeforeTax": "367248000", "incomeTaxExpense": "135607000", "interestAndDebtExpense": "None", "netIncomeFromContinuingOperations": "0", "comprehensiveIncomeNetOfTax": "None", "ebit": "173061000", "ebitda": "221403000", "netIncome": "229495000"}, {"fiscalDateEnding": "2005-09-30", "reportedCurrency": "USD", "grossProfit": "342501000", "totalRevenue": "3192206000", "costOfRevenue": "2849705000", "costofGoodsAndServicesSold": "2849705000", "operatingIncome": "123214000", "sellingGeneralAndAdministrative": "0", "researchAndDevelopment": "0", "operatingExpenses": "219287000", "investmentIncomeNet": "None", "netInterestIncome": "None", "interestIncome": "None", "interestExpense": "80951000", "nonInterestIncome": "None", "otherNonOperatingIncome": "None", "depreciation": "None", "depreciationAndAmortization": "31391000", "incomeBeforeTax": "85498000", "incomeTaxExpense": "32800000", "interestAndDebtExpense": "None", "netIncomeFromContinuingOperations": "0", "comprehensiveIncomeNetOfTax": "None", "ebit": "126806000", "ebitda": "158197000", "netIncome": "176450000"}, {"fiscalDateEnding": "2005-06-30", "reportedCurrency": "USD", "grossProfit": "263331000", "totalRevenue": "2121120000", "costOfRevenue": "1857789000", "costofGoodsAndServicesSold": "1857789000", "operatingIncome": "68631000", "sellingGeneralAndAdministrative": "0", "researchAndDevelopment": "0", "operatingExpenses": "194700000", "investmentIncomeNet": "None", "netInterestIncome": "None", "interestIncome": "None", "interestExpense": "27895000", "nonInterestIncome": "None", "otherNonOperatingIncome": "None", "depreciation": "None", "depreciationAndAmortization": "52165000", "incomeBeforeTax": "40733000", "incomeTaxExpense": "15881000", "interestAndDebtExpense": "None", "netIncomeFromContinuingOperations": "0", "comprehensiveIncomeNetOfTax": "None", "ebit": "60461000", "ebitda": "112626000", "netIncome": "24852000"}, {"fiscalDateEnding": "2005-03-31", "reportedCurrency": "USD", "grossProfit": "399565000", "totalRevenue": "2752863000", "costOfRevenue": "2353298000", "costofGoodsAndServicesSold": "2353298000", "operatingIncome": "199591000", "sellingGeneralAndAdministrative": "0", "researchAndDevelopment": "0", "operatingExpenses": "199974000", "investmentIncomeNet": "None", "netInterestIncome": "None", "interestIncome": "None", "interestExpense": "20782000", "nonInterestIncome": "None", "otherNonOperatingIncome": "None", "depreciation": "None", "depreciationAndAmortization": "51496000", "incomeBeforeTax": "174299000", "incomeTaxExpense": "66635000", "interestAndDebtExpense": "None", "netIncomeFromContinuingOperations": "0", "comprehensiveIncomeNetOfTax": "None", "ebit": "178099000", "ebitda": "229595000", "netIncome": "107664000"}, {"fiscalDateEnding": "2004-12-31", "reportedCurrency": "USD", "grossProfit": "375334000", "totalRevenue": "2598604000", "costOfRevenue": "2223270000", "costofGoodsAndServicesSold": "2223270000", "operatingIncome": "181793000", "sellingGeneralAndAdministrative": "0", "researchAndDevelopment": "0", "operatingExpenses": "193541000", "investmentIncomeNet": "None", "netInterestIncome": "None", "interestIncome": "None", "interestExpense": "20957000", "nonInterestIncome": "None", "otherNonOperatingIncome": "None", "depreciation": "None", "depreciationAndAmortization": "48452000", "incomeBeforeTax": "156523000", "incomeTaxExpense": "58126000", "interestAndDebtExpense": "None", "netIncomeFromContinuingOperations": "0", "comprehensiveIncomeNetOfTax": "None", "ebit": "181793000", "ebitda": "230245000", "netIncome": "98397000"}]}