{"symbol": "UPS", "annualReports": [{"fiscalDateEnding": "2024-12-31", "reportedCurrency": "USD", "grossProfit": "16356000000", "totalRevenue": "91070000000", "costOfRevenue": "74714000000", "costofGoodsAndServicesSold": "74714000000", "operatingIncome": "8468000000", "sellingGeneralAndAdministrative": "None", "researchAndDevelopment": "None", "operatingExpenses": "82602000000", "investmentIncomeNet": "None", "netInterestIncome": "-866000000", "interestIncome": "None", "interestExpense": "866000000", "nonInterestIncome": "None", "otherNonOperatingIncome": "None", "depreciation": "None", "depreciationAndAmortization": "3609000000", "incomeBeforeTax": "7442000000", "incomeTaxExpense": "1660000000", "interestAndDebtExpense": "None", "netIncomeFromContinuingOperations": "5782000000", "comprehensiveIncomeNetOfTax": "None", "ebit": "8308000000", "ebitda": "11917000000", "netIncome": "5782000000"}, {"fiscalDateEnding": "2023-12-31", "reportedCurrency": "USD", "grossProfit": "17231000000", "totalRevenue": "90958000000", "costOfRevenue": "73727000000", "costofGoodsAndServicesSold": "73727000000", "operatingIncome": "9141000000", "sellingGeneralAndAdministrative": "None", "researchAndDevelopment": "None", "operatingExpenses": "8090000000", "investmentIncomeNet": "None", "netInterestIncome": "-785000000", "interestIncome": "None", "interestExpense": "785000000", "nonInterestIncome": "None", "otherNonOperatingIncome": "None", "depreciation": "None", "depreciationAndAmortization": "3366000000", "incomeBeforeTax": "8573000000", "incomeTaxExpense": "1865000000", "interestAndDebtExpense": "None", "netIncomeFromContinuingOperations": "6708000000", "comprehensiveIncomeNetOfTax": "None", "ebit": "9348000000", "ebitda": "12714000000", "netIncome": "6708000000"}, {"fiscalDateEnding": "2022-12-31", "reportedCurrency": "USD", "grossProfit": "13094000000", "totalRevenue": "100338000000", "costOfRevenue": "87244000000", "costofGoodsAndServicesSold": "87244000000", "operatingIncome": "13094000000", "sellingGeneralAndAdministrative": "56052000000", "researchAndDevelopment": "None", "operatingExpenses": "87244000000", "investmentIncomeNet": "None", "netInterestIncome": "-704000000", "interestIncome": "704000000", "interestExpense": "704000000", "nonInterestIncome": "None", "otherNonOperatingIncome": "2435000000", "depreciation": "None", "depreciationAndAmortization": "3188000000", "incomeBeforeTax": "14825000000", "incomeTaxExpense": "3277000000", "interestAndDebtExpense": "None", "netIncomeFromContinuingOperations": "11548000000", "comprehensiveIncomeNetOfTax": "None", "ebit": "13817000000", "ebitda": "17005000000", "netIncome": "11548000000"}, {"fiscalDateEnding": "2021-12-31", "reportedCurrency": "USD", "grossProfit": "12810000000", "totalRevenue": "97287000000", "costOfRevenue": "84477000000", "costofGoodsAndServicesSold": "84477000000", "operatingIncome": "17267000000", "sellingGeneralAndAdministrative": "46707000000", "researchAndDevelopment": "None", "operatingExpenses": "46707000000", "investmentIncomeNet": "None", "netInterestIncome": "-694000000", "interestIncome": "694000000", "interestExpense": "694000000", "nonInterestIncome": "None", "otherNonOperatingIncome": "4479000000", "depreciation": "None", "depreciationAndAmortization": "2953000000", "incomeBeforeTax": "16595000000", "incomeTaxExpense": "3705000000", "interestAndDebtExpense": "None", "netIncomeFromContinuingOperations": "12890000000", "comprehensiveIncomeNetOfTax": "None", "ebit": "12868000000", "ebitda": "15821000000", "netIncome": "12890000000"}, {"fiscalDateEnding": "2020-12-31", "reportedCurrency": "USD", "grossProfit": "7814000000", "totalRevenue": "84628000000", "costOfRevenue": "76814000000", "costofGoodsAndServicesSold": "76814000000", "operatingIncome": "2638000000", "sellingGeneralAndAdministrative": "52129000000", "researchAndDevelopment": "None", "operatingExpenses": "7470000000", "investmentIncomeNet": "None", "netInterestIncome": "-701000000", "interestIncome": "701000000", "interestExpense": "701000000", "nonInterestIncome": "None", "otherNonOperatingIncome": "-5139000000", "depreciation": "None", "depreciationAndAmortization": "2698000000", "incomeBeforeTax": "1974000000", "incomeTaxExpense": "547000000", "interestAndDebtExpense": "None", "netIncomeFromContinuingOperations": "1343000000", "comprehensiveIncomeNetOfTax": "None", "ebit": "7668000000", "ebitda": "10366000000", "netIncome": "1343000000"}, {"fiscalDateEnding": "2019-12-31", "reportedCurrency": "USD", "grossProfit": "7798000000", "totalRevenue": "74094000000", "costOfRevenue": "66296000000", "costofGoodsAndServicesSold": "66296000000", "operatingIncome": "3816000000", "sellingGeneralAndAdministrative": "44827000000", "researchAndDevelopment": "None", "operatingExpenses": "5919000000", "investmentIncomeNet": "None", "netInterestIncome": "-653000000", "interestIncome": "654000000", "interestExpense": "653000000", "nonInterestIncome": "None", "otherNonOperatingIncome": "-1493000000", "depreciation": "None", "depreciationAndAmortization": "2360000000", "incomeBeforeTax": "5652000000", "incomeTaxExpense": "1212000000", "interestAndDebtExpense": "None", "netIncomeFromContinuingOperations": "4440000000", "comprehensiveIncomeNetOfTax": "None", "ebit": "7834000000", "ebitda": "10194000000", "netIncome": "4440000000"}, {"fiscalDateEnding": "2018-12-31", "reportedCurrency": "USD", "grossProfit": "7024000000", "totalRevenue": "71861000000", "costOfRevenue": "64837000000", "costofGoodsAndServicesSold": "64837000000", "operatingIncome": "7024000000", "sellingGeneralAndAdministrative": "42700000000", "researchAndDevelopment": "0", "operatingExpenses": "5465000000", "investmentIncomeNet": "None", "netInterestIncome": "-605000000", "interestIncome": "691000000", "interestExpense": "605000000", "nonInterestIncome": "None", "otherNonOperatingIncome": "-400000000", "depreciation": "None", "depreciationAndAmortization": "2207000000", "incomeBeforeTax": "6019000000", "incomeTaxExpense": "1228000000", "interestAndDebtExpense": "None", "netIncomeFromContinuingOperations": "4791000000", "comprehensiveIncomeNetOfTax": "None", "ebit": "7085000000", "ebitda": "9292000000", "netIncome": "4791000000"}, {"fiscalDateEnding": "2017-12-31", "reportedCurrency": "USD", "grossProfit": "7529000000", "totalRevenue": "65872000000", "costOfRevenue": "58343000000", "costofGoodsAndServicesSold": "58343000000", "operatingIncome": "7529000000", "sellingGeneralAndAdministrative": "39627000000", "researchAndDevelopment": "0", "operatingExpenses": "5039000000", "investmentIncomeNet": "None", "netInterestIncome": "-453000000", "interestIncome": "398000000", "interestExpense": "453000000", "nonInterestIncome": "None", "otherNonOperatingIncome": "72000000", "depreciation": "None", "depreciationAndAmortization": "2282000000", "incomeBeforeTax": "7148000000", "incomeTaxExpense": "2238000000", "interestAndDebtExpense": "None", "netIncomeFromContinuingOperations": "4910000000", "comprehensiveIncomeNetOfTax": "None", "ebit": "7529000000", "ebitda": "9811000000", "netIncome": "4910000000"}, {"fiscalDateEnding": "2016-12-31", "reportedCurrency": "USD", "grossProfit": "5467000000", "totalRevenue": "60906000000", "costOfRevenue": "55439000000", "costofGoodsAndServicesSold": "55439000000", "operatingIncome": "5467000000", "sellingGeneralAndAdministrative": "39393000000", "researchAndDevelopment": "0", "operatingExpenses": "4623000000", "investmentIncomeNet": "None", "netInterestIncome": "-381000000", "interestIncome": "381000000", "interestExpense": "381000000", "nonInterestIncome": "None", "otherNonOperatingIncome": "50000000", "depreciation": "None", "depreciationAndAmortization": "2224000000", "incomeBeforeTax": "5136000000", "incomeTaxExpense": "1705000000", "interestAndDebtExpense": "None", "netIncomeFromContinuingOperations": "3431000000", "comprehensiveIncomeNetOfTax": "None", "ebit": "5467000000", "ebitda": "7691000000", "netIncome": "3431000000"}, {"fiscalDateEnding": "2015-12-31", "reportedCurrency": "USD", "grossProfit": "27335000000", "totalRevenue": "58363000000", "costOfRevenue": "31028000000", "costofGoodsAndServicesSold": "31028000000", "operatingIncome": "7668000000", "sellingGeneralAndAdministrative": "35664000000", "researchAndDevelopment": "0", "operatingExpenses": "19667000000", "investmentIncomeNet": "None", "netInterestIncome": "None", "interestIncome": "303000000", "interestExpense": "341000000", "nonInterestIncome": "None", "otherNonOperatingIncome": "15000000", "depreciation": "None", "depreciationAndAmortization": "2084000000", "incomeBeforeTax": "7342000000", "incomeTaxExpense": "2498000000", "interestAndDebtExpense": "None", "netIncomeFromContinuingOperations": "4844000000", "comprehensiveIncomeNetOfTax": "None", "ebit": "7668000000", "ebitda": "9752000000", "netIncome": "4844000000"}, {"fiscalDateEnding": "2014-12-31", "reportedCurrency": "USD", "grossProfit": "26187000000", "totalRevenue": "58232000000", "costOfRevenue": "32045000000", "costofGoodsAndServicesSold": "32045000000", "operatingIncome": "4968000000", "sellingGeneralAndAdministrative": "36583000000", "researchAndDevelopment": "0", "operatingExpenses": "21219000000", "investmentIncomeNet": "None", "netInterestIncome": "None", "interestIncome": "None", "interestExpense": "353000000", "nonInterestIncome": "None", "otherNonOperatingIncome": "22000000", "depreciation": "None", "depreciationAndAmortization": "1923000000", "incomeBeforeTax": "4637000000", "incomeTaxExpense": "1605000000", "interestAndDebtExpense": "None", "netIncomeFromContinuingOperations": "3032000000", "comprehensiveIncomeNetOfTax": "None", "ebit": "4968000000", "ebitda": "6891000000", "netIncome": "3032000000"}, {"fiscalDateEnding": "2013-12-31", "reportedCurrency": "USD", "grossProfit": "26881000000", "totalRevenue": "55438000000", "costOfRevenue": "28557000000", "costofGoodsAndServicesSold": "28557000000", "operatingIncome": "7034000000", "sellingGeneralAndAdministrative": "32834000000", "researchAndDevelopment": "0", "operatingExpenses": "19847000000", "investmentIncomeNet": "None", "netInterestIncome": "None", "interestIncome": "None", "interestExpense": "380000000", "nonInterestIncome": "None", "otherNonOperatingIncome": "20000000", "depreciation": "None", "depreciationAndAmortization": "1867000000", "incomeBeforeTax": "6674000000", "incomeTaxExpense": "2302000000", "interestAndDebtExpense": "None", "netIncomeFromContinuingOperations": "4372000000", "comprehensiveIncomeNetOfTax": "None", "ebit": "7034000000", "ebitda": "8901000000", "netIncome": "4372000000"}, {"fiscalDateEnding": "2012-12-31", "reportedCurrency": "USD", "grossProfit": "21025000000", "totalRevenue": "54127000000", "costOfRevenue": "33102000000", "costofGoodsAndServicesSold": "33102000000", "operatingIncome": "1343000000", "sellingGeneralAndAdministrative": "37352000000", "researchAndDevelopment": "0", "operatingExpenses": "19682000000", "investmentIncomeNet": "None", "netInterestIncome": "None", "interestIncome": "None", "interestExpense": "393000000", "nonInterestIncome": "None", "otherNonOperatingIncome": "24000000", "depreciation": "None", "depreciationAndAmortization": "1858000000", "incomeBeforeTax": "974000000", "incomeTaxExpense": "167000000", "interestAndDebtExpense": "None", "netIncomeFromContinuingOperations": "807000000", "comprehensiveIncomeNetOfTax": "None", "ebit": "1343000000", "ebitda": "3201000000", "netIncome": "807000000"}, {"fiscalDateEnding": "2011-12-31", "reportedCurrency": "USD", "grossProfit": "39598000000", "totalRevenue": "53105000000", "costOfRevenue": "13507000000", "costofGoodsAndServicesSold": "13507000000", "operatingIncome": "6080000000", "sellingGeneralAndAdministrative": "27575000000", "researchAndDevelopment": "0", "operatingExpenses": "33518000000", "investmentIncomeNet": "None", "netInterestIncome": "None", "interestIncome": "None", "interestExpense": "348000000", "nonInterestIncome": "None", "otherNonOperatingIncome": "44000000", "depreciation": "None", "depreciationAndAmortization": "1782000000", "incomeBeforeTax": "5776000000", "incomeTaxExpense": "1972000000", "interestAndDebtExpense": "None", "netIncomeFromContinuingOperations": "3804000000", "comprehensiveIncomeNetOfTax": "None", "ebit": "6430000000", "ebitda": "8212000000", "netIncome": "3804000000"}, {"fiscalDateEnding": "2010-12-31", "reportedCurrency": "USD", "grossProfit": "38802000000", "totalRevenue": "49545000000", "costOfRevenue": "10743000000", "costofGoodsAndServicesSold": "10743000000", "operatingIncome": "5874000000", "sellingGeneralAndAdministrative": "31136000000", "researchAndDevelopment": "0", "operatingExpenses": "32928000000", "investmentIncomeNet": "None", "netInterestIncome": "None", "interestIncome": "None", "interestExpense": "354000000", "nonInterestIncome": "None", "otherNonOperatingIncome": "3000000", "depreciation": "None", "depreciationAndAmortization": "1792000000", "incomeBeforeTax": "5523000000", "incomeTaxExpense": "2035000000", "interestAndDebtExpense": "None", "netIncomeFromContinuingOperations": "3488000000", "comprehensiveIncomeNetOfTax": "None", "ebit": "5966000000", "ebitda": "7758000000", "netIncome": "3488000000"}, {"fiscalDateEnding": "2009-12-31", "reportedCurrency": "USD", "grossProfit": "36478000000", "totalRevenue": "45297000000", "costOfRevenue": "8819000000", "costofGoodsAndServicesSold": "8819000000", "operatingIncome": "3801000000", "sellingGeneralAndAdministrative": "30930000000", "researchAndDevelopment": "0", "operatingExpenses": "32677000000", "investmentIncomeNet": "None", "netInterestIncome": "None", "interestIncome": "None", "interestExpense": "445000000", "nonInterestIncome": "None", "otherNonOperatingIncome": "10000000", "depreciation": "None", "depreciationAndAmortization": "1747000000", "incomeBeforeTax": "3366000000", "incomeTaxExpense": "1214000000", "interestAndDebtExpense": "None", "netIncomeFromContinuingOperations": "2152000000", "comprehensiveIncomeNetOfTax": "None", "ebit": "3860000000", "ebitda": "5607000000", "netIncome": "2152000000"}, {"fiscalDateEnding": "2008-12-31", "reportedCurrency": "USD", "grossProfit": "39608000000", "totalRevenue": "51486000000", "costOfRevenue": "11878000000", "costofGoodsAndServicesSold": "11878000000", "operatingIncome": "5382000000", "sellingGeneralAndAdministrative": "32412000000", "researchAndDevelopment": "None", "operatingExpenses": "34226000000", "investmentIncomeNet": "None", "netInterestIncome": "None", "interestIncome": "None", "interestExpense": "442000000", "nonInterestIncome": "None", "otherNonOperatingIncome": "None", "depreciation": "None", "depreciationAndAmortization": "1814000000", "incomeBeforeTax": "5015000000", "incomeTaxExpense": "2012000000", "interestAndDebtExpense": "None", "netIncomeFromContinuingOperations": "None", "comprehensiveIncomeNetOfTax": "None", "ebit": "5457000000", "ebitda": "7271000000", "netIncome": "3003000000"}, {"fiscalDateEnding": "2007-12-31", "reportedCurrency": "USD", "grossProfit": "39659000000", "totalRevenue": "49692000000", "costOfRevenue": "10033000000", "costofGoodsAndServicesSold": "10033000000", "operatingIncome": "578000000", "sellingGeneralAndAdministrative": "37336000000", "researchAndDevelopment": "None", "operatingExpenses": "39081000000", "investmentIncomeNet": "None", "netInterestIncome": "None", "interestIncome": "None", "interestExpense": "246000000", "nonInterestIncome": "None", "otherNonOperatingIncome": "None", "depreciation": "None", "depreciationAndAmortization": "1745000000", "incomeBeforeTax": "431000000", "incomeTaxExpense": "49000000", "interestAndDebtExpense": "None", "netIncomeFromContinuingOperations": "None", "comprehensiveIncomeNetOfTax": "None", "ebit": "677000000", "ebitda": "2422000000", "netIncome": "382000000"}, {"fiscalDateEnding": "2006-12-31", "reportedCurrency": "USD", "grossProfit": "32804000000", "totalRevenue": "47547000000", "costOfRevenue": "14743000000", "costofGoodsAndServicesSold": "14743000000", "operatingIncome": "6635000000", "sellingGeneralAndAdministrative": "24421000000", "researchAndDevelopment": "None", "operatingExpenses": "40912000000", "investmentIncomeNet": "None", "netInterestIncome": "None", "interestIncome": "None", "interestExpense": "211000000", "nonInterestIncome": "None", "otherNonOperatingIncome": "None", "depreciation": "None", "depreciationAndAmortization": "1748000000", "incomeBeforeTax": "6510000000", "incomeTaxExpense": "2308000000", "interestAndDebtExpense": "None", "netIncomeFromContinuingOperations": "None", "comprehensiveIncomeNetOfTax": "None", "ebit": "6721000000", "ebitda": "8469000000", "netIncome": "4202000000"}, {"fiscalDateEnding": "2005-12-31", "reportedCurrency": "USD", "grossProfit": "30304000000", "totalRevenue": "42581000000", "costOfRevenue": "12277000000", "costofGoodsAndServicesSold": "12277000000", "operatingIncome": "6143000000", "sellingGeneralAndAdministrative": "22517000000", "researchAndDevelopment": "None", "operatingExpenses": "36438000000", "investmentIncomeNet": "None", "netInterestIncome": "None", "interestIncome": "None", "interestExpense": "172000000", "nonInterestIncome": "None", "otherNonOperatingIncome": "None", "depreciation": "None", "depreciationAndAmortization": "1644000000", "incomeBeforeTax": "6075000000", "incomeTaxExpense": "2205000000", "interestAndDebtExpense": "None", "netIncomeFromContinuingOperations": "None", "comprehensiveIncomeNetOfTax": "None", "ebit": "6143000000", "ebitda": "7787000000", "netIncome": "3870000000"}], "quarterlyReports": [{"fiscalDateEnding": "2024-12-31", "reportedCurrency": "USD", "grossProfit": "5260000000", "totalRevenue": "25301000000", "costOfRevenue": "20041000000", "costofGoodsAndServicesSold": "20041000000", "operatingIncome": "2926000000", "sellingGeneralAndAdministrative": "None", "researchAndDevelopment": "None", "operatingExpenses": "2334000000", "investmentIncomeNet": "None", "netInterestIncome": "-229000000", "interestIncome": "None", "interestExpense": "229000000", "nonInterestIncome": "None", "otherNonOperatingIncome": "None", "depreciation": "None", "depreciationAndAmortization": "919000000", "incomeBeforeTax": "2127000000", "incomeTaxExpense": "406000000", "interestAndDebtExpense": "None", "netIncomeFromContinuingOperations": "1721000000", "comprehensiveIncomeNetOfTax": "None", "ebit": "2356000000", "ebitda": "3275000000", "netIncome": "1721000000"}, {"fiscalDateEnding": "2024-09-30", "reportedCurrency": "USD", "grossProfit": "3712000000", "totalRevenue": "22245000000", "costOfRevenue": "18533000000", "costofGoodsAndServicesSold": "18533000000", "operatingIncome": "1985000000", "sellingGeneralAndAdministrative": "None", "researchAndDevelopment": "None", "operatingExpenses": "1727000000", "investmentIncomeNet": "None", "netInterestIncome": "-230000000", "interestIncome": "None", "interestExpense": "230000000", "nonInterestIncome": "None", "otherNonOperatingIncome": "None", "depreciation": "None", "depreciationAndAmortization": "905000000", "incomeBeforeTax": "1910000000", "incomeTaxExpense": "371000000", "interestAndDebtExpense": "None", "netIncomeFromContinuingOperations": "1539000000", "comprehensiveIncomeNetOfTax": "None", "ebit": "2140000000", "ebitda": "3045000000", "netIncome": "1539000000"}, {"fiscalDateEnding": "2024-06-30", "reportedCurrency": "USD", "grossProfit": "3776000000", "totalRevenue": "21771000000", "costOfRevenue": "17995000000", "costofGoodsAndServicesSold": "17995000000", "operatingIncome": "1929000000", "sellingGeneralAndAdministrative": "None", "researchAndDevelopment": "None", "operatingExpenses": "1847000000", "investmentIncomeNet": "None", "netInterestIncome": "-212000000", "interestIncome": "None", "interestExpense": "212000000", "nonInterestIncome": "None", "otherNonOperatingIncome": "None", "depreciation": "None", "depreciationAndAmortization": "887000000", "incomeBeforeTax": "1869000000", "incomeTaxExpense": "460000000", "interestAndDebtExpense": "None", "netIncomeFromContinuingOperations": "1409000000", "comprehensiveIncomeNetOfTax": "None", "ebit": "2131000000", "ebitda": "3018000000", "netIncome": "1409000000"}, {"fiscalDateEnding": "2024-03-31", "reportedCurrency": "USD", "grossProfit": "3571000000", "totalRevenue": "21665000000", "costOfRevenue": "18094000000", "costofGoodsAndServicesSold": "18094000000", "operatingIncome": "1706000000", "sellingGeneralAndAdministrative": "None", "researchAndDevelopment": "None", "operatingExpenses": "1865000000", "investmentIncomeNet": "None", "netInterestIncome": "-195000000", "interestIncome": "None", "interestExpense": "195000000", "nonInterestIncome": "None", "otherNonOperatingIncome": "None", "depreciation": "None", "depreciationAndAmortization": "898000000", "incomeBeforeTax": "1536000000", "incomeTaxExpense": "423000000", "interestAndDebtExpense": "None", "netIncomeFromContinuingOperations": "1113000000", "comprehensiveIncomeNetOfTax": "None", "ebit": "1814000000", "ebitda": "2712000000", "netIncome": "1113000000"}, {"fiscalDateEnding": "2023-12-31", "reportedCurrency": "USD", "grossProfit": "4819000000", "totalRevenue": "24917000000", "costOfRevenue": "20098000000", "costofGoodsAndServicesSold": "20098000000", "operatingIncome": "2477000000", "sellingGeneralAndAdministrative": "None", "researchAndDevelopment": "None", "operatingExpenses": "2342000000", "investmentIncomeNet": "None", "netInterestIncome": "-207000000", "interestIncome": "None", "interestExpense": "207000000", "nonInterestIncome": "None", "otherNonOperatingIncome": "None", "depreciation": "None", "depreciationAndAmortization": "867000000", "incomeBeforeTax": "2063000000", "incomeTaxExpense": "458000000", "interestAndDebtExpense": "None", "netIncomeFromContinuingOperations": "1605000000", "comprehensiveIncomeNetOfTax": "None", "ebit": "2686000000", "ebitda": "3553000000", "netIncome": "1605000000"}, {"fiscalDateEnding": "2023-09-30", "reportedCurrency": "USD", "grossProfit": "4421000000", "totalRevenue": "21061000000", "costOfRevenue": "16640000000", "costofGoodsAndServicesSold": "16640000000", "operatingIncome": "1681000000", "sellingGeneralAndAdministrative": "12728000000", "researchAndDevelopment": "None", "operatingExpenses": "3012000000", "investmentIncomeNet": "None", "netInterestIncome": "-199000000", "interestIncome": "199000000", "interestExpense": "199000000", "nonInterestIncome": "None", "otherNonOperatingIncome": "None", "depreciation": "None", "depreciationAndAmortization": "837000000", "incomeBeforeTax": "1268000000", "incomeTaxExpense": "141000000", "interestAndDebtExpense": "None", "netIncomeFromContinuingOperations": "1127000000", "comprehensiveIncomeNetOfTax": "None", "ebit": "1503000000", "ebitda": "2340000000", "netIncome": "1127000000"}, {"fiscalDateEnding": "2023-06-30", "reportedCurrency": "USD", "grossProfit": "2780000000", "totalRevenue": "22055000000", "costOfRevenue": "19275000000", "costofGoodsAndServicesSold": "19275000000", "operatingIncome": "2780000000", "sellingGeneralAndAdministrative": "13044000000", "researchAndDevelopment": "None", "operatingExpenses": "1847000000", "investmentIncomeNet": "None", "netInterestIncome": "-191000000", "interestIncome": "191000000", "interestExpense": "191000000", "nonInterestIncome": "None", "otherNonOperatingIncome": "131000000", "depreciation": "None", "depreciationAndAmortization": "828000000", "incomeBeforeTax": "2720000000", "incomeTaxExpense": "639000000", "interestAndDebtExpense": "None", "netIncomeFromContinuingOperations": "2081000000", "comprehensiveIncomeNetOfTax": "None", "ebit": "2985000000", "ebitda": "3813000000", "netIncome": "2081000000"}, {"fiscalDateEnding": "2023-03-31", "reportedCurrency": "USD", "grossProfit": "2541000000", "totalRevenue": "22925000000", "costOfRevenue": "20384000000", "costofGoodsAndServicesSold": "20384000000", "operatingIncome": "2541000000", "sellingGeneralAndAdministrative": "12738000000", "researchAndDevelopment": "None", "operatingExpenses": "20384000000", "investmentIncomeNet": "None", "netInterestIncome": "-188000000", "interestIncome": "188000000", "interestExpense": "188000000", "nonInterestIncome": "None", "otherNonOperatingIncome": "169000000", "depreciation": "None", "depreciationAndAmortization": "834000000", "incomeBeforeTax": "2522000000", "incomeTaxExpense": "627000000", "interestAndDebtExpense": "None", "netIncomeFromContinuingOperations": "1895000000", "comprehensiveIncomeNetOfTax": "None", "ebit": "2621000000", "ebitda": "3455000000", "netIncome": "1895000000"}, {"fiscalDateEnding": "2022-12-31", "reportedCurrency": "USD", "grossProfit": "3195000000", "totalRevenue": "27033000000", "costOfRevenue": "23838000000", "costofGoodsAndServicesSold": "23838000000", "operatingIncome": "4520000000", "sellingGeneralAndAdministrative": "11616000000", "researchAndDevelopment": "None", "operatingExpenses": "23838000000", "investmentIncomeNet": "None", "netInterestIncome": "-182000000", "interestIncome": "182000000", "interestExpense": "182000000", "nonInterestIncome": "None", "otherNonOperatingIncome": "1454000000", "depreciation": "None", "depreciationAndAmortization": "888000000", "incomeBeforeTax": "4467000000", "incomeTaxExpense": "1014000000", "interestAndDebtExpense": "None", "netIncomeFromContinuingOperations": "3453000000", "comprehensiveIncomeNetOfTax": "None", "ebit": "2893000000", "ebitda": "3781000000", "netIncome": "3453000000"}, {"fiscalDateEnding": "2022-09-30", "reportedCurrency": "USD", "grossProfit": "3113000000", "totalRevenue": "24161000000", "costOfRevenue": "21048000000", "costofGoodsAndServicesSold": "21048000000", "operatingIncome": "3113000000", "sellingGeneralAndAdministrative": "12572000000", "researchAndDevelopment": "None", "operatingExpenses": "1999000000", "investmentIncomeNet": "None", "netInterestIncome": "-177000000", "interestIncome": "177000000", "interestExpense": "177000000", "nonInterestIncome": "None", "otherNonOperatingIncome": "333000000", "depreciation": "None", "depreciationAndAmortization": "774000000", "incomeBeforeTax": "3269000000", "incomeTaxExpense": "685000000", "interestAndDebtExpense": "None", "netIncomeFromContinuingOperations": "2584000000", "comprehensiveIncomeNetOfTax": "None", "ebit": "3446000000", "ebitda": "4220000000", "netIncome": "2584000000"}, {"fiscalDateEnding": "2022-06-30", "reportedCurrency": "USD", "grossProfit": "3535000000", "totalRevenue": "24766000000", "costOfRevenue": "21231000000", "costofGoodsAndServicesSold": "21231000000", "operatingIncome": "3535000000", "sellingGeneralAndAdministrative": "13324000000", "researchAndDevelopment": "None", "operatingExpenses": "1966000000", "investmentIncomeNet": "None", "netInterestIncome": "-171000000", "interestIncome": "171000000", "interestExpense": "171000000", "nonInterestIncome": "None", "otherNonOperatingIncome": "333000000", "depreciation": "None", "depreciationAndAmortization": "762000000", "incomeBeforeTax": "3697000000", "incomeTaxExpense": "848000000", "interestAndDebtExpense": "None", "netIncomeFromContinuingOperations": "2849000000", "comprehensiveIncomeNetOfTax": "None", "ebit": "3874000000", "ebitda": "4636000000", "netIncome": "2849000000"}, {"fiscalDateEnding": "2022-03-31", "reportedCurrency": "USD", "grossProfit": "3251000000", "totalRevenue": "24378000000", "costOfRevenue": "21127000000", "costofGoodsAndServicesSold": "21127000000", "operatingIncome": "3251000000", "sellingGeneralAndAdministrative": "11616000000", "researchAndDevelopment": "None", "operatingExpenses": "11616000000", "investmentIncomeNet": "None", "netInterestIncome": "-174000000", "interestIncome": "174000000", "interestExpense": "174000000", "nonInterestIncome": "None", "otherNonOperatingIncome": "315000000", "depreciation": "None", "depreciationAndAmortization": "764000000", "incomeBeforeTax": "3392000000", "incomeTaxExpense": "730000000", "interestAndDebtExpense": "None", "netIncomeFromContinuingOperations": "2662000000", "comprehensiveIncomeNetOfTax": "None", "ebit": "3604000000", "ebitda": "4368000000", "netIncome": "2662000000"}, {"fiscalDateEnding": "2021-12-31", "reportedCurrency": "USD", "grossProfit": "3891000000", "totalRevenue": "27771000000", "costOfRevenue": "23880000000", "costofGoodsAndServicesSold": "23880000000", "operatingIncome": "3891000000", "sellingGeneralAndAdministrative": "12749000000", "researchAndDevelopment": "None", "operatingExpenses": "12749000000", "investmentIncomeNet": "None", "netInterestIncome": "-173000000", "interestIncome": "173000000", "interestExpense": "173000000", "nonInterestIncome": "None", "otherNonOperatingIncome": "244000000", "depreciation": "None", "depreciationAndAmortization": "754000000", "incomeBeforeTax": "3962000000", "incomeTaxExpense": "869000000", "interestAndDebtExpense": "None", "netIncomeFromContinuingOperations": "3093000000", "comprehensiveIncomeNetOfTax": "None", "ebit": "2904000000", "ebitda": "3658000000", "netIncome": "3093000000"}, {"fiscalDateEnding": "2021-09-30", "reportedCurrency": "USD", "grossProfit": "4707000000", "totalRevenue": "23184000000", "costOfRevenue": "18477000000", "costofGoodsAndServicesSold": "18477000000", "operatingIncome": "2896000000", "sellingGeneralAndAdministrative": "12151000000", "researchAndDevelopment": "None", "operatingExpenses": "1811000000", "investmentIncomeNet": "None", "netInterestIncome": "-177000000", "interestIncome": "177000000", "interestExpense": "177000000", "nonInterestIncome": "None", "otherNonOperatingIncome": "274000000", "depreciation": "None", "depreciationAndAmortization": "738000000", "incomeBeforeTax": "2993000000", "incomeTaxExpense": "664000000", "interestAndDebtExpense": "None", "netIncomeFromContinuingOperations": "2329000000", "comprehensiveIncomeNetOfTax": "None", "ebit": "3255000000", "ebitda": "3993000000", "netIncome": "2329000000"}, {"fiscalDateEnding": "2021-06-30", "reportedCurrency": "USD", "grossProfit": "3258000000", "totalRevenue": "23424000000", "costOfRevenue": "20166000000", "costofGoodsAndServicesSold": "20166000000", "operatingIncome": "3528000000", "sellingGeneralAndAdministrative": "12328000000", "researchAndDevelopment": "None", "operatingExpenses": "1738000000", "investmentIncomeNet": "None", "netInterestIncome": "-167000000", "interestIncome": "167000000", "interestExpense": "167000000", "nonInterestIncome": "None", "otherNonOperatingIncome": "345000000", "depreciation": "None", "depreciationAndAmortization": "739000000", "incomeBeforeTax": "3436000000", "incomeTaxExpense": "760000000", "interestAndDebtExpense": "None", "netIncomeFromContinuingOperations": "2676000000", "comprehensiveIncomeNetOfTax": "None", "ebit": "3575000000", "ebitda": "4314000000", "netIncome": "2676000000"}, {"fiscalDateEnding": "2021-03-31", "reportedCurrency": "USD", "grossProfit": "2765000000", "totalRevenue": "22908000000", "costOfRevenue": "20143000000", "costofGoodsAndServicesSold": "20143000000", "operatingIncome": "2765000000", "sellingGeneralAndAdministrative": "13286000000", "researchAndDevelopment": "None", "operatingExpenses": "1803000000", "investmentIncomeNet": "None", "netInterestIncome": "-177000000", "interestIncome": "177000000", "interestExpense": "177000000", "nonInterestIncome": "None", "otherNonOperatingIncome": "3616000000", "depreciation": "None", "depreciationAndAmortization": "722000000", "incomeBeforeTax": "6204000000", "incomeTaxExpense": "1412000000", "interestAndDebtExpense": "None", "netIncomeFromContinuingOperations": "4792000000", "comprehensiveIncomeNetOfTax": "None", "ebit": "3220000000", "ebitda": "3942000000", "netIncome": "4792000000"}, {"fiscalDateEnding": "2020-12-31", "reportedCurrency": "USD", "grossProfit": "2167000000", "totalRevenue": "24896000000", "costOfRevenue": "22729000000", "costofGoodsAndServicesSold": "22729000000", "operatingIncome": "2167000000", "sellingGeneralAndAdministrative": "15299000000", "researchAndDevelopment": "None", "operatingExpenses": "2646000000", "investmentIncomeNet": "None", "netInterestIncome": "-175000000", "interestIncome": "175000000", "interestExpense": "175000000", "nonInterestIncome": "None", "otherNonOperatingIncome": "-6150000000", "depreciation": "None", "depreciationAndAmortization": "712000000", "incomeBeforeTax": "-4158000000", "incomeTaxExpense": "-895000000", "interestAndDebtExpense": "None", "netIncomeFromContinuingOperations": "-3347000000", "comprehensiveIncomeNetOfTax": "None", "ebit": "-3953000000", "ebitda": "-3241000000", "netIncome": "-3263000000"}, {"fiscalDateEnding": "2020-09-30", "reportedCurrency": "USD", "grossProfit": "2363000000", "totalRevenue": "21238000000", "costOfRevenue": "18875000000", "costofGoodsAndServicesSold": "18875000000", "operatingIncome": "2363000000", "sellingGeneralAndAdministrative": "12691000000", "researchAndDevelopment": "None", "operatingExpenses": "1614000000", "investmentIncomeNet": "None", "netInterestIncome": "-176000000", "interestIncome": "176000000", "interestExpense": "176000000", "nonInterestIncome": "None", "otherNonOperatingIncome": "338000000", "depreciation": "None", "depreciationAndAmortization": "677000000", "incomeBeforeTax": "2525000000", "incomeTaxExpense": "568000000", "interestAndDebtExpense": "None", "netIncomeFromContinuingOperations": "1957000000", "comprehensiveIncomeNetOfTax": "None", "ebit": "2734000000", "ebitda": "3411000000", "netIncome": "1957000000"}, {"fiscalDateEnding": "2020-06-30", "reportedCurrency": "USD", "grossProfit": "2212000000", "totalRevenue": "20459000000", "costOfRevenue": "18247000000", "costofGoodsAndServicesSold": "18247000000", "operatingIncome": "2212000000", "sellingGeneralAndAdministrative": "12462000000", "researchAndDevelopment": "None", "operatingExpenses": "1619000000", "investmentIncomeNet": "None", "netInterestIncome": "-183000000", "interestIncome": "183000000", "interestExpense": "183000000", "nonInterestIncome": "None", "otherNonOperatingIncome": "328000000", "depreciation": "None", "depreciationAndAmortization": "661000000", "incomeBeforeTax": "2357000000", "incomeTaxExpense": "589000000", "interestAndDebtExpense": "None", "netIncomeFromContinuingOperations": "1768000000", "comprehensiveIncomeNetOfTax": "None", "ebit": "2651000000", "ebitda": "3312000000", "netIncome": "1768000000"}, {"fiscalDateEnding": "2020-03-31", "reportedCurrency": "USD", "grossProfit": "1072000000", "totalRevenue": "18035000000", "costOfRevenue": "16963000000", "costofGoodsAndServicesSold": "16963000000", "operatingIncome": "1072000000", "sellingGeneralAndAdministrative": "11677000000", "researchAndDevelopment": "None", "operatingExpenses": "1591000000", "investmentIncomeNet": "None", "netInterestIncome": "-167000000", "interestIncome": "218000000", "interestExpense": "167000000", "nonInterestIncome": "None", "otherNonOperatingIncome": "345000000", "depreciation": "None", "depreciationAndAmortization": "648000000", "incomeBeforeTax": "1250000000", "incomeTaxExpense": "285000000", "interestAndDebtExpense": "None", "netIncomeFromContinuingOperations": "965000000", "comprehensiveIncomeNetOfTax": "None", "ebit": "1444000000", "ebitda": "2092000000", "netIncome": "965000000"}, {"fiscalDateEnding": "2019-12-31", "reportedCurrency": "USD", "grossProfit": "2133000000", "totalRevenue": "20568000000", "costOfRevenue": "18435000000", "costofGoodsAndServicesSold": "18435000000", "operatingIncome": "2133000000", "sellingGeneralAndAdministrative": "12528000000", "researchAndDevelopment": "None", "operatingExpenses": "1826000000", "investmentIncomeNet": "None", "netInterestIncome": "-166000000", "interestIncome": "108000000", "interestExpense": "166000000", "nonInterestIncome": "None", "otherNonOperatingIncome": "-2165000000", "depreciation": "None", "depreciationAndAmortization": "630000000", "incomeBeforeTax": "-198000000", "incomeTaxExpense": "-92000000", "interestAndDebtExpense": "None", "netIncomeFromContinuingOperations": "-106000000", "comprehensiveIncomeNetOfTax": "None", "ebit": "-56000000", "ebitda": "574000000", "netIncome": "-106000000"}, {"fiscalDateEnding": "2019-09-30", "reportedCurrency": "USD", "grossProfit": "2128000000", "totalRevenue": "18318000000", "costOfRevenue": "16190000000", "costofGoodsAndServicesSold": "16190000000", "operatingIncome": "2128000000", "sellingGeneralAndAdministrative": "10964000000", "researchAndDevelopment": "None", "operatingExpenses": "1374000000", "investmentIncomeNet": "None", "netInterestIncome": "-159000000", "interestIncome": "198000000", "interestExpense": "159000000", "nonInterestIncome": "None", "otherNonOperatingIncome": "237000000", "depreciation": "None", "depreciationAndAmortization": "587000000", "incomeBeforeTax": "2206000000", "incomeTaxExpense": "456000000", "interestAndDebtExpense": "None", "netIncomeFromContinuingOperations": "1750000000", "comprehensiveIncomeNetOfTax": "None", "ebit": "2382000000", "ebitda": "2969000000", "netIncome": "1750000000"}, {"fiscalDateEnding": "2019-06-30", "reportedCurrency": "USD", "grossProfit": "2143000000", "totalRevenue": "18048000000", "costOfRevenue": "15905000000", "costofGoodsAndServicesSold": "15905000000", "operatingIncome": "2143000000", "sellingGeneralAndAdministrative": "10678000000", "researchAndDevelopment": "None", "operatingExpenses": "1379000000", "investmentIncomeNet": "None", "netInterestIncome": "-159000000", "interestIncome": "178000000", "interestExpense": "159000000", "nonInterestIncome": "None", "otherNonOperatingIncome": "220000000", "depreciation": "None", "depreciationAndAmortization": "575000000", "incomeBeforeTax": "2204000000", "incomeTaxExpense": "519000000", "interestAndDebtExpense": "None", "netIncomeFromContinuingOperations": "1685000000", "comprehensiveIncomeNetOfTax": "None", "ebit": "2356000000", "ebitda": "2931000000", "netIncome": "1685000000"}, {"fiscalDateEnding": "2019-03-31", "reportedCurrency": "USD", "grossProfit": "1394000000", "totalRevenue": "17160000000", "costOfRevenue": "15766000000", "costofGoodsAndServicesSold": "15766000000", "operatingIncome": "1394000000", "sellingGeneralAndAdministrative": "10657000000", "researchAndDevelopment": "None", "operatingExpenses": "1340000000", "investmentIncomeNet": "None", "netInterestIncome": "-169000000", "interestIncome": "170000000", "interestExpense": "169000000", "nonInterestIncome": "None", "otherNonOperatingIncome": "215000000", "depreciation": "None", "depreciationAndAmortization": "568000000", "incomeBeforeTax": "1440000000", "incomeTaxExpense": "329000000", "interestAndDebtExpense": "None", "netIncomeFromContinuingOperations": "1111000000", "comprehensiveIncomeNetOfTax": "None", "ebit": "1708000000", "ebitda": "2276000000", "netIncome": "1111000000"}, {"fiscalDateEnding": "2018-12-31", "reportedCurrency": "USD", "grossProfit": "2004000000", "totalRevenue": "19848000000", "costOfRevenue": "17844000000", "costofGoodsAndServicesSold": "17844000000", "operatingIncome": "2004000000", "sellingGeneralAndAdministrative": "11705000000", "researchAndDevelopment": "0", "operatingExpenses": "1554000000", "investmentIncomeNet": "None", "netInterestIncome": "None", "interestIncome": "None", "interestExpense": "148000000", "nonInterestIncome": "None", "otherNonOperatingIncome": "-1313000000", "depreciation": "None", "depreciationAndAmortization": "545000000", "incomeBeforeTax": "543000000", "incomeTaxExpense": "90000000", "interestAndDebtExpense": "None", "netIncomeFromContinuingOperations": "453000000", "comprehensiveIncomeNetOfTax": "None", "ebit": "950000000", "ebitda": "1495000000", "netIncome": "453000000"}, {"fiscalDateEnding": "2018-09-30", "reportedCurrency": "USD", "grossProfit": "1727000000", "totalRevenue": "17444000000", "costOfRevenue": "15717000000", "costofGoodsAndServicesSold": "15717000000", "operatingIncome": "1727000000", "sellingGeneralAndAdministrative": "10352000000", "researchAndDevelopment": "0", "operatingExpenses": "1337000000", "investmentIncomeNet": "None", "netInterestIncome": "None", "interestIncome": "None", "interestExpense": "155000000", "nonInterestIncome": "None", "otherNonOperatingIncome": "317000000", "depreciation": "None", "depreciationAndAmortization": "524000000", "incomeBeforeTax": "1889000000", "incomeTaxExpense": "381000000", "interestAndDebtExpense": "None", "netIncomeFromContinuingOperations": "1508000000", "comprehensiveIncomeNetOfTax": "None", "ebit": "2108000000", "ebitda": "2632000000", "netIncome": "1508000000"}, {"fiscalDateEnding": "2018-06-30", "reportedCurrency": "USD", "grossProfit": "1773000000", "totalRevenue": "17456000000", "costOfRevenue": "15683000000", "costofGoodsAndServicesSold": "15683000000", "operatingIncome": "1773000000", "sellingGeneralAndAdministrative": "10336000000", "researchAndDevelopment": "0", "operatingExpenses": "1312000000", "investmentIncomeNet": "None", "netInterestIncome": "None", "interestIncome": "None", "interestExpense": "149000000", "nonInterestIncome": "None", "otherNonOperatingIncome": "302000000", "depreciation": "None", "depreciationAndAmortization": "542000000", "incomeBeforeTax": "1926000000", "incomeTaxExpense": "441000000", "interestAndDebtExpense": "None", "netIncomeFromContinuingOperations": "1485000000", "comprehensiveIncomeNetOfTax": "None", "ebit": "2320000000", "ebitda": "2862000000", "netIncome": "1485000000"}, {"fiscalDateEnding": "2018-03-31", "reportedCurrency": "USD", "grossProfit": "8068000000", "totalRevenue": "17113000000", "costOfRevenue": "9045000000", "costofGoodsAndServicesSold": "9045000000", "operatingIncome": "1520000000", "sellingGeneralAndAdministrative": "10307000000", "researchAndDevelopment": "0", "operatingExpenses": "6548000000", "investmentIncomeNet": "None", "netInterestIncome": "None", "interestIncome": "None", "interestExpense": "153000000", "nonInterestIncome": "None", "otherNonOperatingIncome": "294000000", "depreciation": "None", "depreciationAndAmortization": "596000000", "incomeBeforeTax": "1661000000", "incomeTaxExpense": "316000000", "interestAndDebtExpense": "None", "netIncomeFromContinuingOperations": "1345000000", "comprehensiveIncomeNetOfTax": "None", "ebit": "1805000000", "ebitda": "2401000000", "netIncome": "1345000000"}, {"fiscalDateEnding": "2017-12-31", "reportedCurrency": "USD", "grossProfit": "1494000000", "totalRevenue": "18829000000", "costOfRevenue": "17335000000", "costofGoodsAndServicesSold": "17335000000", "operatingIncome": "1494000000", "sellingGeneralAndAdministrative": "11666000000", "researchAndDevelopment": "0", "operatingExpenses": "1535000000", "investmentIncomeNet": "None", "netInterestIncome": "None", "interestIncome": "None", "interestExpense": "129000000", "nonInterestIncome": "None", "otherNonOperatingIncome": "23000000", "depreciation": "None", "depreciationAndAmortization": "594000000", "incomeBeforeTax": "1388000000", "incomeTaxExpense": "284000000", "interestAndDebtExpense": "None", "netIncomeFromContinuingOperations": "1104000000", "comprehensiveIncomeNetOfTax": "None", "ebit": "1288000000", "ebitda": "1882000000", "netIncome": "1104000000"}, {"fiscalDateEnding": "2017-09-30", "reportedCurrency": "USD", "grossProfit": "2035000000", "totalRevenue": "15978000000", "costOfRevenue": "13943000000", "costofGoodsAndServicesSold": "13943000000", "operatingIncome": "2035000000", "sellingGeneralAndAdministrative": "9403000000", "researchAndDevelopment": "0", "operatingExpenses": "1182000000", "investmentIncomeNet": "None", "netInterestIncome": "None", "interestIncome": "None", "interestExpense": "111000000", "nonInterestIncome": "None", "otherNonOperatingIncome": "20000000", "depreciation": "None", "depreciationAndAmortization": "572000000", "incomeBeforeTax": "1944000000", "incomeTaxExpense": "680000000", "interestAndDebtExpense": "None", "netIncomeFromContinuingOperations": "1264000000", "comprehensiveIncomeNetOfTax": "None", "ebit": "2028000000", "ebitda": "2600000000", "netIncome": "1264000000"}, {"fiscalDateEnding": "2017-06-30", "reportedCurrency": "USD", "grossProfit": "2216000000", "totalRevenue": "15750000000", "costOfRevenue": "13534000000", "costofGoodsAndServicesSold": "13534000000", "operatingIncome": "2216000000", "sellingGeneralAndAdministrative": "9257000000", "researchAndDevelopment": "0", "operatingExpenses": "1152000000", "investmentIncomeNet": "None", "netInterestIncome": "None", "interestIncome": "None", "interestExpense": "111000000", "nonInterestIncome": "None", "otherNonOperatingIncome": "14000000", "depreciation": "None", "depreciationAndAmortization": "562000000", "incomeBeforeTax": "2119000000", "incomeTaxExpense": "735000000", "interestAndDebtExpense": "None", "netIncomeFromContinuingOperations": "1384000000", "comprehensiveIncomeNetOfTax": "None", "ebit": "2216000000", "ebitda": "2778000000", "netIncome": "1384000000"}, {"fiscalDateEnding": "2017-03-31", "reportedCurrency": "USD", "grossProfit": "1784000000", "totalRevenue": "15315000000", "costOfRevenue": "13531000000", "costofGoodsAndServicesSold": "13531000000", "operatingIncome": "1784000000", "sellingGeneralAndAdministrative": "9301000000", "researchAndDevelopment": "0", "operatingExpenses": "1170000000", "investmentIncomeNet": "None", "netInterestIncome": "None", "interestIncome": "None", "interestExpense": "102000000", "nonInterestIncome": "None", "otherNonOperatingIncome": "15000000", "depreciation": "None", "depreciationAndAmortization": "554000000", "incomeBeforeTax": "1697000000", "incomeTaxExpense": "539000000", "interestAndDebtExpense": "None", "netIncomeFromContinuingOperations": "1158000000", "comprehensiveIncomeNetOfTax": "None", "ebit": "1617000000", "ebitda": "2171000000", "netIncome": "1158000000"}, {"fiscalDateEnding": "2016-12-31", "reportedCurrency": "USD", "grossProfit": "-428000000", "totalRevenue": "16931000000", "costOfRevenue": "17359000000", "costofGoodsAndServicesSold": "17359000000", "operatingIncome": "-428000000", "sellingGeneralAndAdministrative": "12672000000", "researchAndDevelopment": "0", "operatingExpenses": "1350000000", "investmentIncomeNet": "None", "netInterestIncome": "None", "interestIncome": "None", "interestExpense": "100000000", "nonInterestIncome": "None", "otherNonOperatingIncome": "12000000", "depreciation": "None", "depreciationAndAmortization": "563000000", "incomeBeforeTax": "-516000000", "incomeTaxExpense": "-277000000", "interestAndDebtExpense": "None", "netIncomeFromContinuingOperations": "-239000000", "comprehensiveIncomeNetOfTax": "None", "ebit": "-329000000", "ebitda": "234000000", "netIncome": "-239000000"}, {"fiscalDateEnding": "2016-09-30", "reportedCurrency": "USD", "grossProfit": "7071000000", "totalRevenue": "14928000000", "costOfRevenue": "7857000000", "costofGoodsAndServicesSold": "7857000000", "operatingIncome": "2034000000", "sellingGeneralAndAdministrative": "8953000000", "researchAndDevelopment": "0", "operatingExpenses": "5037000000", "investmentIncomeNet": "None", "netInterestIncome": "None", "interestIncome": "None", "interestExpense": "94000000", "nonInterestIncome": "None", "otherNonOperatingIncome": "13000000", "depreciation": "None", "depreciationAndAmortization": "554000000", "incomeBeforeTax": "1953000000", "incomeTaxExpense": "683000000", "interestAndDebtExpense": "None", "netIncomeFromContinuingOperations": "1270000000", "comprehensiveIncomeNetOfTax": "None", "ebit": "2034000000", "ebitda": "2588000000", "netIncome": "1270000000"}, {"fiscalDateEnding": "2016-06-30", "reportedCurrency": "USD", "grossProfit": "3133000000", "totalRevenue": "14629000000", "costOfRevenue": "11496000000", "costofGoodsAndServicesSold": "11496000000", "operatingIncome": "2038000000", "sellingGeneralAndAdministrative": "8833000000", "researchAndDevelopment": "0", "operatingExpenses": "1095000000", "investmentIncomeNet": "None", "netInterestIncome": "None", "interestIncome": "None", "interestExpense": "94000000", "nonInterestIncome": "None", "otherNonOperatingIncome": "8000000", "depreciation": "None", "depreciationAndAmortization": "555000000", "incomeBeforeTax": "1952000000", "incomeTaxExpense": "683000000", "interestAndDebtExpense": "None", "netIncomeFromContinuingOperations": "1269000000", "comprehensiveIncomeNetOfTax": "None", "ebit": "2038000000", "ebitda": "2593000000", "netIncome": "1269000000"}, {"fiscalDateEnding": "2016-03-31", "reportedCurrency": "USD", "grossProfit": "6565000000", "totalRevenue": "14418000000", "costOfRevenue": "7853000000", "costofGoodsAndServicesSold": "7853000000", "operatingIncome": "1823000000", "sellingGeneralAndAdministrative": "8935000000", "researchAndDevelopment": "0", "operatingExpenses": "4742000000", "investmentIncomeNet": "None", "netInterestIncome": "None", "interestIncome": "None", "interestExpense": "93000000", "nonInterestIncome": "None", "otherNonOperatingIncome": "17000000", "depreciation": "None", "depreciationAndAmortization": "552000000", "incomeBeforeTax": "1747000000", "incomeTaxExpense": "616000000", "interestAndDebtExpense": "None", "netIncomeFromContinuingOperations": "1131000000", "comprehensiveIncomeNetOfTax": "None", "ebit": "1823000000", "ebitda": "2375000000", "netIncome": "1131000000"}, {"fiscalDateEnding": "2015-12-31", "reportedCurrency": "USD", "grossProfit": "7550000000", "totalRevenue": "16054000000", "costOfRevenue": "8504000000", "costofGoodsAndServicesSold": "8504000000", "operatingIncome": "2051000000", "sellingGeneralAndAdministrative": "9806000000", "researchAndDevelopment": "0", "operatingExpenses": "5499000000", "investmentIncomeNet": "None", "netInterestIncome": "None", "interestIncome": "None", "interestExpense": "85000000", "nonInterestIncome": "None", "otherNonOperatingIncome": "3000000", "depreciation": "None", "depreciationAndAmortization": "541000000", "incomeBeforeTax": "1969000000", "incomeTaxExpense": "638000000", "interestAndDebtExpense": "None", "netIncomeFromContinuingOperations": "1331000000", "comprehensiveIncomeNetOfTax": "None", "ebit": "2182000000", "ebitda": "2723000000", "netIncome": "1331000000"}, {"fiscalDateEnding": "2015-09-30", "reportedCurrency": "USD", "grossProfit": "6779000000", "totalRevenue": "14237000000", "costOfRevenue": "7458000000", "costofGoodsAndServicesSold": "7458000000", "operatingIncome": "1984000000", "sellingGeneralAndAdministrative": "8580000000", "researchAndDevelopment": "0", "operatingExpenses": "4795000000", "investmentIncomeNet": "None", "netInterestIncome": "None", "interestIncome": "None", "interestExpense": "83000000", "nonInterestIncome": "None", "otherNonOperatingIncome": "4000000", "depreciation": "None", "depreciationAndAmortization": "527000000", "incomeBeforeTax": "1905000000", "incomeTaxExpense": "648000000", "interestAndDebtExpense": "None", "netIncomeFromContinuingOperations": "1257000000", "comprehensiveIncomeNetOfTax": "None", "ebit": "1982000000", "ebitda": "2509000000", "netIncome": "1257000000"}, {"fiscalDateEnding": "2015-06-30", "reportedCurrency": "USD", "grossProfit": "6593000000", "totalRevenue": "14095000000", "costOfRevenue": "7502000000", "costofGoodsAndServicesSold": "7502000000", "operatingIncome": "1960000000", "sellingGeneralAndAdministrative": "8622000000", "researchAndDevelopment": "0", "operatingExpenses": "4633000000", "investmentIncomeNet": "None", "netInterestIncome": "None", "interestIncome": "None", "interestExpense": "86000000", "nonInterestIncome": "None", "otherNonOperatingIncome": "4000000", "depreciation": "None", "depreciationAndAmortization": "510000000", "incomeBeforeTax": "1878000000", "incomeTaxExpense": "648000000", "interestAndDebtExpense": "None", "netIncomeFromContinuingOperations": "1230000000", "comprehensiveIncomeNetOfTax": "None", "ebit": "1965000000", "ebitda": "2475000000", "netIncome": "1230000000"}, {"fiscalDateEnding": "2015-03-31", "reportedCurrency": "USD", "grossProfit": "6413000000", "totalRevenue": "13977000000", "costOfRevenue": "7564000000", "costofGoodsAndServicesSold": "7564000000", "operatingIncome": "1673000000", "sellingGeneralAndAdministrative": "8656000000", "researchAndDevelopment": "0", "operatingExpenses": "4740000000", "investmentIncomeNet": "None", "netInterestIncome": "None", "interestIncome": "None", "interestExpense": "87000000", "nonInterestIncome": "None", "otherNonOperatingIncome": "4000000", "depreciation": "None", "depreciationAndAmortization": "506000000", "incomeBeforeTax": "1590000000", "incomeTaxExpense": "564000000", "interestAndDebtExpense": "None", "netIncomeFromContinuingOperations": "1026000000", "comprehensiveIncomeNetOfTax": "None", "ebit": "1652000000", "ebitda": "2158000000", "netIncome": "1026000000"}, {"fiscalDateEnding": "2014-12-31", "reportedCurrency": "USD", "grossProfit": "6707000000", "totalRevenue": "15895000000", "costOfRevenue": "9188000000", "costofGoodsAndServicesSold": "9188000000", "operatingIncome": "754000000", "sellingGeneralAndAdministrative": "10551000000", "researchAndDevelopment": "0", "operatingExpenses": "5953000000", "investmentIncomeNet": "None", "netInterestIncome": "None", "interestIncome": "None", "interestExpense": "87000000", "nonInterestIncome": "None", "otherNonOperatingIncome": "-5000000", "depreciation": "None", "depreciationAndAmortization": "497000000", "incomeBeforeTax": "662000000", "incomeTaxExpense": "209000000", "interestAndDebtExpense": "None", "netIncomeFromContinuingOperations": "453000000", "comprehensiveIncomeNetOfTax": "None", "ebit": "1845000000", "ebitda": "2342000000", "netIncome": "453000000"}, {"fiscalDateEnding": "2014-09-30", "reportedCurrency": "USD", "grossProfit": "7073000000", "totalRevenue": "14290000000", "costOfRevenue": "7217000000", "costofGoodsAndServicesSold": "7217000000", "operatingIncome": "1954000000", "sellingGeneralAndAdministrative": "8242000000", "researchAndDevelopment": "0", "operatingExpenses": "5119000000", "investmentIncomeNet": "None", "netInterestIncome": "None", "interestIncome": "None", "interestExpense": "87000000", "nonInterestIncome": "None", "otherNonOperatingIncome": "2000000", "depreciation": "None", "depreciationAndAmortization": "485000000", "incomeBeforeTax": "1869000000", "incomeTaxExpense": "655000000", "interestAndDebtExpense": "None", "netIncomeFromContinuingOperations": "1214000000", "comprehensiveIncomeNetOfTax": "None", "ebit": "1930000000", "ebitda": "2415000000", "netIncome": "1214000000"}, {"fiscalDateEnding": "2014-06-30", "reportedCurrency": "USD", "grossProfit": "5893000000", "totalRevenue": "14268000000", "costOfRevenue": "8375000000", "costofGoodsAndServicesSold": "8375000000", "operatingIncome": "747000000", "sellingGeneralAndAdministrative": "9498000000", "researchAndDevelopment": "0", "operatingExpenses": "5146000000", "investmentIncomeNet": "None", "netInterestIncome": "None", "interestIncome": "None", "interestExpense": "89000000", "nonInterestIncome": "None", "otherNonOperatingIncome": "25000000", "depreciation": "None", "depreciationAndAmortization": "473000000", "incomeBeforeTax": "683000000", "incomeTaxExpense": "229000000", "interestAndDebtExpense": "None", "netIncomeFromContinuingOperations": "454000000", "comprehensiveIncomeNetOfTax": "None", "ebit": "1815000000", "ebitda": "2288000000", "netIncome": "454000000"}, {"fiscalDateEnding": "2014-03-31", "reportedCurrency": "USD", "grossProfit": "6514000000", "totalRevenue": "13779000000", "costOfRevenue": "7265000000", "costofGoodsAndServicesSold": "7265000000", "operatingIncome": "1513000000", "sellingGeneralAndAdministrative": "8292000000", "researchAndDevelopment": "0", "operatingExpenses": "5001000000", "investmentIncomeNet": "None", "netInterestIncome": "None", "interestIncome": "None", "interestExpense": "90000000", "nonInterestIncome": "None", "otherNonOperatingIncome": "None", "depreciation": "None", "depreciationAndAmortization": "468000000", "incomeBeforeTax": "1423000000", "incomeTaxExpense": "512000000", "interestAndDebtExpense": "None", "netIncomeFromContinuingOperations": "911000000", "comprehensiveIncomeNetOfTax": "None", "ebit": "1513000000", "ebitda": "1981000000", "netIncome": "911000000"}, {"fiscalDateEnding": "2013-12-31", "reportedCurrency": "USD", "grossProfit": "7329000000", "totalRevenue": "14976000000", "costOfRevenue": "7647000000", "costofGoodsAndServicesSold": "7647000000", "operatingIncome": "1908000000", "sellingGeneralAndAdministrative": "8788000000", "researchAndDevelopment": "0", "operatingExpenses": "5421000000", "investmentIncomeNet": "None", "netInterestIncome": "None", "interestIncome": "None", "interestExpense": "94000000", "nonInterestIncome": "None", "otherNonOperatingIncome": "10000000", "depreciation": "None", "depreciationAndAmortization": "467000000", "incomeBeforeTax": "1824000000", "incomeTaxExpense": "657000000", "interestAndDebtExpense": "None", "netIncomeFromContinuingOperations": "1167000000", "comprehensiveIncomeNetOfTax": "None", "ebit": "1912000000", "ebitda": "2379000000", "netIncome": "1167000000"}, {"fiscalDateEnding": "2013-09-30", "reportedCurrency": "USD", "grossProfit": "6560000000", "totalRevenue": "13521000000", "costOfRevenue": "6961000000", "costofGoodsAndServicesSold": "6961000000", "operatingIncome": "1804000000", "sellingGeneralAndAdministrative": "7972000000", "researchAndDevelopment": "0", "operatingExpenses": "4756000000", "investmentIncomeNet": "None", "netInterestIncome": "None", "interestIncome": "None", "interestExpense": "92000000", "nonInterestIncome": "None", "otherNonOperatingIncome": "2000000", "depreciation": "None", "depreciationAndAmortization": "460000000", "incomeBeforeTax": "1714000000", "incomeTaxExpense": "617000000", "interestAndDebtExpense": "None", "netIncomeFromContinuingOperations": "1097000000", "comprehensiveIncomeNetOfTax": "None", "ebit": "1812000000", "ebitda": "2272000000", "netIncome": "1097000000"}, {"fiscalDateEnding": "2013-06-30", "reportedCurrency": "USD", "grossProfit": "6526000000", "totalRevenue": "13507000000", "costOfRevenue": "6981000000", "costofGoodsAndServicesSold": "6981000000", "operatingIncome": "1742000000", "sellingGeneralAndAdministrative": "8042000000", "researchAndDevelopment": "0", "operatingExpenses": "4784000000", "investmentIncomeNet": "None", "netInterestIncome": "None", "interestIncome": "None", "interestExpense": "98000000", "nonInterestIncome": "None", "otherNonOperatingIncome": "3000000", "depreciation": "None", "depreciationAndAmortization": "466000000", "incomeBeforeTax": "1647000000", "incomeTaxExpense": "576000000", "interestAndDebtExpense": "None", "netIncomeFromContinuingOperations": "1071000000", "comprehensiveIncomeNetOfTax": "None", "ebit": "1745000000", "ebitda": "2211000000", "netIncome": "1071000000"}, {"fiscalDateEnding": "2013-03-31", "reportedCurrency": "USD", "grossProfit": "6466000000", "totalRevenue": "13434000000", "costOfRevenue": "6968000000", "costofGoodsAndServicesSold": "6968000000", "operatingIncome": "1580000000", "sellingGeneralAndAdministrative": "8032000000", "researchAndDevelopment": "0", "operatingExpenses": "4886000000", "investmentIncomeNet": "None", "netInterestIncome": "None", "interestIncome": "None", "interestExpense": "96000000", "nonInterestIncome": "None", "otherNonOperatingIncome": "5000000", "depreciation": "None", "depreciationAndAmortization": "474000000", "incomeBeforeTax": "1489000000", "incomeTaxExpense": "452000000", "interestAndDebtExpense": "None", "netIncomeFromContinuingOperations": "1037000000", "comprehensiveIncomeNetOfTax": "None", "ebit": "1585000000", "ebitda": "2059000000", "netIncome": "1037000000"}, {"fiscalDateEnding": "2012-12-31", "reportedCurrency": "USD", "grossProfit": "2628000000", "totalRevenue": "14571000000", "costOfRevenue": "11943000000", "costofGoodsAndServicesSold": "11943000000", "operatingIncome": "-2782000000", "sellingGeneralAndAdministrative": "23911000000", "researchAndDevelopment": "0", "operatingExpenses": "5410000000", "investmentIncomeNet": "None", "netInterestIncome": "None", "interestIncome": "None", "interestExpense": "109000000", "nonInterestIncome": "None", "otherNonOperatingIncome": "6000000", "depreciation": "None", "depreciationAndAmortization": "476000000", "incomeBeforeTax": "-2885000000", "incomeTaxExpense": "-1137000000", "interestAndDebtExpense": "None", "netIncomeFromContinuingOperations": "-1748000000", "comprehensiveIncomeNetOfTax": "None", "ebit": "-2776000000", "ebitda": "-2300000000", "netIncome": "-1748000000"}, {"fiscalDateEnding": "2012-09-30", "reportedCurrency": "USD", "grossProfit": "10053000000", "totalRevenue": "13071000000", "costOfRevenue": "3018000000", "costofGoodsAndServicesSold": "3018000000", "operatingIncome": "766000000", "sellingGeneralAndAdministrative": "7577000000", "researchAndDevelopment": "0", "operatingExpenses": "12305000000", "investmentIncomeNet": "None", "netInterestIncome": "None", "interestIncome": "None", "interestExpense": "98000000", "nonInterestIncome": "None", "otherNonOperatingIncome": "6000000", "depreciation": "None", "depreciationAndAmortization": "464000000", "incomeBeforeTax": "674000000", "incomeTaxExpense": "205000000", "interestAndDebtExpense": "None", "netIncomeFromContinuingOperations": "469000000", "comprehensiveIncomeNetOfTax": "None", "ebit": "772000000", "ebitda": "1236000000", "netIncome": "469000000"}, {"fiscalDateEnding": "2012-06-30", "reportedCurrency": "USD", "grossProfit": "10299000000", "totalRevenue": "13349000000", "costOfRevenue": "3050000000", "costofGoodsAndServicesSold": "3050000000", "operatingIncome": "1790000000", "sellingGeneralAndAdministrative": "6747000000", "researchAndDevelopment": "0", "operatingExpenses": "11559000000", "investmentIncomeNet": "None", "netInterestIncome": "None", "interestIncome": "None", "interestExpense": "92000000", "nonInterestIncome": "None", "otherNonOperatingIncome": "6000000", "depreciation": "None", "depreciationAndAmortization": "459000000", "incomeBeforeTax": "1704000000", "incomeTaxExpense": "588000000", "interestAndDebtExpense": "None", "netIncomeFromContinuingOperations": "1116000000", "comprehensiveIncomeNetOfTax": "None", "ebit": "1796000000", "ebitda": "2255000000", "netIncome": "1116000000"}, {"fiscalDateEnding": "2012-03-31", "reportedCurrency": "USD", "grossProfit": "10092000000", "totalRevenue": "13136000000", "costOfRevenue": "3044000000", "costofGoodsAndServicesSold": "3044000000", "operatingIncome": "1569000000", "sellingGeneralAndAdministrative": "6835000000", "researchAndDevelopment": "0", "operatingExpenses": "11567000000", "investmentIncomeNet": "None", "netInterestIncome": "None", "interestIncome": "None", "interestExpense": "94000000", "nonInterestIncome": "None", "otherNonOperatingIncome": "6000000", "depreciation": "None", "depreciationAndAmortization": "459000000", "incomeBeforeTax": "1481000000", "incomeTaxExpense": "511000000", "interestAndDebtExpense": "None", "netIncomeFromContinuingOperations": "970000000", "comprehensiveIncomeNetOfTax": "None", "ebit": "1575000000", "ebitda": "2034000000", "netIncome": "970000000"}, {"fiscalDateEnding": "2011-12-31", "reportedCurrency": "USD", "grossProfit": "9801000000", "totalRevenue": "14166000000", "costOfRevenue": "4365000000", "costofGoodsAndServicesSold": "4365000000", "operatingIncome": "1337000000", "sellingGeneralAndAdministrative": "3852000000", "researchAndDevelopment": "0", "operatingExpenses": "8464000000", "investmentIncomeNet": "None", "netInterestIncome": "None", "interestIncome": "None", "interestExpense": "96000000", "nonInterestIncome": "None", "otherNonOperatingIncome": "8000000", "depreciation": "None", "depreciationAndAmortization": "451000000", "incomeBeforeTax": "1249000000", "incomeTaxExpense": "435000000", "interestAndDebtExpense": "None", "netIncomeFromContinuingOperations": "814000000", "comprehensiveIncomeNetOfTax": "None", "ebit": "1345000000", "ebitda": "1796000000", "netIncome": "814000000"}, {"fiscalDateEnding": "2011-09-30", "reportedCurrency": "USD", "grossProfit": "10031000000", "totalRevenue": "13166000000", "costOfRevenue": "3135000000", "costofGoodsAndServicesSold": "3135000000", "operatingIncome": "1666000000", "sellingGeneralAndAdministrative": "6647000000", "researchAndDevelopment": "0", "operatingExpenses": "11500000000", "investmentIncomeNet": "None", "netInterestIncome": "None", "interestIncome": "None", "interestExpense": "84000000", "nonInterestIncome": "None", "otherNonOperatingIncome": "16000000", "depreciation": "None", "depreciationAndAmortization": "447000000", "incomeBeforeTax": "1598000000", "incomeTaxExpense": "526000000", "interestAndDebtExpense": "None", "netIncomeFromContinuingOperations": "1042000000", "comprehensiveIncomeNetOfTax": "None", "ebit": "1682000000", "ebitda": "2129000000", "netIncome": "1072000000"}, {"fiscalDateEnding": "2011-06-30", "reportedCurrency": "USD", "grossProfit": "10055000000", "totalRevenue": "13191000000", "costOfRevenue": "3136000000", "costofGoodsAndServicesSold": "3136000000", "operatingIncome": "1698000000", "sellingGeneralAndAdministrative": "6683000000", "researchAndDevelopment": "0", "operatingExpenses": "11493000000", "investmentIncomeNet": "None", "netInterestIncome": "None", "interestIncome": "None", "interestExpense": "83000000", "nonInterestIncome": "None", "otherNonOperatingIncome": "9000000", "depreciation": "None", "depreciationAndAmortization": "443000000", "incomeBeforeTax": "1624000000", "incomeTaxExpense": "561000000", "interestAndDebtExpense": "None", "netIncomeFromContinuingOperations": "1063000000", "comprehensiveIncomeNetOfTax": "None", "ebit": "1754000000", "ebitda": "2197000000", "netIncome": "1063000000"}, {"fiscalDateEnding": "2011-03-31", "reportedCurrency": "USD", "grossProfit": "9711000000", "totalRevenue": "12582000000", "costOfRevenue": "2871000000", "costofGoodsAndServicesSold": "2871000000", "operatingIncome": "1426000000", "sellingGeneralAndAdministrative": "7844000000", "researchAndDevelopment": "0", "operatingExpenses": "8285000000", "investmentIncomeNet": "None", "netInterestIncome": "None", "interestIncome": "None", "interestExpense": "85000000", "nonInterestIncome": "None", "otherNonOperatingIncome": "11000000", "depreciation": "None", "depreciationAndAmortization": "441000000", "incomeBeforeTax": "1352000000", "incomeTaxExpense": "467000000", "interestAndDebtExpense": "None", "netIncomeFromContinuingOperations": "885000000", "comprehensiveIncomeNetOfTax": "None", "ebit": "1426000000", "ebitda": "1867000000", "netIncome": "885000000"}, {"fiscalDateEnding": "2010-12-31", "reportedCurrency": "USD", "grossProfit": "10404000000", "totalRevenue": "13421000000", "costOfRevenue": "3017000000", "costofGoodsAndServicesSold": "3017000000", "operatingIncome": "1814000000", "sellingGeneralAndAdministrative": "8146000000", "researchAndDevelopment": "0", "operatingExpenses": "8590000000", "investmentIncomeNet": "None", "netInterestIncome": "None", "interestIncome": "None", "interestExpense": "94000000", "nonInterestIncome": "None", "otherNonOperatingIncome": "10000000", "depreciation": "None", "depreciationAndAmortization": "444000000", "incomeBeforeTax": "1730000000", "incomeTaxExpense": "611000000", "interestAndDebtExpense": "None", "netIncomeFromContinuingOperations": "1119000000", "comprehensiveIncomeNetOfTax": "None", "ebit": "1824000000", "ebitda": "2268000000", "netIncome": "1119000000"}, {"fiscalDateEnding": "2010-09-30", "reportedCurrency": "USD", "grossProfit": "9530000000", "totalRevenue": "12192000000", "costOfRevenue": "2662000000", "costofGoodsAndServicesSold": "2662000000", "operatingIncome": "1616000000", "sellingGeneralAndAdministrative": "6411000000", "researchAndDevelopment": "0", "operatingExpenses": "10576000000", "investmentIncomeNet": "None", "netInterestIncome": "None", "interestIncome": "None", "interestExpense": "91000000", "nonInterestIncome": "None", "otherNonOperatingIncome": "15000000", "depreciation": "None", "depreciationAndAmortization": "448000000", "incomeBeforeTax": "1540000000", "incomeTaxExpense": "549000000", "interestAndDebtExpense": "None", "netIncomeFromContinuingOperations": "991000000", "comprehensiveIncomeNetOfTax": "None", "ebit": "1631000000", "ebitda": "2079000000", "netIncome": "991000000"}, {"fiscalDateEnding": "2010-06-30", "reportedCurrency": "USD", "grossProfit": "9874000000", "totalRevenue": "12204000000", "costOfRevenue": "2330000000", "costofGoodsAndServicesSold": "2330000000", "operatingIncome": "1402000000", "sellingGeneralAndAdministrative": "6515000000", "researchAndDevelopment": "0", "operatingExpenses": "10802000000", "investmentIncomeNet": "None", "netInterestIncome": "None", "interestIncome": "None", "interestExpense": "84000000", "nonInterestIncome": "None", "otherNonOperatingIncome": "-18000000", "depreciation": "None", "depreciationAndAmortization": "449000000", "incomeBeforeTax": "1300000000", "incomeTaxExpense": "455000000", "interestAndDebtExpense": "None", "netIncomeFromContinuingOperations": "845000000", "comprehensiveIncomeNetOfTax": "None", "ebit": "1384000000", "ebitda": "1833000000", "netIncome": "845000000"}, {"fiscalDateEnding": "2010-03-31", "reportedCurrency": "USD", "grossProfit": "9275000000", "totalRevenue": "11728000000", "costOfRevenue": "2453000000", "costofGoodsAndServicesSold": "2453000000", "operatingIncome": "1042000000", "sellingGeneralAndAdministrative": "6539000000", "researchAndDevelopment": "0", "operatingExpenses": "10686000000", "investmentIncomeNet": "None", "netInterestIncome": "None", "interestIncome": "None", "interestExpense": "85000000", "nonInterestIncome": "None", "otherNonOperatingIncome": "-4000000", "depreciation": "None", "depreciationAndAmortization": "451000000", "incomeBeforeTax": "953000000", "incomeTaxExpense": "420000000", "interestAndDebtExpense": "None", "netIncomeFromContinuingOperations": "533000000", "comprehensiveIncomeNetOfTax": "None", "ebit": "1038000000", "ebitda": "1489000000", "netIncome": "533000000"}, {"fiscalDateEnding": "2009-12-31", "reportedCurrency": "USD", "grossProfit": "9740000000", "totalRevenue": "12377000000", "costOfRevenue": "2637000000", "costofGoodsAndServicesSold": "2637000000", "operatingIncome": "1259000000", "sellingGeneralAndAdministrative": "8031000000", "researchAndDevelopment": "0", "operatingExpenses": "8481000000", "investmentIncomeNet": "None", "netInterestIncome": "None", "interestIncome": "None", "interestExpense": "89000000", "nonInterestIncome": "None", "otherNonOperatingIncome": "None", "depreciation": "None", "depreciationAndAmortization": "450000000", "incomeBeforeTax": "1183000000", "incomeTaxExpense": "426000000", "interestAndDebtExpense": "None", "netIncomeFromContinuingOperations": "0", "comprehensiveIncomeNetOfTax": "None", "ebit": "1272000000", "ebitda": "1722000000", "netIncome": "757000000"}, {"fiscalDateEnding": "2009-09-30", "reportedCurrency": "USD", "grossProfit": "8955000000", "totalRevenue": "11153000000", "costOfRevenue": "2198000000", "costofGoodsAndServicesSold": "2198000000", "operatingIncome": "929000000", "sellingGeneralAndAdministrative": "6341000000", "researchAndDevelopment": "0", "operatingExpenses": "10224000000", "investmentIncomeNet": "None", "netInterestIncome": "None", "interestIncome": "None", "interestExpense": "93000000", "nonInterestIncome": "None", "otherNonOperatingIncome": "6000000", "depreciation": "None", "depreciationAndAmortization": "441000000", "incomeBeforeTax": "842000000", "incomeTaxExpense": "293000000", "interestAndDebtExpense": "None", "netIncomeFromContinuingOperations": "549000000", "comprehensiveIncomeNetOfTax": "None", "ebit": "935000000", "ebitda": "1376000000", "netIncome": "549000000"}, {"fiscalDateEnding": "2009-06-30", "reportedCurrency": "USD", "grossProfit": "8829000000", "totalRevenue": "10829000000", "costOfRevenue": "2000000000", "costofGoodsAndServicesSold": "2000000000", "operatingIncome": "895000000", "sellingGeneralAndAdministrative": "6330000000", "researchAndDevelopment": "0", "operatingExpenses": "9934000000", "investmentIncomeNet": "None", "netInterestIncome": "None", "interestIncome": "None", "interestExpense": "181000000", "nonInterestIncome": "None", "otherNonOperatingIncome": "-22000000", "depreciation": "None", "depreciationAndAmortization": "426000000", "incomeBeforeTax": "692000000", "incomeTaxExpense": "247000000", "interestAndDebtExpense": "None", "netIncomeFromContinuingOperations": "445000000", "comprehensiveIncomeNetOfTax": "None", "ebit": "873000000", "ebitda": "1299000000", "netIncome": "445000000"}, {"fiscalDateEnding": "2009-03-31", "reportedCurrency": "USD", "grossProfit": "8954000000", "totalRevenue": "10938000000", "costOfRevenue": "1984000000", "costofGoodsAndServicesSold": "1984000000", "operatingIncome": "718000000", "sellingGeneralAndAdministrative": "7806000000", "researchAndDevelopment": "0", "operatingExpenses": "8236000000", "investmentIncomeNet": "None", "netInterestIncome": "None", "interestIncome": "None", "interestExpense": "82000000", "nonInterestIncome": "None", "otherNonOperatingIncome": "None", "depreciation": "None", "depreciationAndAmortization": "430000000", "incomeBeforeTax": "649000000", "incomeTaxExpense": "248000000", "interestAndDebtExpense": "None", "netIncomeFromContinuingOperations": "0", "comprehensiveIncomeNetOfTax": "None", "ebit": "731000000", "ebitda": "1161000000", "netIncome": "401000000"}, {"fiscalDateEnding": "2008-12-31", "reportedCurrency": "USD", "grossProfit": "9989000000", "totalRevenue": "12697000000", "costOfRevenue": "2708000000", "costofGoodsAndServicesSold": "2708000000", "operatingIncome": "803000000", "sellingGeneralAndAdministrative": "8732000000", "researchAndDevelopment": "0", "operatingExpenses": "9186000000", "investmentIncomeNet": "None", "netInterestIncome": "None", "interestIncome": "None", "interestExpense": "100000000", "nonInterestIncome": "None", "otherNonOperatingIncome": "None", "depreciation": "None", "depreciationAndAmortization": "454000000", "incomeBeforeTax": "720000000", "incomeTaxExpense": "466000000", "interestAndDebtExpense": "None", "netIncomeFromContinuingOperations": "0", "comprehensiveIncomeNetOfTax": "None", "ebit": "820000000", "ebitda": "1274000000", "netIncome": "254000000"}, {"fiscalDateEnding": "2008-09-30", "reportedCurrency": "USD", "grossProfit": "9935000000", "totalRevenue": "13113000000", "costOfRevenue": "3178000000", "costofGoodsAndServicesSold": "3178000000", "operatingIncome": "1632000000", "sellingGeneralAndAdministrative": "7847000000", "researchAndDevelopment": "0", "operatingExpenses": "8303000000", "investmentIncomeNet": "None", "netInterestIncome": "None", "interestIncome": "None", "interestExpense": "104000000", "nonInterestIncome": "None", "otherNonOperatingIncome": "None", "depreciation": "None", "depreciationAndAmortization": "456000000", "incomeBeforeTax": "1515000000", "incomeTaxExpense": "545000000", "interestAndDebtExpense": "None", "netIncomeFromContinuingOperations": "0", "comprehensiveIncomeNetOfTax": "None", "ebit": "1619000000", "ebitda": "2075000000", "netIncome": "970000000"}, {"fiscalDateEnding": "2008-06-30", "reportedCurrency": "USD", "grossProfit": "9852000000", "totalRevenue": "13001000000", "costOfRevenue": "3149000000", "costofGoodsAndServicesSold": "3149000000", "operatingIncome": "1454000000", "sellingGeneralAndAdministrative": "7946000000", "researchAndDevelopment": "0", "operatingExpenses": "8398000000", "investmentIncomeNet": "None", "netInterestIncome": "None", "interestIncome": "None", "interestExpense": "104000000", "nonInterestIncome": "None", "otherNonOperatingIncome": "None", "depreciation": "None", "depreciationAndAmortization": "452000000", "incomeBeforeTax": "1364000000", "incomeTaxExpense": "491000000", "interestAndDebtExpense": "None", "netIncomeFromContinuingOperations": "0", "comprehensiveIncomeNetOfTax": "None", "ebit": "1468000000", "ebitda": "1920000000", "netIncome": "873000000"}, {"fiscalDateEnding": "2008-03-31", "reportedCurrency": "USD", "grossProfit": "10130000000", "totalRevenue": "12675000000", "costOfRevenue": "2545000000", "costofGoodsAndServicesSold": "2545000000", "operatingIncome": "1493000000", "sellingGeneralAndAdministrative": "7887000000", "researchAndDevelopment": "0", "operatingExpenses": "8637000000", "investmentIncomeNet": "None", "netInterestIncome": "None", "interestIncome": "None", "interestExpense": "134000000", "nonInterestIncome": "None", "otherNonOperatingIncome": "None", "depreciation": "None", "depreciationAndAmortization": "452000000", "incomeBeforeTax": "1416000000", "incomeTaxExpense": "510000000", "interestAndDebtExpense": "None", "netIncomeFromContinuingOperations": "0", "comprehensiveIncomeNetOfTax": "None", "ebit": "1436000000", "ebitda": "1888000000", "netIncome": "906000000"}, {"fiscalDateEnding": "2007-12-31", "reportedCurrency": "USD", "grossProfit": "10474000000", "totalRevenue": "13392000000", "costOfRevenue": "2918000000", "costofGoodsAndServicesSold": "2918000000", "operatingIncome": "-4253000000", "sellingGeneralAndAdministrative": "14284000000", "researchAndDevelopment": "0", "operatingExpenses": "7612000000", "investmentIncomeNet": "None", "netInterestIncome": "None", "interestIncome": "None", "interestExpense": "246000000", "nonInterestIncome": "None", "otherNonOperatingIncome": "None", "depreciation": "None", "depreciationAndAmortization": "443000000", "incomeBeforeTax": "-4293000000", "incomeTaxExpense": "-1652000000", "interestAndDebtExpense": "None", "netIncomeFromContinuingOperations": "0", "comprehensiveIncomeNetOfTax": "None", "ebit": "2961000000", "ebitda": "3404000000", "netIncome": "-2641000000"}, {"fiscalDateEnding": "2007-09-30", "reportedCurrency": "USD", "grossProfit": "9725000000", "totalRevenue": "12205000000", "costOfRevenue": "2480000000", "costofGoodsAndServicesSold": "2480000000", "operatingIncome": "1708000000", "sellingGeneralAndAdministrative": "7582000000", "researchAndDevelopment": "0", "operatingExpenses": "10497000000", "investmentIncomeNet": "None", "netInterestIncome": "None", "interestIncome": "None", "interestExpense": "53000000", "nonInterestIncome": "None", "otherNonOperatingIncome": "None", "depreciation": "None", "depreciationAndAmortization": "435000000", "incomeBeforeTax": "1669000000", "incomeTaxExpense": "593000000", "interestAndDebtExpense": "None", "netIncomeFromContinuingOperations": "0", "comprehensiveIncomeNetOfTax": "None", "ebit": "1722000000", "ebitda": "2157000000", "netIncome": "1076000000"}, {"fiscalDateEnding": "2007-06-30", "reportedCurrency": "USD", "grossProfit": "9806000000", "totalRevenue": "12189000000", "costOfRevenue": "2383000000", "costofGoodsAndServicesSold": "2383000000", "operatingIncome": "1765000000", "sellingGeneralAndAdministrative": "7610000000", "researchAndDevelopment": "0", "operatingExpenses": "10424000000", "investmentIncomeNet": "None", "netInterestIncome": "None", "interestIncome": "None", "interestExpense": "61000000", "nonInterestIncome": "None", "otherNonOperatingIncome": "None", "depreciation": "None", "depreciationAndAmortization": "431000000", "incomeBeforeTax": "1732000000", "incomeTaxExpense": "628000000", "interestAndDebtExpense": "None", "netIncomeFromContinuingOperations": "0", "comprehensiveIncomeNetOfTax": "None", "ebit": "1793000000", "ebitda": "2224000000", "netIncome": "1104000000"}, {"fiscalDateEnding": "2007-03-31", "reportedCurrency": "USD", "grossProfit": "9654000000", "totalRevenue": "11906000000", "costOfRevenue": "2252000000", "costofGoodsAndServicesSold": "2252000000", "operatingIncome": "1358000000", "sellingGeneralAndAdministrative": "7860000000", "researchAndDevelopment": "0", "operatingExpenses": "10548000000", "investmentIncomeNet": "None", "netInterestIncome": "None", "interestIncome": "None", "interestExpense": "49000000", "nonInterestIncome": "None", "otherNonOperatingIncome": "None", "depreciation": "None", "depreciationAndAmortization": "436000000", "incomeBeforeTax": "1323000000", "incomeTaxExpense": "480000000", "interestAndDebtExpense": "None", "netIncomeFromContinuingOperations": "0", "comprehensiveIncomeNetOfTax": "None", "ebit": "1358000000", "ebitda": "1794000000", "netIncome": "843000000"}, {"fiscalDateEnding": "2006-12-31", "reportedCurrency": "USD", "grossProfit": "4490000000", "totalRevenue": "12628000000", "costOfRevenue": "8138000000", "costofGoodsAndServicesSold": "8138000000", "operatingIncome": "1809000000", "sellingGeneralAndAdministrative": "2249000000", "researchAndDevelopment": "0", "operatingExpenses": "10819000000", "investmentIncomeNet": "None", "netInterestIncome": "None", "interestIncome": "None", "interestExpense": "211000000", "nonInterestIncome": "None", "otherNonOperatingIncome": "None", "depreciation": "None", "depreciationAndAmortization": "432000000", "incomeBeforeTax": "1769000000", "incomeTaxExpense": "641000000", "interestAndDebtExpense": "None", "netIncomeFromContinuingOperations": "0", "comprehensiveIncomeNetOfTax": "None", "ebit": "-190000000", "ebitda": "242000000", "netIncome": "1128000000"}, {"fiscalDateEnding": "2006-09-30", "reportedCurrency": "USD", "grossProfit": "9406000000", "totalRevenue": "11662000000", "costOfRevenue": "2256000000", "costofGoodsAndServicesSold": "2256000000", "operatingIncome": "1576000000", "sellingGeneralAndAdministrative": "7389000000", "researchAndDevelopment": "0", "operatingExpenses": "10086000000", "investmentIncomeNet": "None", "netInterestIncome": "None", "interestIncome": "None", "interestExpense": "54000000", "nonInterestIncome": "None", "otherNonOperatingIncome": "None", "depreciation": "None", "depreciationAndAmortization": "441000000", "incomeBeforeTax": "1547000000", "incomeTaxExpense": "509000000", "interestAndDebtExpense": "None", "netIncomeFromContinuingOperations": "0", "comprehensiveIncomeNetOfTax": "None", "ebit": "1135000000", "ebitda": "1576000000", "netIncome": "1038000000"}, {"fiscalDateEnding": "2006-06-30", "reportedCurrency": "USD", "grossProfit": "9488000000", "totalRevenue": "11736000000", "costOfRevenue": "2248000000", "costofGoodsAndServicesSold": "2248000000", "operatingIncome": "1695000000", "sellingGeneralAndAdministrative": "7357000000", "researchAndDevelopment": "0", "operatingExpenses": "10041000000", "investmentIncomeNet": "None", "netInterestIncome": "None", "interestIncome": "None", "interestExpense": "54000000", "nonInterestIncome": "None", "otherNonOperatingIncome": "None", "depreciation": "None", "depreciationAndAmortization": "436000000", "incomeBeforeTax": "1664000000", "incomeTaxExpense": "603000000", "interestAndDebtExpense": "None", "netIncomeFromContinuingOperations": "0", "comprehensiveIncomeNetOfTax": "None", "ebit": "1259000000", "ebitda": "1695000000", "netIncome": "1061000000"}, {"fiscalDateEnding": "2006-03-31", "reportedCurrency": "USD", "grossProfit": "11521000000", "totalRevenue": "11521000000", "costOfRevenue": "5200000000", "costofGoodsAndServicesSold": "5200000000", "operatingIncome": "1555000000", "sellingGeneralAndAdministrative": "9966000000", "researchAndDevelopment": "0", "operatingExpenses": "9966000000", "investmentIncomeNet": "None", "netInterestIncome": "None", "interestIncome": "None", "interestExpense": "48000000", "nonInterestIncome": "None", "otherNonOperatingIncome": "None", "depreciation": "None", "depreciationAndAmortization": "439000000", "incomeBeforeTax": "1530000000", "incomeTaxExpense": "555000000", "interestAndDebtExpense": "None", "netIncomeFromContinuingOperations": "0", "comprehensiveIncomeNetOfTax": "None", "ebit": "1116000000", "ebitda": "1555000000", "netIncome": "975000000"}, {"fiscalDateEnding": "2005-12-31", "reportedCurrency": "USD", "grossProfit": "6754000000", "totalRevenue": "11954000000", "costOfRevenue": "5200000000", "costofGoodsAndServicesSold": "5200000000", "operatingIncome": "1711000000", "sellingGeneralAndAdministrative": "4612000000", "researchAndDevelopment": "0", "operatingExpenses": "10243000000", "investmentIncomeNet": "None", "netInterestIncome": "None", "interestIncome": "None", "interestExpense": "172000000", "nonInterestIncome": "None", "otherNonOperatingIncome": "None", "depreciation": "None", "depreciationAndAmortization": "431000000", "incomeBeforeTax": "1667000000", "incomeTaxExpense": "618000000", "interestAndDebtExpense": "None", "netIncomeFromContinuingOperations": "0", "comprehensiveIncomeNetOfTax": "None", "ebit": "-149000000", "ebitda": "282000000", "netIncome": "1049000000"}, {"fiscalDateEnding": "2005-09-30", "reportedCurrency": "USD", "grossProfit": "8022000000", "totalRevenue": "10550000000", "costOfRevenue": "2528000000", "costofGoodsAndServicesSold": "2528000000", "operatingIncome": "1498000000", "sellingGeneralAndAdministrative": "6112000000", "researchAndDevelopment": "0", "operatingExpenses": "9052000000", "investmentIncomeNet": "None", "netInterestIncome": "None", "interestIncome": "None", "interestExpense": "37000000", "nonInterestIncome": "None", "otherNonOperatingIncome": "None", "depreciation": "None", "depreciationAndAmortization": "412000000", "incomeBeforeTax": "1489000000", "incomeTaxExpense": "536000000", "interestAndDebtExpense": "None", "netIncomeFromContinuingOperations": "0", "comprehensiveIncomeNetOfTax": "None", "ebit": "1086000000", "ebitda": "1498000000", "netIncome": "953000000"}, {"fiscalDateEnding": "2005-06-30", "reportedCurrency": "USD", "grossProfit": "6965000000", "totalRevenue": "10191000000", "costOfRevenue": "3226000000", "costofGoodsAndServicesSold": "3226000000", "operatingIncome": "1549000000", "sellingGeneralAndAdministrative": "5416000000", "researchAndDevelopment": "0", "operatingExpenses": "8642000000", "investmentIncomeNet": "None", "netInterestIncome": "None", "interestIncome": "None", "interestExpense": "46000000", "nonInterestIncome": "None", "otherNonOperatingIncome": "None", "depreciation": "None", "depreciationAndAmortization": "403000000", "incomeBeforeTax": "1541000000", "incomeTaxExpense": "555000000", "interestAndDebtExpense": "None", "netIncomeFromContinuingOperations": "0", "comprehensiveIncomeNetOfTax": "None", "ebit": "1549000000", "ebitda": "1952000000", "netIncome": "986000000"}, {"fiscalDateEnding": "2005-03-31", "reportedCurrency": "USD", "grossProfit": "6805000000", "totalRevenue": "9886000000", "costOfRevenue": "3081000000", "costofGoodsAndServicesSold": "3081000000", "operatingIncome": "1385000000", "sellingGeneralAndAdministrative": "5420000000", "researchAndDevelopment": "0", "operatingExpenses": "8501000000", "investmentIncomeNet": "None", "netInterestIncome": "None", "interestIncome": "None", "interestExpense": "37000000", "nonInterestIncome": "None", "otherNonOperatingIncome": "None", "depreciation": "None", "depreciationAndAmortization": "398000000", "incomeBeforeTax": "1378000000", "incomeTaxExpense": "496000000", "interestAndDebtExpense": "None", "netIncomeFromContinuingOperations": "0", "comprehensiveIncomeNetOfTax": "None", "ebit": "1385000000", "ebitda": "1783000000", "netIncome": "882000000"}, {"fiscalDateEnding": "2004-12-31", "reportedCurrency": "USD", "grossProfit": "5580000000", "totalRevenue": "9840000000", "costOfRevenue": "4260000000", "costofGoodsAndServicesSold": "4260000000", "operatingIncome": "1204000000", "sellingGeneralAndAdministrative": "5530000000", "researchAndDevelopment": "0", "operatingExpenses": "8636000000", "investmentIncomeNet": "None", "netInterestIncome": "None", "interestIncome": "None", "interestExpense": "149000000", "nonInterestIncome": "None", "otherNonOperatingIncome": "None", "depreciation": "None", "depreciationAndAmortization": "389000000", "incomeBeforeTax": "1192000000", "incomeTaxExpense": "326000000", "interestAndDebtExpense": "None", "netIncomeFromContinuingOperations": "0", "comprehensiveIncomeNetOfTax": "None", "ebit": "-500000000", "ebitda": "-111000000", "netIncome": "866000000"}]}