{"symbol": "DD", "annualReports": [{"fiscalDateEnding": "2024-12-31", "reportedCurrency": "USD", "grossProfit": "4507000000", "totalRevenue": "12386000000", "costOfRevenue": "7879000000", "costofGoodsAndServicesSold": "7879000000", "operatingIncome": "1829000000", "sellingGeneralAndAdministrative": "1552000000", "researchAndDevelopment": "531000000", "operatingExpenses": "2678000000", "investmentIncomeNet": "None", "netInterestIncome": "-293000000", "interestIncome": "73000000", "interestExpense": "366000000", "nonInterestIncome": "None", "otherNonOperatingIncome": "None", "depreciation": "None", "depreciationAndAmortization": "1194000000", "incomeBeforeTax": "1192000000", "incomeTaxExpense": "414000000", "interestAndDebtExpense": "None", "netIncomeFromContinuingOperations": "778000000", "comprehensiveIncomeNetOfTax": "None", "ebit": "1558000000", "ebitda": "2752000000", "netIncome": "778000000"}, {"fiscalDateEnding": "2023-12-31", "reportedCurrency": "USD", "grossProfit": "4233000000", "totalRevenue": "12068000000", "costOfRevenue": "7835000000", "costofGoodsAndServicesSold": "7835000000", "operatingIncome": "1717000000", "sellingGeneralAndAdministrative": "1408000000", "researchAndDevelopment": "508000000", "operatingExpenses": "1925000000", "investmentIncomeNet": "None", "netInterestIncome": "-243000000", "interestIncome": "174000000", "interestExpense": "396000000", "nonInterestIncome": "None", "otherNonOperatingIncome": "None", "depreciation": "None", "depreciationAndAmortization": "1147000000", "incomeBeforeTax": "504000000", "incomeTaxExpense": "-29000000", "interestAndDebtExpense": "None", "netIncomeFromContinuingOperations": "938000000", "comprehensiveIncomeNetOfTax": "None", "ebit": "900000000", "ebitda": "2047000000", "netIncome": "423000000"}, {"fiscalDateEnding": "2022-12-31", "reportedCurrency": "USD", "grossProfit": "4615000000", "totalRevenue": "13017000000", "costOfRevenue": "8402000000", "costofGoodsAndServicesSold": "8402000000", "operatingIncome": "2022000000", "sellingGeneralAndAdministrative": "1439000000", "researchAndDevelopment": "536000000", "operatingExpenses": "2593000000", "investmentIncomeNet": "None", "netInterestIncome": "-492000000", "interestIncome": "417000000", "interestExpense": "492000000", "nonInterestIncome": "None", "otherNonOperatingIncome": "266000000", "depreciation": "None", "depreciationAndAmortization": "1135000000", "incomeBeforeTax": "1448000000", "incomeTaxExpense": "387000000", "interestAndDebtExpense": "None", "netIncomeFromContinuingOperations": "1061000000", "comprehensiveIncomeNetOfTax": "None", "ebit": "1940000000", "ebitda": "3075000000", "netIncome": "5868000000"}, {"fiscalDateEnding": "2021-12-31", "reportedCurrency": "USD", "grossProfit": "4595000000", "totalRevenue": "12566000000", "costOfRevenue": "7971000000", "costofGoodsAndServicesSold": "7971000000", "operatingIncome": "1870000000", "sellingGeneralAndAdministrative": "1602000000", "researchAndDevelopment": "557000000", "operatingExpenses": "2725000000", "investmentIncomeNet": "None", "netInterestIncome": "-525000000", "interestIncome": "619000000", "interestExpense": "525000000", "nonInterestIncome": "None", "otherNonOperatingIncome": "257000000", "depreciation": "None", "depreciationAndAmortization": "1112000000", "incomeBeforeTax": "1444000000", "incomeTaxExpense": "237000000", "interestAndDebtExpense": "None", "netIncomeFromContinuingOperations": "1804000000", "comprehensiveIncomeNetOfTax": "None", "ebit": "1900000000", "ebitda": "3012000000", "netIncome": "6467000000"}, {"fiscalDateEnding": "2020-12-31", "reportedCurrency": "USD", "grossProfit": "6875000000", "totalRevenue": "20397000000", "costOfRevenue": "13522000000", "costofGoodsAndServicesSold": "13522000000", "operatingIncome": "2527000000", "sellingGeneralAndAdministrative": "2235000000", "researchAndDevelopment": "860000000", "operatingExpenses": "5214000000", "investmentIncomeNet": "None", "netInterestIncome": "-767000000", "interestIncome": "576000000", "interestExpense": "767000000", "nonInterestIncome": "None", "otherNonOperatingIncome": "866000000", "depreciation": "None", "depreciationAndAmortization": "1373000000", "incomeBeforeTax": "-2897000000", "incomeTaxExpense": "-23000000", "interestAndDebtExpense": "None", "netIncomeFromContinuingOperations": "-2874000000", "comprehensiveIncomeNetOfTax": "None", "ebit": "-1574000000", "ebitda": "-201000000", "netIncome": "-2874000000"}, {"fiscalDateEnding": "2019-12-31", "reportedCurrency": "USD", "grossProfit": "7456000000", "totalRevenue": "21512000000", "costOfRevenue": "14056000000", "costofGoodsAndServicesSold": "14056000000", "operatingIncome": "3025000000", "sellingGeneralAndAdministrative": "2663000000", "researchAndDevelopment": "955000000", "operatingExpenses": "4668000000", "investmentIncomeNet": "None", "netInterestIncome": "-613000000", "interestIncome": "639000000", "interestExpense": "668000000", "nonInterestIncome": "None", "otherNonOperatingIncome": "237000000", "depreciation": "None", "depreciationAndAmortization": "2066000000", "incomeBeforeTax": "-474000000", "incomeTaxExpense": "140000000", "interestAndDebtExpense": "None", "netIncomeFromContinuingOperations": "-614000000", "comprehensiveIncomeNetOfTax": "None", "ebit": "194000000", "ebitda": "2260000000", "netIncome": "-614000000"}, {"fiscalDateEnding": "2018-12-31", "reportedCurrency": "USD", "grossProfit": "20644000000", "totalRevenue": "85977000000", "costOfRevenue": "65333000000", "costofGoodsAndServicesSold": "65333000000", "operatingIncome": "8972000000", "sellingGeneralAndAdministrative": "6709000000", "researchAndDevelopment": "3060000000", "operatingExpenses": "11672000000", "investmentIncomeNet": "None", "netInterestIncome": "-1294000000", "interestIncome": "338000000", "interestExpense": "1504000000", "nonInterestIncome": "None", "otherNonOperatingIncome": "1593000000", "depreciation": "None", "depreciationAndAmortization": "2170000000", "incomeBeforeTax": "5493000000", "incomeTaxExpense": "1489000000", "interestAndDebtExpense": "None", "netIncomeFromContinuingOperations": "4004000000", "comprehensiveIncomeNetOfTax": "None", "ebit": "3874000000", "ebitda": "6044000000", "netIncome": "3844000000"}, {"fiscalDateEnding": "2017-12-31", "reportedCurrency": "USD", "grossProfit": "12070000000", "totalRevenue": "62484000000", "costOfRevenue": "50414000000", "costofGoodsAndServicesSold": "50414000000", "operatingIncome": "4926000000", "sellingGeneralAndAdministrative": "4021000000", "researchAndDevelopment": "2110000000", "operatingExpenses": "7144000000", "investmentIncomeNet": "None", "netInterestIncome": "-935000000", "interestIncome": "427000000", "interestExpense": "1082000000", "nonInterestIncome": "None", "otherNonOperatingIncome": "None", "depreciation": "None", "depreciationAndAmortization": "3969000000", "incomeBeforeTax": "1193000000", "incomeTaxExpense": "-476000000", "interestAndDebtExpense": "None", "netIncomeFromContinuingOperations": "1669000000", "comprehensiveIncomeNetOfTax": "None", "ebit": "-1964000000", "ebitda": "2005000000", "netIncome": "1460000000"}, {"fiscalDateEnding": "2016-12-31", "reportedCurrency": "USD", "grossProfit": "10517000000", "totalRevenue": "48158000000", "costOfRevenue": "37641000000", "costofGoodsAndServicesSold": "37641000000", "operatingIncome": "5085000000", "sellingGeneralAndAdministrative": "3304000000", "researchAndDevelopment": "1584000000", "operatingExpenses": "5432000000", "investmentIncomeNet": "None", "netInterestIncome": "-751000000", "interestIncome": "416000000", "interestExpense": "858000000", "nonInterestIncome": "None", "otherNonOperatingIncome": "None", "depreciation": "None", "depreciationAndAmortization": "2862000000", "incomeBeforeTax": "4413000000", "incomeTaxExpense": "9000000", "interestAndDebtExpense": "None", "netIncomeFromContinuingOperations": "4404000000", "comprehensiveIncomeNetOfTax": "None", "ebit": "5271000000", "ebitda": "8133000000", "netIncome": "4318000000"}, {"fiscalDateEnding": "2015-12-31", "reportedCurrency": "USD", "grossProfit": "10942000000", "totalRevenue": "48778000000", "costOfRevenue": "37836000000", "costofGoodsAndServicesSold": "37836000000", "operatingIncome": "5954000000", "sellingGeneralAndAdministrative": "2971000000", "researchAndDevelopment": "1598000000", "operatingExpenses": "4988000000", "investmentIncomeNet": "None", "netInterestIncome": "None", "interestIncome": "272000000", "interestExpense": "946000000", "nonInterestIncome": "None", "otherNonOperatingIncome": "None", "depreciation": "None", "depreciationAndAmortization": "419000000", "incomeBeforeTax": "9930000000", "incomeTaxExpense": "2147000000", "interestAndDebtExpense": "None", "netIncomeFromContinuingOperations": "7783000000", "comprehensiveIncomeNetOfTax": "None", "ebit": "12978000000", "ebitda": "13397000000", "netIncome": "7685000000"}, {"fiscalDateEnding": "2014-12-31", "reportedCurrency": "USD", "grossProfit": "10703000000", "totalRevenue": "58167000000", "costOfRevenue": "47464000000", "costofGoodsAndServicesSold": "47464000000", "operatingIncome": "5514000000", "sellingGeneralAndAdministrative": "3106000000", "researchAndDevelopment": "1647000000", "operatingExpenses": "5189000000", "investmentIncomeNet": "None", "netInterestIncome": "None", "interestIncome": "None", "interestExpense": "983000000", "nonInterestIncome": "None", "otherNonOperatingIncome": "None", "depreciation": "None", "depreciationAndAmortization": "436000000", "incomeBeforeTax": "5265000000", "incomeTaxExpense": "1426000000", "interestAndDebtExpense": "None", "netIncomeFromContinuingOperations": "3145000000", "comprehensiveIncomeNetOfTax": "None", "ebit": "8559000000", "ebitda": "8995000000", "netIncome": "3772000000"}, {"fiscalDateEnding": "2013-12-31", "reportedCurrency": "USD", "grossProfit": "9486000000", "totalRevenue": "57080000000", "costOfRevenue": "47594000000", "costofGoodsAndServicesSold": "47594000000", "operatingIncome": "4254000000", "sellingGeneralAndAdministrative": "3024000000", "researchAndDevelopment": "1747000000", "operatingExpenses": "5232000000", "investmentIncomeNet": "None", "netInterestIncome": "None", "interestIncome": "None", "interestExpense": "1101000000", "nonInterestIncome": "None", "otherNonOperatingIncome": "None", "depreciation": "None", "depreciationAndAmortization": "461000000", "incomeBeforeTax": "6804000000", "incomeTaxExpense": "1988000000", "interestAndDebtExpense": "None", "netIncomeFromContinuingOperations": "None", "comprehensiveIncomeNetOfTax": "None", "ebit": "10125000000", "ebitda": "10586000000", "netIncome": "4787000000"}, {"fiscalDateEnding": "2012-12-31", "reportedCurrency": "USD", "grossProfit": "8994000000", "totalRevenue": "56786000000", "costOfRevenue": "47792000000", "costofGoodsAndServicesSold": "47792000000", "operatingIncome": "3947000000", "sellingGeneralAndAdministrative": "2861000000", "researchAndDevelopment": "1708000000", "operatingExpenses": "5047000000", "investmentIncomeNet": "None", "netInterestIncome": "None", "interestIncome": "None", "interestExpense": "1269000000", "nonInterestIncome": "None", "otherNonOperatingIncome": "None", "depreciation": "None", "depreciationAndAmortization": "478000000", "incomeBeforeTax": "1665000000", "incomeTaxExpense": "565000000", "interestAndDebtExpense": "None", "netIncomeFromContinuingOperations": "None", "comprehensiveIncomeNetOfTax": "None", "ebit": "5154000000", "ebitda": "5632000000", "netIncome": "1182000000"}, {"fiscalDateEnding": "2011-12-31", "reportedCurrency": "USD", "grossProfit": "8956000000", "totalRevenue": "59985000000", "costOfRevenue": "51029000000", "costofGoodsAndServicesSold": "51029000000", "operatingIncome": "4026000000", "sellingGeneralAndAdministrative": "2788000000", "researchAndDevelopment": "1646000000", "operatingExpenses": "4930000000", "investmentIncomeNet": "None", "netInterestIncome": "None", "interestIncome": "None", "interestExpense": "1341000000", "nonInterestIncome": "None", "otherNonOperatingIncome": "None", "depreciation": "None", "depreciationAndAmortization": "496000000", "incomeBeforeTax": "3601000000", "incomeTaxExpense": "817000000", "interestAndDebtExpense": "None", "netIncomeFromContinuingOperations": "None", "comprehensiveIncomeNetOfTax": "None", "ebit": "7327000000", "ebitda": "7823000000", "netIncome": "2742000000"}, {"fiscalDateEnding": "2010-12-31", "reportedCurrency": "USD", "grossProfit": "7894000000", "totalRevenue": "53674000000", "costOfRevenue": "45780000000", "costofGoodsAndServicesSold": "45780000000", "operatingIncome": "3116000000", "sellingGeneralAndAdministrative": "2609000000", "researchAndDevelopment": "1660000000", "operatingExpenses": "4778000000", "investmentIncomeNet": "None", "netInterestIncome": "None", "interestIncome": "None", "interestExpense": "1473000000", "nonInterestIncome": "None", "otherNonOperatingIncome": "None", "depreciation": "None", "depreciationAndAmortization": "2962000000", "incomeBeforeTax": "2802000000", "incomeTaxExpense": "481000000", "interestAndDebtExpense": "None", "netIncomeFromContinuingOperations": "None", "comprehensiveIncomeNetOfTax": "None", "ebit": "4274000000", "ebitda": "7236000000", "netIncome": "2310000000"}, {"fiscalDateEnding": "2009-12-31", "reportedCurrency": "USD", "grossProfit": "5727000000", "totalRevenue": "44875000000", "costOfRevenue": "39148000000", "costofGoodsAndServicesSold": "39148000000", "operatingIncome": "1349000000", "sellingGeneralAndAdministrative": "2487000000", "researchAndDevelopment": "1492000000", "operatingExpenses": "4378000000", "investmentIncomeNet": "None", "netInterestIncome": "None", "interestIncome": "None", "interestExpense": "1571000000", "nonInterestIncome": "None", "otherNonOperatingIncome": "None", "depreciation": "None", "depreciationAndAmortization": "399000000", "incomeBeforeTax": "469000000", "incomeTaxExpense": "-97000000", "interestAndDebtExpense": "None", "netIncomeFromContinuingOperations": "None", "comprehensiveIncomeNetOfTax": "None", "ebit": "4467000000", "ebitda": "4866000000", "netIncome": "648000000"}, {"fiscalDateEnding": "2008-12-31", "reportedCurrency": "USD", "grossProfit": "5495000000", "totalRevenue": "57514000000", "costOfRevenue": "52019000000", "costofGoodsAndServicesSold": "52019000000", "operatingIncome": "2124000000", "sellingGeneralAndAdministrative": "1969000000", "researchAndDevelopment": "1310000000", "operatingExpenses": "5387000000", "investmentIncomeNet": "None", "netInterestIncome": "None", "interestIncome": "None", "interestExpense": "648000000", "nonInterestIncome": "None", "otherNonOperatingIncome": "None", "depreciation": "None", "depreciationAndAmortization": "2108000000", "incomeBeforeTax": "1321000000", "incomeTaxExpense": "667000000", "interestAndDebtExpense": "None", "netIncomeFromContinuingOperations": "None", "comprehensiveIncomeNetOfTax": "None", "ebit": "2052000000", "ebitda": "4160000000", "netIncome": "579000000"}, {"fiscalDateEnding": "2007-12-31", "reportedCurrency": "USD", "grossProfit": "7113000000", "totalRevenue": "53513000000", "costOfRevenue": "46400000000", "costofGoodsAndServicesSold": "46400000000", "operatingIncome": "3872000000", "sellingGeneralAndAdministrative": "1864000000", "researchAndDevelopment": "1305000000", "operatingExpenses": "3241000000", "investmentIncomeNet": "None", "netInterestIncome": "None", "interestIncome": "None", "interestExpense": "584000000", "nonInterestIncome": "None", "otherNonOperatingIncome": "None", "depreciation": "None", "depreciationAndAmortization": "2190000000", "incomeBeforeTax": "4229000000", "incomeTaxExpense": "1244000000", "interestAndDebtExpense": "None", "netIncomeFromContinuingOperations": "None", "comprehensiveIncomeNetOfTax": "None", "ebit": "4823000000", "ebitda": "7013000000", "netIncome": "2887000000"}, {"fiscalDateEnding": "2006-12-31", "reportedCurrency": "USD", "grossProfit": "7598000000", "totalRevenue": "49124000000", "costOfRevenue": "41526000000", "costofGoodsAndServicesSold": "41526000000", "operatingIncome": "4721000000", "sellingGeneralAndAdministrative": "1663000000", "researchAndDevelopment": "1164000000", "operatingExpenses": "2877000000", "investmentIncomeNet": "None", "netInterestIncome": "None", "interestIncome": "None", "interestExpense": "0", "nonInterestIncome": "None", "otherNonOperatingIncome": "None", "depreciation": "None", "depreciationAndAmortization": "2074000000", "incomeBeforeTax": "4972000000", "incomeTaxExpense": "1155000000", "interestAndDebtExpense": "None", "netIncomeFromContinuingOperations": "None", "comprehensiveIncomeNetOfTax": "None", "ebit": "4721000000", "ebitda": "6795000000", "netIncome": "3724000000"}, {"fiscalDateEnding": "2005-12-31", "reportedCurrency": "USD", "grossProfit": "8031000000", "totalRevenue": "46307000000", "costOfRevenue": "38276000000", "costofGoodsAndServicesSold": "38276000000", "operatingIncome": "5358000000", "sellingGeneralAndAdministrative": "1545000000", "researchAndDevelopment": "1073000000", "operatingExpenses": "2673000000", "investmentIncomeNet": "None", "netInterestIncome": "None", "interestIncome": "None", "interestExpense": "0", "nonInterestIncome": "None", "otherNonOperatingIncome": "None", "depreciation": "None", "depreciationAndAmortization": "2079000000", "incomeBeforeTax": "6399000000", "incomeTaxExpense": "1782000000", "interestAndDebtExpense": "None", "netIncomeFromContinuingOperations": "None", "comprehensiveIncomeNetOfTax": "None", "ebit": "5358000000", "ebitda": "7437000000", "netIncome": "4515000000"}], "quarterlyReports": [{"fiscalDateEnding": "2024-12-31", "reportedCurrency": "USD", "grossProfit": "1125000000", "totalRevenue": "3092000000", "costOfRevenue": "1967000000", "costofGoodsAndServicesSold": "1967000000", "operatingIncome": "478000000", "sellingGeneralAndAdministrative": "792000000", "researchAndDevelopment": "128000000", "operatingExpenses": "647000000", "investmentIncomeNet": "None", "netInterestIncome": "-66000000", "interestIncome": "18000000", "interestExpense": "84000000", "nonInterestIncome": "None", "otherNonOperatingIncome": "None", "depreciation": "None", "depreciationAndAmortization": "299000000", "incomeBeforeTax": "43000000", "incomeTaxExpense": "104000000", "interestAndDebtExpense": "None", "netIncomeFromContinuingOperations": "-61000000", "comprehensiveIncomeNetOfTax": "None", "ebit": "24000000", "ebitda": "323000000", "netIncome": "-43000000"}, {"fiscalDateEnding": "2024-09-30", "reportedCurrency": "USD", "grossProfit": "1045000000", "totalRevenue": "3192000000", "costOfRevenue": "2147000000", "costofGoodsAndServicesSold": "2147000000", "operatingIncome": "524000000", "sellingGeneralAndAdministrative": "387000000", "researchAndDevelopment": "134000000", "operatingExpenses": "521000000", "investmentIncomeNet": "None", "netInterestIncome": "-73000000", "interestIncome": "14000000", "interestExpense": "87000000", "nonInterestIncome": "None", "otherNonOperatingIncome": "None", "depreciation": "None", "depreciationAndAmortization": "306000000", "incomeBeforeTax": "586000000", "incomeTaxExpense": "106000000", "interestAndDebtExpense": "None", "netIncomeFromContinuingOperations": "480000000", "comprehensiveIncomeNetOfTax": "None", "ebit": "673000000", "ebitda": "979000000", "netIncome": "454000000"}, {"fiscalDateEnding": "2024-06-30", "reportedCurrency": "USD", "grossProfit": "1024000000", "totalRevenue": "3171000000", "costOfRevenue": "2147000000", "costofGoodsAndServicesSold": "2147000000", "operatingIncome": "472000000", "sellingGeneralAndAdministrative": "415000000", "researchAndDevelopment": "134000000", "operatingExpenses": "552000000", "investmentIncomeNet": "None", "netInterestIncome": "-78000000", "interestIncome": "21000000", "interestExpense": "99000000", "nonInterestIncome": "None", "otherNonOperatingIncome": "None", "depreciation": "None", "depreciationAndAmortization": "298000000", "incomeBeforeTax": "296000000", "incomeTaxExpense": "120000000", "interestAndDebtExpense": "None", "netIncomeFromContinuingOperations": "176000000", "comprehensiveIncomeNetOfTax": "None", "ebit": "395000000", "ebitda": "693000000", "netIncome": "178000000"}, {"fiscalDateEnding": "2024-03-31", "reportedCurrency": "USD", "grossProfit": "864000000", "totalRevenue": "2931000000", "costOfRevenue": "2067000000", "costofGoodsAndServicesSold": "2067000000", "operatingIncome": "355000000", "sellingGeneralAndAdministrative": "384000000", "researchAndDevelopment": "125000000", "operatingExpenses": "509000000", "investmentIncomeNet": "None", "netInterestIncome": "-76000000", "interestIncome": "20000000", "interestExpense": "96000000", "nonInterestIncome": "None", "otherNonOperatingIncome": "None", "depreciation": "None", "depreciationAndAmortization": "291000000", "incomeBeforeTax": "267000000", "incomeTaxExpense": "84000000", "interestAndDebtExpense": "None", "netIncomeFromContinuingOperations": "183000000", "comprehensiveIncomeNetOfTax": "None", "ebit": "363000000", "ebitda": "654000000", "netIncome": "189000000"}, {"fiscalDateEnding": "2023-12-31", "reportedCurrency": "USD", "grossProfit": "878000000", "totalRevenue": "2898000000", "costOfRevenue": "2020000000", "costofGoodsAndServicesSold": "2020000000", "operatingIncome": "400000000", "sellingGeneralAndAdministrative": "359000000", "researchAndDevelopment": "128000000", "operatingExpenses": "478000000", "investmentIncomeNet": "None", "netInterestIncome": "-78000000", "interestIncome": "23000000", "interestExpense": "101000000", "nonInterestIncome": "None", "otherNonOperatingIncome": "None", "depreciation": "None", "depreciationAndAmortization": "294000000", "incomeBeforeTax": "-616000000", "incomeTaxExpense": "-316000000", "interestAndDebtExpense": "None", "netIncomeFromContinuingOperations": "-300000000", "comprehensiveIncomeNetOfTax": "None", "ebit": "-515000000", "ebitda": "-221000000", "netIncome": "-22000000"}, {"fiscalDateEnding": "2023-09-30", "reportedCurrency": "USD", "grossProfit": "1363000000", "totalRevenue": "3317000000", "costOfRevenue": "1954000000", "costofGoodsAndServicesSold": "1954000000", "operatingIncome": "17000000", "sellingGeneralAndAdministrative": "360000000", "researchAndDevelopment": "129000000", "operatingExpenses": "485000000", "investmentIncomeNet": "None", "netInterestIncome": "-102000000", "interestIncome": "40000000", "interestExpense": "128000000", "nonInterestIncome": "None", "otherNonOperatingIncome": "None", "depreciation": "None", "depreciationAndAmortization": "294000000", "incomeBeforeTax": "498000000", "incomeTaxExpense": "139000000", "interestAndDebtExpense": "None", "netIncomeFromContinuingOperations": "291000000", "comprehensiveIncomeNetOfTax": "None", "ebit": "458000000", "ebitda": "752000000", "netIncome": "319000000"}, {"fiscalDateEnding": "2023-06-30", "reportedCurrency": "USD", "grossProfit": "1064000000", "totalRevenue": "3094000000", "costOfRevenue": "2030000000", "costofGoodsAndServicesSold": "2030000000", "operatingIncome": "-386000000", "sellingGeneralAndAdministrative": "358000000", "researchAndDevelopment": "125000000", "operatingExpenses": "629000000", "investmentIncomeNet": "None", "netInterestIncome": "-98000000", "interestIncome": "84000000", "interestExpense": "98000000", "nonInterestIncome": "None", "otherNonOperatingIncome": "42000000", "depreciation": "None", "depreciationAndAmortization": "282000000", "incomeBeforeTax": "356000000", "incomeTaxExpense": "87000000", "interestAndDebtExpense": "None", "netIncomeFromContinuingOperations": "269000000", "comprehensiveIncomeNetOfTax": "None", "ebit": "433000000", "ebitda": "715000000", "netIncome": "-131000000"}, {"fiscalDateEnding": "2023-03-31", "reportedCurrency": "USD", "grossProfit": "1035000000", "totalRevenue": "3018000000", "costOfRevenue": "1983000000", "costofGoodsAndServicesSold": "1983000000", "operatingIncome": "465000000", "sellingGeneralAndAdministrative": "342000000", "researchAndDevelopment": "127000000", "operatingExpenses": "614000000", "investmentIncomeNet": "None", "netInterestIncome": "-95000000", "interestIncome": "54000000", "interestExpense": "95000000", "nonInterestIncome": "None", "otherNonOperatingIncome": "44000000", "depreciation": "None", "depreciationAndAmortization": "277000000", "incomeBeforeTax": "356000000", "incomeTaxExpense": "83000000", "interestAndDebtExpense": "None", "netIncomeFromContinuingOperations": "273000000", "comprehensiveIncomeNetOfTax": "None", "ebit": "419000000", "ebitda": "696000000", "netIncome": "257000000"}, {"fiscalDateEnding": "2022-12-31", "reportedCurrency": "USD", "grossProfit": "1056000000", "totalRevenue": "3104000000", "costOfRevenue": "2048000000", "costofGoodsAndServicesSold": "2048000000", "operatingIncome": "534000000", "sellingGeneralAndAdministrative": "337000000", "researchAndDevelopment": "123000000", "operatingExpenses": "603000000", "investmentIncomeNet": "None", "netInterestIncome": "-122000000", "interestIncome": "109000000", "interestExpense": "122000000", "nonInterestIncome": "None", "otherNonOperatingIncome": "81000000", "depreciation": "None", "depreciationAndAmortization": "274000000", "incomeBeforeTax": "193000000", "incomeTaxExpense": "88000000", "interestAndDebtExpense": "None", "netIncomeFromContinuingOperations": "105000000", "comprehensiveIncomeNetOfTax": "None", "ebit": "461000000", "ebitda": "735000000", "netIncome": "105000000"}, {"fiscalDateEnding": "2022-09-30", "reportedCurrency": "USD", "grossProfit": "1222000000", "totalRevenue": "3317000000", "costOfRevenue": "2095000000", "costofGoodsAndServicesSold": "2095000000", "operatingIncome": "622000000", "sellingGeneralAndAdministrative": "356000000", "researchAndDevelopment": "129000000", "operatingExpenses": "631000000", "investmentIncomeNet": "None", "netInterestIncome": "-123000000", "interestIncome": "102000000", "interestExpense": "128000000", "nonInterestIncome": "None", "otherNonOperatingIncome": "42000000", "depreciation": "None", "depreciationAndAmortization": "283000000", "incomeBeforeTax": "498000000", "incomeTaxExpense": "139000000", "interestAndDebtExpense": "None", "netIncomeFromContinuingOperations": "359000000", "comprehensiveIncomeNetOfTax": "None", "ebit": "598000000", "ebitda": "881000000", "netIncome": "367000000"}, {"fiscalDateEnding": "2022-06-30", "reportedCurrency": "USD", "grossProfit": "1173000000", "totalRevenue": "3322000000", "costOfRevenue": "2149000000", "costofGoodsAndServicesSold": "2149000000", "operatingIncome": "613000000", "sellingGeneralAndAdministrative": "385000000", "researchAndDevelopment": "141000000", "operatingExpenses": "674000000", "investmentIncomeNet": "None", "netInterestIncome": "-122000000", "interestIncome": "2000000", "interestExpense": "122000000", "nonInterestIncome": "None", "otherNonOperatingIncome": "114000000", "depreciation": "None", "depreciationAndAmortization": "281000000", "incomeBeforeTax": "478000000", "incomeTaxExpense": "113000000", "interestAndDebtExpense": "None", "netIncomeFromContinuingOperations": "365000000", "comprehensiveIncomeNetOfTax": "None", "ebit": "505000000", "ebitda": "786000000", "netIncome": "365000000"}, {"fiscalDateEnding": "2022-03-31", "reportedCurrency": "USD", "grossProfit": "1164000000", "totalRevenue": "3274000000", "costOfRevenue": "2110000000", "costofGoodsAndServicesSold": "2110000000", "operatingIncome": "508000000", "sellingGeneralAndAdministrative": "389000000", "researchAndDevelopment": "143000000", "operatingExpenses": "685000000", "investmentIncomeNet": "None", "netInterestIncome": "-120000000", "interestIncome": "1000000", "interestExpense": "120000000", "nonInterestIncome": "None", "otherNonOperatingIncome": "29000000", "depreciation": "None", "depreciationAndAmortization": "297000000", "incomeBeforeTax": "279000000", "incomeTaxExpense": "47000000", "interestAndDebtExpense": "None", "netIncomeFromContinuingOperations": "232000000", "comprehensiveIncomeNetOfTax": "None", "ebit": "486000000", "ebitda": "783000000", "netIncome": "232000000"}, {"fiscalDateEnding": "2021-12-31", "reportedCurrency": "USD", "grossProfit": "1127000000", "totalRevenue": "3246000000", "costOfRevenue": "2119000000", "costofGoodsAndServicesSold": "2119000000", "operatingIncome": "456000000", "sellingGeneralAndAdministrative": "465000000", "researchAndDevelopment": "148000000", "operatingExpenses": "705000000", "investmentIncomeNet": "None", "netInterestIncome": "-135000000", "interestIncome": "153000000", "interestExpense": "135000000", "nonInterestIncome": "None", "otherNonOperatingIncome": "11000000", "depreciation": "None", "depreciationAndAmortization": "364000000", "incomeBeforeTax": "232000000", "incomeTaxExpense": "65000000", "interestAndDebtExpense": "None", "netIncomeFromContinuingOperations": "266000000", "comprehensiveIncomeNetOfTax": "None", "ebit": "485000000", "ebitda": "849000000", "netIncome": "149000000"}, {"fiscalDateEnding": "2021-09-30", "reportedCurrency": "USD", "grossProfit": "1493000000", "totalRevenue": "4271000000", "costOfRevenue": "2778000000", "costofGoodsAndServicesSold": "2778000000", "operatingIncome": "670000000", "sellingGeneralAndAdministrative": "475000000", "researchAndDevelopment": "152000000", "operatingExpenses": "823000000", "investmentIncomeNet": "None", "netInterestIncome": "-115000000", "interestIncome": "90000000", "interestExpense": "115000000", "nonInterestIncome": "None", "otherNonOperatingIncome": "33000000", "depreciation": "None", "depreciationAndAmortization": "370000000", "incomeBeforeTax": "558000000", "incomeTaxExpense": "125000000", "interestAndDebtExpense": "None", "netIncomeFromContinuingOperations": "433000000", "comprehensiveIncomeNetOfTax": "None", "ebit": "673000000", "ebitda": "1043000000", "netIncome": "391000000"}, {"fiscalDateEnding": "2021-06-30", "reportedCurrency": "USD", "grossProfit": "1480000000", "totalRevenue": "4135000000", "costOfRevenue": "2655000000", "costofGoodsAndServicesSold": "2655000000", "operatingIncome": "579000000", "sellingGeneralAndAdministrative": "459000000", "researchAndDevelopment": "148000000", "operatingExpenses": "774000000", "investmentIncomeNet": "None", "netInterestIncome": "-129000000", "interestIncome": "110000000", "interestExpense": "129000000", "nonInterestIncome": "None", "otherNonOperatingIncome": "171000000", "depreciation": "None", "depreciationAndAmortization": "333000000", "incomeBeforeTax": "715000000", "incomeTaxExpense": "151000000", "interestAndDebtExpense": "None", "netIncomeFromContinuingOperations": "564000000", "comprehensiveIncomeNetOfTax": "None", "ebit": "844000000", "ebitda": "1177000000", "netIncome": "478000000"}, {"fiscalDateEnding": "2021-03-31", "reportedCurrency": "USD", "grossProfit": "1464000000", "totalRevenue": "3976000000", "costOfRevenue": "2512000000", "costofGoodsAndServicesSold": "2512000000", "operatingIncome": "541000000", "sellingGeneralAndAdministrative": "456000000", "researchAndDevelopment": "156000000", "operatingExpenses": "779000000", "investmentIncomeNet": "None", "netInterestIncome": "-144000000", "interestIncome": "127000000", "interestExpense": "146000000", "nonInterestIncome": "None", "otherNonOperatingIncome": "42000000", "depreciation": "None", "depreciationAndAmortization": "328000000", "incomeBeforeTax": "573000000", "incomeTaxExpense": "32000000", "interestAndDebtExpense": "None", "netIncomeFromContinuingOperations": "541000000", "comprehensiveIncomeNetOfTax": "None", "ebit": "719000000", "ebitda": "1047000000", "netIncome": "5394000000"}, {"fiscalDateEnding": "2020-12-31", "reportedCurrency": "USD", "grossProfit": "1731000000", "totalRevenue": "5252000000", "costOfRevenue": "3521000000", "costofGoodsAndServicesSold": "3521000000", "operatingIncome": "450000000", "sellingGeneralAndAdministrative": "537000000", "researchAndDevelopment": "216000000", "operatingExpenses": "1281000000", "investmentIncomeNet": "None", "netInterestIncome": "-194000000", "interestIncome": "175000000", "interestExpense": "194000000", "nonInterestIncome": "None", "otherNonOperatingIncome": "67000000", "depreciation": "None", "depreciationAndAmortization": "768000000", "incomeBeforeTax": "156000000", "incomeTaxExpense": "-123000000", "interestAndDebtExpense": "None", "netIncomeFromContinuingOperations": "279000000", "comprehensiveIncomeNetOfTax": "None", "ebit": "350000000", "ebitda": "1118000000", "netIncome": "222000000"}, {"fiscalDateEnding": "2020-09-30", "reportedCurrency": "USD", "grossProfit": "1704000000", "totalRevenue": "5096000000", "costOfRevenue": "3392000000", "costofGoodsAndServicesSold": "3392000000", "operatingIncome": "451000000", "sellingGeneralAndAdministrative": "524000000", "researchAndDevelopment": "199000000", "operatingExpenses": "1253000000", "investmentIncomeNet": "None", "netInterestIncome": "-194000000", "interestIncome": "174000000", "interestExpense": "197000000", "nonInterestIncome": "None", "otherNonOperatingIncome": "460000000", "depreciation": "None", "depreciationAndAmortization": "780000000", "incomeBeforeTax": "20000000", "incomeTaxExpense": "92000000", "interestAndDebtExpense": "None", "netIncomeFromContinuingOperations": "-72000000", "comprehensiveIncomeNetOfTax": "None", "ebit": "217000000", "ebitda": "997000000", "netIncome": "-79000000"}, {"fiscalDateEnding": "2020-06-30", "reportedCurrency": "USD", "grossProfit": "1537000000", "totalRevenue": "4828000000", "costOfRevenue": "3291000000", "costofGoodsAndServicesSold": "3291000000", "operatingIncome": "259000000", "sellingGeneralAndAdministrative": "541000000", "researchAndDevelopment": "209000000", "operatingExpenses": "1278000000", "investmentIncomeNet": "None", "netInterestIncome": "-191000000", "interestIncome": "111000000", "interestExpense": "193000000", "nonInterestIncome": "None", "otherNonOperatingIncome": "89000000", "depreciation": "None", "depreciationAndAmortization": "528000000", "incomeBeforeTax": "-2507000000", "incomeTaxExpense": "-36000000", "interestAndDebtExpense": "None", "netIncomeFromContinuingOperations": "-2471000000", "comprehensiveIncomeNetOfTax": "None", "ebit": "-2068000000", "ebitda": "-1540000000", "netIncome": "-2478000000"}, {"fiscalDateEnding": "2020-03-31", "reportedCurrency": "USD", "grossProfit": "1903000000", "totalRevenue": "5221000000", "costOfRevenue": "3318000000", "costofGoodsAndServicesSold": "3318000000", "operatingIncome": "501000000", "sellingGeneralAndAdministrative": "633000000", "researchAndDevelopment": "236000000", "operatingExpenses": "1402000000", "investmentIncomeNet": "None", "netInterestIncome": "-181000000", "interestIncome": "150000000", "interestExpense": "183000000", "nonInterestIncome": "None", "otherNonOperatingIncome": "250000000", "depreciation": "None", "depreciationAndAmortization": "772000000", "incomeBeforeTax": "-566000000", "incomeTaxExpense": "44000000", "interestAndDebtExpense": "None", "netIncomeFromContinuingOperations": "-610000000", "comprehensiveIncomeNetOfTax": "None", "ebit": "-383000000", "ebitda": "389000000", "netIncome": "-616000000"}, {"fiscalDateEnding": "2019-12-31", "reportedCurrency": "USD", "grossProfit": "1796000000", "totalRevenue": "5204000000", "costOfRevenue": "3408000000", "costofGoodsAndServicesSold": "3408000000", "operatingIncome": "620000000", "sellingGeneralAndAdministrative": "650000000", "researchAndDevelopment": "231000000", "operatingExpenses": "1176000000", "investmentIncomeNet": "None", "netInterestIncome": "-170000000", "interestIncome": "227000000", "interestExpense": "175000000", "nonInterestIncome": "None", "otherNonOperatingIncome": "None", "depreciation": "None", "depreciationAndAmortization": "295000000", "incomeBeforeTax": "189000000", "incomeTaxExpense": "-2000000", "interestAndDebtExpense": "None", "netIncomeFromContinuingOperations": "191000000", "comprehensiveIncomeNetOfTax": "None", "ebit": "1125000000", "ebitda": "1420000000", "netIncome": "176000000"}, {"fiscalDateEnding": "2019-09-30", "reportedCurrency": "USD", "grossProfit": "1895000000", "totalRevenue": "5426000000", "costOfRevenue": "3531000000", "costofGoodsAndServicesSold": "3531000000", "operatingIncome": "778000000", "sellingGeneralAndAdministrative": "645000000", "researchAndDevelopment": "225000000", "operatingExpenses": "1117000000", "investmentIncomeNet": "None", "netInterestIncome": "-176000000", "interestIncome": "156000000", "interestExpense": "177000000", "nonInterestIncome": "None", "otherNonOperatingIncome": "122000000", "depreciation": "None", "depreciationAndAmortization": "499000000", "incomeBeforeTax": "450000000", "incomeTaxExpense": "78000000", "interestAndDebtExpense": "None", "netIncomeFromContinuingOperations": "372000000", "comprehensiveIncomeNetOfTax": "None", "ebit": "799000000", "ebitda": "1298000000", "netIncome": "372000000"}, {"fiscalDateEnding": "2019-06-30", "reportedCurrency": "USD", "grossProfit": "1972000000", "totalRevenue": "5468000000", "costOfRevenue": "3496000000", "costofGoodsAndServicesSold": "3496000000", "operatingIncome": "846000000", "sellingGeneralAndAdministrative": "642000000", "researchAndDevelopment": "232000000", "operatingExpenses": "1126000000", "investmentIncomeNet": "None", "netInterestIncome": "-156000000", "interestIncome": "124000000", "interestExpense": "165000000", "nonInterestIncome": "None", "otherNonOperatingIncome": "30000000", "depreciation": "None", "depreciationAndAmortization": "252000000", "incomeBeforeTax": "-948000000", "incomeTaxExpense": "155000000", "interestAndDebtExpense": "None", "netIncomeFromContinuingOperations": "-1103000000", "comprehensiveIncomeNetOfTax": "None", "ebit": "-528000000", "ebitda": "-276000000", "netIncome": "-571000000"}, {"fiscalDateEnding": "2019-03-31", "reportedCurrency": "USD", "grossProfit": "4923000000", "totalRevenue": "19649000000", "costOfRevenue": "14726000000", "costofGoodsAndServicesSold": "14726000000", "operatingIncome": "2060000000", "sellingGeneralAndAdministrative": "1672000000", "researchAndDevelopment": "717000000", "operatingExpenses": "2863000000", "investmentIncomeNet": "None", "netInterestIncome": "-454000000", "interestIncome": "132000000", "interestExpense": "454000000", "nonInterestIncome": "None", "otherNonOperatingIncome": "274000000", "depreciation": "None", "depreciationAndAmortization": "474000000", "incomeBeforeTax": "780000000", "incomeTaxExpense": "209000000", "interestAndDebtExpense": "None", "netIncomeFromContinuingOperations": "571000000", "comprehensiveIncomeNetOfTax": "None", "ebit": "-473770000", "ebitda": "230000", "netIncome": "520000000"}, {"fiscalDateEnding": "2018-12-31", "reportedCurrency": "USD", "grossProfit": "4532000000", "totalRevenue": "20099000000", "costOfRevenue": "15567000000", "costofGoodsAndServicesSold": "15567000000", "operatingIncome": "1738000000", "sellingGeneralAndAdministrative": "1566000000", "researchAndDevelopment": "749000000", "operatingExpenses": "2794000000", "investmentIncomeNet": "None", "netInterestIncome": "None", "interestIncome": "None", "interestExpense": "432000000", "nonInterestIncome": "None", "otherNonOperatingIncome": "None", "depreciation": "None", "depreciationAndAmortization": "479000000", "incomeBeforeTax": "728000000", "incomeTaxExpense": "215000000", "interestAndDebtExpense": "None", "netIncomeFromContinuingOperations": "513000000", "comprehensiveIncomeNetOfTax": "None", "ebit": "2149000000", "ebitda": "2628000000", "netIncome": "475000000"}, {"fiscalDateEnding": "2018-09-30", "reportedCurrency": "USD", "grossProfit": "4646000000", "totalRevenue": "20123000000", "costOfRevenue": "15477000000", "costofGoodsAndServicesSold": "15477000000", "operatingIncome": "1948000000", "sellingGeneralAndAdministrative": "1496000000", "researchAndDevelopment": "740000000", "operatingExpenses": "2698000000", "investmentIncomeNet": "None", "netInterestIncome": "None", "interestIncome": "None", "interestExpense": "362000000", "nonInterestIncome": "None", "otherNonOperatingIncome": "None", "depreciation": "None", "depreciationAndAmortization": "462000000", "incomeBeforeTax": "855000000", "incomeTaxExpense": "320000000", "interestAndDebtExpense": "None", "netIncomeFromContinuingOperations": "535000000", "comprehensiveIncomeNetOfTax": "None", "ebit": "2225000000", "ebitda": "2687000000", "netIncome": "497000000"}, {"fiscalDateEnding": "2018-06-30", "reportedCurrency": "USD", "grossProfit": "6271000000", "totalRevenue": "24245000000", "costOfRevenue": "17974000000", "costofGoodsAndServicesSold": "17974000000", "operatingIncome": "3047000000", "sellingGeneralAndAdministrative": "1933000000", "researchAndDevelopment": "803000000", "operatingExpenses": "3224000000", "investmentIncomeNet": "None", "netInterestIncome": "None", "interestIncome": "None", "interestExpense": "360000000", "nonInterestIncome": "None", "otherNonOperatingIncome": "None", "depreciation": "None", "depreciationAndAmortization": "488000000", "incomeBeforeTax": "2368000000", "incomeTaxExpense": "565000000", "interestAndDebtExpense": "None", "netIncomeFromContinuingOperations": "1803000000", "comprehensiveIncomeNetOfTax": "None", "ebit": "3736000000", "ebitda": "4224000000", "netIncome": "1768000000"}, {"fiscalDateEnding": "2018-03-31", "reportedCurrency": "USD", "grossProfit": "5195000000", "totalRevenue": "21510000000", "costOfRevenue": "16315000000", "costofGoodsAndServicesSold": "16315000000", "operatingIncome": "1889000000", "sellingGeneralAndAdministrative": "1714000000", "researchAndDevelopment": "768000000", "operatingExpenses": "2956000000", "investmentIncomeNet": "None", "netInterestIncome": "None", "interestIncome": "None", "interestExpense": "350000000", "nonInterestIncome": "None", "otherNonOperatingIncome": "None", "depreciation": "None", "depreciationAndAmortization": "474000000", "incomeBeforeTax": "1542000000", "incomeTaxExpense": "389000000", "interestAndDebtExpense": "None", "netIncomeFromContinuingOperations": "None", "comprehensiveIncomeNetOfTax": "None", "ebit": "1418000000", "ebitda": "1892000000", "netIncome": "1104000000"}, {"fiscalDateEnding": "2017-12-31", "reportedCurrency": "USD", "grossProfit": "2782000000", "totalRevenue": "20066000000", "costOfRevenue": "17284000000", "costofGoodsAndServicesSold": "17284000000", "operatingIncome": "5000000", "sellingGeneralAndAdministrative": "1553000000", "researchAndDevelopment": "767000000", "operatingExpenses": "2777000000", "investmentIncomeNet": "None", "netInterestIncome": "None", "interestIncome": "None", "interestExpense": "354000000", "nonInterestIncome": "None", "otherNonOperatingIncome": "None", "depreciation": "None", "depreciationAndAmortization": "457000000", "incomeBeforeTax": "-2874000000", "incomeTaxExpense": "-1715000000", "interestAndDebtExpense": "None", "netIncomeFromContinuingOperations": "859000000", "comprehensiveIncomeNetOfTax": "None", "ebit": "-1465000000", "ebitda": "-1008000000", "netIncome": "-1263000000"}, {"fiscalDateEnding": "2017-09-30", "reportedCurrency": "USD", "grossProfit": "3184000000", "totalRevenue": "15354000000", "costOfRevenue": "12170000000", "costofGoodsAndServicesSold": "12170000000", "operatingIncome": "1428000000", "sellingGeneralAndAdministrative": "990000000", "researchAndDevelopment": "522000000", "operatingExpenses": "1756000000", "investmentIncomeNet": "None", "netInterestIncome": "None", "interestIncome": "None", "interestExpense": "283000000", "nonInterestIncome": "None", "otherNonOperatingIncome": "513000000", "depreciation": "None", "depreciationAndAmortization": "244000000", "incomeBeforeTax": "1125000000", "incomeTaxExpense": "571000000", "interestAndDebtExpense": "None", "netIncomeFromContinuingOperations": "554000000", "comprehensiveIncomeNetOfTax": "None", "ebit": "1941000000", "ebitda": "2185000000", "netIncome": "514000000"}, {"fiscalDateEnding": "2017-06-30", "reportedCurrency": "USD", "grossProfit": "3070000000", "totalRevenue": "13834000000", "costOfRevenue": "10764000000", "costofGoodsAndServicesSold": "10764000000", "operatingIncome": "1653000000", "sellingGeneralAndAdministrative": "855000000", "researchAndDevelopment": "405000000", "operatingExpenses": "1417000000", "investmentIncomeNet": "None", "netInterestIncome": "None", "interestIncome": "None", "interestExpense": "226000000", "nonInterestIncome": "None", "otherNonOperatingIncome": "None", "depreciation": "None", "depreciationAndAmortization": "739000000", "incomeBeforeTax": "1814000000", "incomeTaxExpense": "455000000", "interestAndDebtExpense": "None", "netIncomeFromContinuingOperations": "-1817000000", "comprehensiveIncomeNetOfTax": "None", "ebit": "2040000000", "ebitda": "2779000000", "netIncome": "1321000000"}, {"fiscalDateEnding": "2017-03-31", "reportedCurrency": "USD", "grossProfit": "3033000000", "totalRevenue": "13230000000", "costOfRevenue": "10197000000", "costofGoodsAndServicesSold": "10197000000", "operatingIncome": "1595000000", "sellingGeneralAndAdministrative": "867000000", "researchAndDevelopment": "416000000", "operatingExpenses": "1438000000", "investmentIncomeNet": "None", "netInterestIncome": "None", "interestIncome": "None", "interestExpense": "219000000", "nonInterestIncome": "None", "otherNonOperatingIncome": "None", "depreciation": "None", "depreciationAndAmortization": "778000000", "incomeBeforeTax": "1128000000", "incomeTaxExpense": "213000000", "interestAndDebtExpense": "None", "netIncomeFromContinuingOperations": "1338000000", "comprehensiveIncomeNetOfTax": "None", "ebit": "1347000000", "ebitda": "2125000000", "netIncome": "888000000"}, {"fiscalDateEnding": "2016-12-31", "reportedCurrency": "USD", "grossProfit": "2446000000", "totalRevenue": "13020000000", "costOfRevenue": "10574000000", "costofGoodsAndServicesSold": "10574000000", "operatingIncome": "953000000", "sellingGeneralAndAdministrative": "911000000", "researchAndDevelopment": "425000000", "operatingExpenses": "1493000000", "investmentIncomeNet": "None", "netInterestIncome": "None", "interestIncome": "None", "interestExpense": "229000000", "nonInterestIncome": "None", "otherNonOperatingIncome": "None", "depreciation": "None", "depreciationAndAmortization": "157000000", "incomeBeforeTax": "-198000000", "incomeTaxExpense": "-282000000", "interestAndDebtExpense": "None", "netIncomeFromContinuingOperations": "3535000000", "comprehensiveIncomeNetOfTax": "None", "ebit": "621000000", "ebitda": "778000000", "netIncome": "52000000"}, {"fiscalDateEnding": "2016-09-30", "reportedCurrency": "USD", "grossProfit": "2642000000", "totalRevenue": "12483000000", "costOfRevenue": "9841000000", "costofGoodsAndServicesSold": "9841000000", "operatingIncome": "1217000000", "sellingGeneralAndAdministrative": "864000000", "researchAndDevelopment": "399000000", "operatingExpenses": "1425000000", "investmentIncomeNet": "None", "netInterestIncome": "None", "interestIncome": "None", "interestExpense": "220000000", "nonInterestIncome": "None", "otherNonOperatingIncome": "None", "depreciation": "None", "depreciationAndAmortization": "162000000", "incomeBeforeTax": "1089000000", "incomeTaxExpense": "271000000", "interestAndDebtExpense": "None", "netIncomeFromContinuingOperations": "-2041000000", "comprehensiveIncomeNetOfTax": "None", "ebit": "1927000000", "ebitda": "2089000000", "netIncome": "804000000"}, {"fiscalDateEnding": "2016-06-30", "reportedCurrency": "USD", "grossProfit": "2677000000", "totalRevenue": "11952000000", "costOfRevenue": "9275000000", "costofGoodsAndServicesSold": "9275000000", "operatingIncome": "1369000000", "sellingGeneralAndAdministrative": "787000000", "researchAndDevelopment": "399000000", "operatingExpenses": "1308000000", "investmentIncomeNet": "None", "netInterestIncome": "None", "interestIncome": "None", "interestExpense": "208000000", "nonInterestIncome": "None", "otherNonOperatingIncome": "None", "depreciation": "None", "depreciationAndAmortization": "122000000", "incomeBeforeTax": "3357000000", "incomeTaxExpense": "130000000", "interestAndDebtExpense": "None", "netIncomeFromContinuingOperations": "1027000000", "comprehensiveIncomeNetOfTax": "None", "ebit": "4123000000", "ebitda": "4245000000", "netIncome": "3208000000"}, {"fiscalDateEnding": "2016-03-31", "reportedCurrency": "USD", "grossProfit": "2752000000", "totalRevenue": "10703000000", "costOfRevenue": "7951000000", "costofGoodsAndServicesSold": "7951000000", "operatingIncome": "1546000000", "sellingGeneralAndAdministrative": "742000000", "researchAndDevelopment": "361000000", "operatingExpenses": "1206000000", "investmentIncomeNet": "None", "netInterestIncome": "None", "interestIncome": "None", "interestExpense": "201000000", "nonInterestIncome": "None", "otherNonOperatingIncome": "None", "depreciation": "None", "depreciationAndAmortization": "103000000", "incomeBeforeTax": "165000000", "incomeTaxExpense": "-110000000", "interestAndDebtExpense": "None", "netIncomeFromContinuingOperations": "0", "comprehensiveIncomeNetOfTax": "None", "ebit": "870000000", "ebitda": "973000000", "netIncome": "254000000"}, {"fiscalDateEnding": "2015-12-31", "reportedCurrency": "USD", "grossProfit": "2656000000", "totalRevenue": "11462000000", "costOfRevenue": "8806000000", "costofGoodsAndServicesSold": "8806000000", "operatingIncome": "1392000000", "sellingGeneralAndAdministrative": "757000000", "researchAndDevelopment": "404000000", "operatingExpenses": "1264000000", "investmentIncomeNet": "None", "netInterestIncome": "None", "interestIncome": "None", "interestExpense": "240000000", "nonInterestIncome": "None", "otherNonOperatingIncome": "None", "depreciation": "None", "depreciationAndAmortization": "103000000", "incomeBeforeTax": "4148000000", "incomeTaxExpense": "517000000", "interestAndDebtExpense": "None", "netIncomeFromContinuingOperations": "1895000000", "comprehensiveIncomeNetOfTax": "None", "ebit": "4885000000", "ebitda": "4988000000", "netIncome": "3612000000"}, {"fiscalDateEnding": "2015-09-30", "reportedCurrency": "USD", "grossProfit": "2687000000", "totalRevenue": "12036000000", "costOfRevenue": "9349000000", "costofGoodsAndServicesSold": "9349000000", "operatingIncome": "1511000000", "sellingGeneralAndAdministrative": "689000000", "researchAndDevelopment": "382000000", "operatingExpenses": "1176000000", "investmentIncomeNet": "None", "netInterestIncome": "None", "interestIncome": "None", "interestExpense": "233000000", "nonInterestIncome": "None", "otherNonOperatingIncome": "None", "depreciation": "None", "depreciationAndAmortization": "105000000", "incomeBeforeTax": "2063000000", "incomeTaxExpense": "627000000", "interestAndDebtExpense": "None", "netIncomeFromContinuingOperations": "0", "comprehensiveIncomeNetOfTax": "None", "ebit": "2296000000", "ebitda": "2401000000", "netIncome": "1375000000"}, {"fiscalDateEnding": "2015-06-30", "reportedCurrency": "USD", "grossProfit": "2764000000", "totalRevenue": "12910000000", "costOfRevenue": "10146000000", "costofGoodsAndServicesSold": "10146000000", "operatingIncome": "1453000000", "sellingGeneralAndAdministrative": "773000000", "researchAndDevelopment": "429000000", "operatingExpenses": "1311000000", "investmentIncomeNet": "None", "netInterestIncome": "None", "interestIncome": "None", "interestExpense": "232000000", "nonInterestIncome": "None", "otherNonOperatingIncome": "None", "depreciation": "None", "depreciationAndAmortization": "109000000", "incomeBeforeTax": "1514000000", "incomeTaxExpense": "317000000", "interestAndDebtExpense": "None", "netIncomeFromContinuingOperations": "0", "comprehensiveIncomeNetOfTax": "None", "ebit": "2121000000", "ebitda": "2230000000", "netIncome": "1220000000"}, {"fiscalDateEnding": "2015-03-31", "reportedCurrency": "USD", "grossProfit": "2835000000", "totalRevenue": "12370000000", "costOfRevenue": "9535000000", "costofGoodsAndServicesSold": "9535000000", "operatingIncome": "1598000000", "sellingGeneralAndAdministrative": "752000000", "researchAndDevelopment": "383000000", "operatingExpenses": "1237000000", "investmentIncomeNet": "None", "netInterestIncome": "None", "interestIncome": "None", "interestExpense": "241000000", "nonInterestIncome": "None", "otherNonOperatingIncome": "None", "depreciation": "None", "depreciationAndAmortization": "102000000", "incomeBeforeTax": "2205000000", "incomeTaxExpense": "686000000", "interestAndDebtExpense": "None", "netIncomeFromContinuingOperations": "0", "comprehensiveIncomeNetOfTax": "None", "ebit": "2446000000", "ebitda": "2548000000", "netIncome": "1478000000"}, {"fiscalDateEnding": "2014-12-31", "reportedCurrency": "USD", "grossProfit": "2773000000", "totalRevenue": "14384000000", "costOfRevenue": "11611000000", "costofGoodsAndServicesSold": "11611000000", "operatingIncome": "1416000000", "sellingGeneralAndAdministrative": "823000000", "researchAndDevelopment": "428000000", "operatingExpenses": "1357000000", "investmentIncomeNet": "None", "netInterestIncome": "None", "interestIncome": "None", "interestExpense": "262000000", "nonInterestIncome": "None", "otherNonOperatingIncome": "None", "depreciation": "None", "depreciationAndAmortization": "106000000", "incomeBeforeTax": "1118000000", "incomeTaxExpense": "279000000", "interestAndDebtExpense": "None", "netIncomeFromContinuingOperations": "3145000000", "comprehensiveIncomeNetOfTax": "None", "ebit": "1966000000", "ebitda": "2072000000", "netIncome": "819000000"}, {"fiscalDateEnding": "2014-09-30", "reportedCurrency": "USD", "grossProfit": "2629000000", "totalRevenue": "14405000000", "costOfRevenue": "11776000000", "costofGoodsAndServicesSold": "11776000000", "operatingIncome": "1359000000", "sellingGeneralAndAdministrative": "753000000", "researchAndDevelopment": "409000000", "operatingExpenses": "1270000000", "investmentIncomeNet": "None", "netInterestIncome": "None", "interestIncome": "None", "interestExpense": "233000000", "nonInterestIncome": "None", "otherNonOperatingIncome": "None", "depreciation": "None", "depreciationAndAmortization": "108000000", "incomeBeforeTax": "1342000000", "incomeTaxExpense": "378000000", "interestAndDebtExpense": "None", "netIncomeFromContinuingOperations": "0", "comprehensiveIncomeNetOfTax": "None", "ebit": "1575000000", "ebitda": "1683000000", "netIncome": "937000000"}, {"fiscalDateEnding": "2014-06-30", "reportedCurrency": "USD", "grossProfit": "2573000000", "totalRevenue": "14917000000", "costOfRevenue": "12344000000", "costofGoodsAndServicesSold": "12344000000", "operatingIncome": "1295000000", "sellingGeneralAndAdministrative": "751000000", "researchAndDevelopment": "419000000", "operatingExpenses": "1278000000", "investmentIncomeNet": "None", "netInterestIncome": "None", "interestIncome": "None", "interestExpense": "242000000", "nonInterestIncome": "None", "otherNonOperatingIncome": "None", "depreciation": "None", "depreciationAndAmortization": "108000000", "incomeBeforeTax": "1314000000", "incomeTaxExpense": "344000000", "interestAndDebtExpense": "None", "netIncomeFromContinuingOperations": "0", "comprehensiveIncomeNetOfTax": "None", "ebit": "1556000000", "ebitda": "1664000000", "netIncome": "967000000"}, {"fiscalDateEnding": "2014-03-31", "reportedCurrency": "USD", "grossProfit": "2728000000", "totalRevenue": "14461000000", "costOfRevenue": "11733000000", "costofGoodsAndServicesSold": "11733000000", "operatingIncome": "1444000000", "sellingGeneralAndAdministrative": "779000000", "researchAndDevelopment": "391000000", "operatingExpenses": "1284000000", "investmentIncomeNet": "None", "netInterestIncome": "None", "interestIncome": "None", "interestExpense": "246000000", "nonInterestIncome": "None", "otherNonOperatingIncome": "None", "depreciation": "None", "depreciationAndAmortization": "114000000", "incomeBeforeTax": "1491000000", "incomeTaxExpense": "425000000", "interestAndDebtExpense": "None", "netIncomeFromContinuingOperations": "0", "comprehensiveIncomeNetOfTax": "None", "ebit": "1737000000", "ebitda": "1851000000", "netIncome": "1049000000"}, {"fiscalDateEnding": "2013-12-31", "reportedCurrency": "USD", "grossProfit": "2318000000", "totalRevenue": "14386000000", "costOfRevenue": "12068000000", "costofGoodsAndServicesSold": "12068000000", "operatingIncome": "886000000", "sellingGeneralAndAdministrative": "838000000", "researchAndDevelopment": "477000000", "operatingExpenses": "1432000000", "investmentIncomeNet": "None", "netInterestIncome": "None", "interestIncome": "None", "interestExpense": "262000000", "nonInterestIncome": "None", "otherNonOperatingIncome": "None", "depreciation": "None", "depreciationAndAmortization": "117000000", "incomeBeforeTax": "1386000000", "incomeTaxExpense": "358000000", "interestAndDebtExpense": "None", "netIncomeFromContinuingOperations": "0", "comprehensiveIncomeNetOfTax": "None", "ebit": "1626000000", "ebitda": "1743000000", "netIncome": "1048000000"}, {"fiscalDateEnding": "2013-09-30", "reportedCurrency": "USD", "grossProfit": "2018000000", "totalRevenue": "13734000000", "costOfRevenue": "11716000000", "costofGoodsAndServicesSold": "11716000000", "operatingIncome": "788000000", "sellingGeneralAndAdministrative": "698000000", "researchAndDevelopment": "418000000", "operatingExpenses": "1230000000", "investmentIncomeNet": "None", "netInterestIncome": "None", "interestIncome": "None", "interestExpense": "264000000", "nonInterestIncome": "None", "otherNonOperatingIncome": "None", "depreciation": "None", "depreciationAndAmortization": "114000000", "incomeBeforeTax": "916000000", "incomeTaxExpense": "231000000", "interestAndDebtExpense": "None", "netIncomeFromContinuingOperations": "0", "comprehensiveIncomeNetOfTax": "None", "ebit": "1180000000", "ebitda": "1294000000", "netIncome": "679000000"}, {"fiscalDateEnding": "2013-06-30", "reportedCurrency": "USD", "grossProfit": "2474000000", "totalRevenue": "14577000000", "costOfRevenue": "12103000000", "costofGoodsAndServicesSold": "12103000000", "operatingIncome": "1226000000", "sellingGeneralAndAdministrative": "716000000", "researchAndDevelopment": "417000000", "operatingExpenses": "1248000000", "investmentIncomeNet": "None", "netInterestIncome": "None", "interestIncome": "None", "interestExpense": "279000000", "nonInterestIncome": "None", "otherNonOperatingIncome": "None", "depreciation": "None", "depreciationAndAmortization": "115000000", "incomeBeforeTax": "3238000000", "incomeTaxExpense": "795000000", "interestAndDebtExpense": "None", "netIncomeFromContinuingOperations": "0", "comprehensiveIncomeNetOfTax": "None", "ebit": "3517000000", "ebitda": "3632000000", "netIncome": "2425000000"}, {"fiscalDateEnding": "2013-03-31", "reportedCurrency": "USD", "grossProfit": "2676000000", "totalRevenue": "14383000000", "costOfRevenue": "11707000000", "costofGoodsAndServicesSold": "11707000000", "operatingIncome": "1354000000", "sellingGeneralAndAdministrative": "772000000", "researchAndDevelopment": "435000000", "operatingExpenses": "1322000000", "investmentIncomeNet": "None", "netInterestIncome": "None", "interestIncome": "None", "interestExpense": "296000000", "nonInterestIncome": "None", "otherNonOperatingIncome": "None", "depreciation": "None", "depreciationAndAmortization": "115000000", "incomeBeforeTax": "1264000000", "incomeTaxExpense": "604000000", "interestAndDebtExpense": "None", "netIncomeFromContinuingOperations": "0", "comprehensiveIncomeNetOfTax": "None", "ebit": "1560000000", "ebitda": "1675000000", "netIncome": "635000000"}, {"fiscalDateEnding": "2012-12-31", "reportedCurrency": "USD", "grossProfit": "1978000000", "totalRevenue": "13917000000", "costOfRevenue": "11939000000", "costofGoodsAndServicesSold": "11939000000", "operatingIncome": "657000000", "sellingGeneralAndAdministrative": "741000000", "researchAndDevelopment": "463000000", "operatingExpenses": "1321000000", "investmentIncomeNet": "None", "netInterestIncome": "None", "interestIncome": "None", "interestExpense": "310000000", "nonInterestIncome": "None", "otherNonOperatingIncome": "None", "depreciation": "None", "depreciationAndAmortization": "117000000", "incomeBeforeTax": "-850000000", "incomeTaxExpense": "-99000000", "interestAndDebtExpense": "None", "netIncomeFromContinuingOperations": "0", "comprehensiveIncomeNetOfTax": "None", "ebit": "666000000", "ebitda": "783000000", "netIncome": "-631000000"}, {"fiscalDateEnding": "2012-09-30", "reportedCurrency": "USD", "grossProfit": "2269000000", "totalRevenue": "13637000000", "costOfRevenue": "11368000000", "costofGoodsAndServicesSold": "11368000000", "operatingIncome": "979000000", "sellingGeneralAndAdministrative": "739000000", "researchAndDevelopment": "434000000", "operatingExpenses": "1290000000", "investmentIncomeNet": "None", "netInterestIncome": "None", "interestIncome": "None", "interestExpense": "318000000", "nonInterestIncome": "None", "otherNonOperatingIncome": "None", "depreciation": "None", "depreciationAndAmortization": "117000000", "incomeBeforeTax": "825000000", "incomeTaxExpense": "234000000", "interestAndDebtExpense": "None", "netIncomeFromContinuingOperations": "0", "comprehensiveIncomeNetOfTax": "None", "ebit": "1164000000", "ebitda": "1281000000", "netIncome": "582000000"}, {"fiscalDateEnding": "2012-06-30", "reportedCurrency": "USD", "grossProfit": "2313000000", "totalRevenue": "14513000000", "costOfRevenue": "12200000000", "costofGoodsAndServicesSold": "12200000000", "operatingIncome": "1111000000", "sellingGeneralAndAdministrative": "674000000", "researchAndDevelopment": "406000000", "operatingExpenses": "1202000000", "investmentIncomeNet": "None", "netInterestIncome": "None", "interestIncome": "None", "interestExpense": "312000000", "nonInterestIncome": "None", "otherNonOperatingIncome": "None", "depreciation": "None", "depreciationAndAmortization": "122000000", "incomeBeforeTax": "984000000", "incomeTaxExpense": "244000000", "interestAndDebtExpense": "None", "netIncomeFromContinuingOperations": "0", "comprehensiveIncomeNetOfTax": "None", "ebit": "1269000000", "ebitda": "1391000000", "netIncome": "734000000"}, {"fiscalDateEnding": "2012-03-31", "reportedCurrency": "USD", "grossProfit": "2434000000", "totalRevenue": "14719000000", "costOfRevenue": "12285000000", "costofGoodsAndServicesSold": "12285000000", "operatingIncome": "1200000000", "sellingGeneralAndAdministrative": "707000000", "researchAndDevelopment": "405000000", "operatingExpenses": "1234000000", "investmentIncomeNet": "None", "netInterestIncome": "None", "interestIncome": "None", "interestExpense": "329000000", "nonInterestIncome": "None", "otherNonOperatingIncome": "None", "depreciation": "None", "depreciationAndAmortization": "122000000", "incomeBeforeTax": "706000000", "incomeTaxExpense": "186000000", "interestAndDebtExpense": "None", "netIncomeFromContinuingOperations": "0", "comprehensiveIncomeNetOfTax": "None", "ebit": "1592000000", "ebitda": "1714000000", "netIncome": "497000000"}, {"fiscalDateEnding": "2011-12-31", "reportedCurrency": "USD", "grossProfit": "1664000000", "totalRevenue": "14097000000", "costOfRevenue": "12433000000", "costofGoodsAndServicesSold": "12433000000", "operatingIncome": "406000000", "sellingGeneralAndAdministrative": "702000000", "researchAndDevelopment": "433000000", "operatingExpenses": "1258000000", "investmentIncomeNet": "None", "netInterestIncome": "None", "interestIncome": "None", "interestExpense": "331000000", "nonInterestIncome": "None", "otherNonOperatingIncome": "None", "depreciation": "None", "depreciationAndAmortization": "123000000", "incomeBeforeTax": "354000000", "incomeTaxExpense": "271000000", "interestAndDebtExpense": "None", "netIncomeFromContinuingOperations": "0", "comprehensiveIncomeNetOfTax": "None", "ebit": "679000000", "ebitda": "802000000", "netIncome": "65000000"}, {"fiscalDateEnding": "2011-09-30", "reportedCurrency": "USD", "grossProfit": "2181000000", "totalRevenue": "15109000000", "costOfRevenue": "12928000000", "costofGoodsAndServicesSold": "12928000000", "operatingIncome": "963000000", "sellingGeneralAndAdministrative": "691000000", "researchAndDevelopment": "402000000", "operatingExpenses": "1218000000", "investmentIncomeNet": "None", "netInterestIncome": "None", "interestIncome": "None", "interestExpense": "305000000", "nonInterestIncome": "None", "otherNonOperatingIncome": "None", "depreciation": "None", "depreciationAndAmortization": "125000000", "incomeBeforeTax": "1089000000", "incomeTaxExpense": "186000000", "interestAndDebtExpense": "None", "netIncomeFromContinuingOperations": "0", "comprehensiveIncomeNetOfTax": "None", "ebit": "1347000000", "ebitda": "1472000000", "netIncome": "900000000"}, {"fiscalDateEnding": "2011-06-30", "reportedCurrency": "USD", "grossProfit": "2495000000", "totalRevenue": "16046000000", "costOfRevenue": "13551000000", "costofGoodsAndServicesSold": "13551000000", "operatingIncome": "1264000000", "sellingGeneralAndAdministrative": "695000000", "researchAndDevelopment": "411000000", "operatingExpenses": "1231000000", "investmentIncomeNet": "None", "netInterestIncome": "None", "interestIncome": "None", "interestExpense": "328000000", "nonInterestIncome": "None", "otherNonOperatingIncome": "None", "depreciation": "None", "depreciationAndAmortization": "125000000", "incomeBeforeTax": "1317000000", "incomeTaxExpense": "240000000", "interestAndDebtExpense": "None", "netIncomeFromContinuingOperations": "0", "comprehensiveIncomeNetOfTax": "None", "ebit": "1565000000", "ebitda": "1690000000", "netIncome": "1067000000"}, {"fiscalDateEnding": "2011-03-31", "reportedCurrency": "USD", "grossProfit": "2616000000", "totalRevenue": "14733000000", "costOfRevenue": "12117000000", "costofGoodsAndServicesSold": "12117000000", "operatingIncome": "1393000000", "sellingGeneralAndAdministrative": "700000000", "researchAndDevelopment": "400000000", "operatingExpenses": "1223000000", "investmentIncomeNet": "None", "netInterestIncome": "None", "interestIncome": "None", "interestExpense": "377000000", "nonInterestIncome": "None", "otherNonOperatingIncome": "None", "depreciation": "None", "depreciationAndAmortization": "123000000", "incomeBeforeTax": "841000000", "incomeTaxExpense": "120000000", "interestAndDebtExpense": "None", "netIncomeFromContinuingOperations": "0", "comprehensiveIncomeNetOfTax": "None", "ebit": "1826000000", "ebitda": "1949000000", "netIncome": "710000000"}, {"fiscalDateEnding": "2010-12-31", "reportedCurrency": "USD", "grossProfit": "1953000000", "totalRevenue": "13771000000", "costOfRevenue": "11818000000", "costofGoodsAndServicesSold": "11818000000", "operatingIncome": "719000000", "sellingGeneralAndAdministrative": "1296000000", "researchAndDevelopment": "443000000", "operatingExpenses": "1234000000", "investmentIncomeNet": "None", "netInterestIncome": "None", "interestIncome": "None", "interestExpense": "368000000", "nonInterestIncome": "None", "otherNonOperatingIncome": "None", "depreciation": "None", "depreciationAndAmortization": "755000000", "incomeBeforeTax": "646000000", "incomeTaxExpense": "133000000", "interestAndDebtExpense": "None", "netIncomeFromContinuingOperations": "0", "comprehensiveIncomeNetOfTax": "None", "ebit": "1014000000", "ebitda": "1769000000", "netIncome": "511000000"}, {"fiscalDateEnding": "2010-09-30", "reportedCurrency": "USD", "grossProfit": "2027000000", "totalRevenue": "12868000000", "costOfRevenue": "10841000000", "costofGoodsAndServicesSold": "10841000000", "operatingIncome": "860000000", "sellingGeneralAndAdministrative": "640000000", "researchAndDevelopment": "403000000", "operatingExpenses": "1167000000", "investmentIncomeNet": "None", "netInterestIncome": "None", "interestIncome": "None", "interestExpense": "362000000", "nonInterestIncome": "None", "otherNonOperatingIncome": "None", "depreciation": "None", "depreciationAndAmortization": "124000000", "incomeBeforeTax": "711000000", "incomeTaxExpense": "114000000", "interestAndDebtExpense": "None", "netIncomeFromContinuingOperations": "0", "comprehensiveIncomeNetOfTax": "None", "ebit": "1118000000", "ebitda": "1242000000", "netIncome": "597000000"}, {"fiscalDateEnding": "2010-06-30", "reportedCurrency": "USD", "grossProfit": "2038000000", "totalRevenue": "13618000000", "costOfRevenue": "11580000000", "costofGoodsAndServicesSold": "11580000000", "operatingIncome": "858000000", "sellingGeneralAndAdministrative": "648000000", "researchAndDevelopment": "407000000", "operatingExpenses": "1180000000", "investmentIncomeNet": "None", "netInterestIncome": "None", "interestIncome": "None", "interestExpense": "367000000", "nonInterestIncome": "None", "otherNonOperatingIncome": "None", "depreciation": "None", "depreciationAndAmortization": "125000000", "incomeBeforeTax": "790000000", "incomeTaxExpense": "131000000", "interestAndDebtExpense": "None", "netIncomeFromContinuingOperations": "0", "comprehensiveIncomeNetOfTax": "None", "ebit": "1112000000", "ebitda": "1237000000", "netIncome": "651000000"}, {"fiscalDateEnding": "2010-03-31", "reportedCurrency": "USD", "grossProfit": "1876000000", "totalRevenue": "13417000000", "costOfRevenue": "11541000000", "costofGoodsAndServicesSold": "11541000000", "operatingIncome": "679000000", "sellingGeneralAndAdministrative": "662000000", "researchAndDevelopment": "407000000", "operatingExpenses": "1197000000", "investmentIncomeNet": "None", "netInterestIncome": "None", "interestIncome": "None", "interestExpense": "376000000", "nonInterestIncome": "None", "otherNonOperatingIncome": "None", "depreciation": "None", "depreciationAndAmortization": "128000000", "incomeBeforeTax": "655000000", "incomeTaxExpense": "103000000", "interestAndDebtExpense": "None", "netIncomeFromContinuingOperations": "0", "comprehensiveIncomeNetOfTax": "None", "ebit": "990000000", "ebitda": "1118000000", "netIncome": "551000000"}, {"fiscalDateEnding": "2009-12-31", "reportedCurrency": "USD", "grossProfit": "1606000000", "totalRevenue": "12466000000", "costOfRevenue": "10860000000", "costofGoodsAndServicesSold": "10860000000", "operatingIncome": "332000000", "sellingGeneralAndAdministrative": "1245000000", "researchAndDevelopment": "419000000", "operatingExpenses": "1274000000", "investmentIncomeNet": "None", "netInterestIncome": "None", "interestIncome": "None", "interestExpense": "404000000", "nonInterestIncome": "None", "otherNonOperatingIncome": "None", "depreciation": "None", "depreciationAndAmortization": "804000000", "incomeBeforeTax": "150000000", "incomeTaxExpense": "-28000000", "interestAndDebtExpense": "None", "netIncomeFromContinuingOperations": "None", "comprehensiveIncomeNetOfTax": "None", "ebit": "554000000", "ebitda": "1358000000", "netIncome": "172000000"}, {"fiscalDateEnding": "2009-09-30", "reportedCurrency": "USD", "grossProfit": "1660000000", "totalRevenue": "12046000000", "costOfRevenue": "10386000000", "costofGoodsAndServicesSold": "10386000000", "operatingIncome": "469000000", "sellingGeneralAndAdministrative": "683000000", "researchAndDevelopment": "400000000", "operatingExpenses": "1191000000", "investmentIncomeNet": "None", "netInterestIncome": "None", "interestIncome": "None", "interestExpense": "488000000", "nonInterestIncome": "None", "otherNonOperatingIncome": "None", "depreciation": "None", "depreciationAndAmortization": "108000000", "incomeBeforeTax": "1003000000", "incomeTaxExpense": "204000000", "interestAndDebtExpense": "None", "netIncomeFromContinuingOperations": "None", "comprehensiveIncomeNetOfTax": "None", "ebit": "678000000", "ebitda": "786000000", "netIncome": "795000000"}, {"fiscalDateEnding": "2009-06-30", "reportedCurrency": "USD", "grossProfit": "1558000000", "totalRevenue": "11322000000", "costOfRevenue": "9764000000", "costofGoodsAndServicesSold": "9764000000", "operatingIncome": "402000000", "sellingGeneralAndAdministrative": "663000000", "researchAndDevelopment": "381000000", "operatingExpenses": "1156000000", "investmentIncomeNet": "None", "netInterestIncome": "None", "interestIncome": "None", "interestExpense": "525000000", "nonInterestIncome": "None", "otherNonOperatingIncome": "None", "depreciation": "None", "depreciationAndAmortization": "112000000", "incomeBeforeTax": "-683000000", "incomeTaxExpense": "-248000000", "interestAndDebtExpense": "None", "netIncomeFromContinuingOperations": "None", "comprehensiveIncomeNetOfTax": "None", "ebit": "493000000", "ebitda": "605000000", "netIncome": "-332000000"}, {"fiscalDateEnding": "2009-03-31", "reportedCurrency": "USD", "grossProfit": "922000000", "totalRevenue": "9087000000", "costOfRevenue": "8165000000", "costofGoodsAndServicesSold": "8165000000", "operatingIncome": "164000000", "sellingGeneralAndAdministrative": "444000000", "researchAndDevelopment": "292000000", "operatingExpenses": "758000000", "investmentIncomeNet": "None", "netInterestIncome": "None", "interestIncome": "None", "interestExpense": "154000000", "nonInterestIncome": "None", "otherNonOperatingIncome": "None", "depreciation": "None", "depreciationAndAmortization": "508000000", "incomeBeforeTax": "17000000", "incomeTaxExpense": "-18000000", "interestAndDebtExpense": "None", "netIncomeFromContinuingOperations": "None", "comprehensiveIncomeNetOfTax": "None", "ebit": "153000000", "ebitda": "661000000", "netIncome": "24000000"}, {"fiscalDateEnding": "2008-12-31", "reportedCurrency": "USD", "grossProfit": "406000000", "totalRevenue": "10899000000", "costOfRevenue": "10493000000", "costofGoodsAndServicesSold": "10493000000", "operatingIncome": "-386000000", "sellingGeneralAndAdministrative": "1142000000", "researchAndDevelopment": "310000000", "operatingExpenses": "792000000", "investmentIncomeNet": "None", "netInterestIncome": "None", "interestIncome": "None", "interestExpense": "117000000", "nonInterestIncome": "None", "otherNonOperatingIncome": "None", "depreciation": "None", "depreciationAndAmortization": "555000000", "incomeBeforeTax": "-1600000000", "incomeTaxExpense": "-60000000", "interestAndDebtExpense": "None", "netIncomeFromContinuingOperations": "None", "comprehensiveIncomeNetOfTax": "None", "ebit": "-541000000", "ebitda": "14000000", "netIncome": "-1552000000"}, {"fiscalDateEnding": "2008-09-30", "reportedCurrency": "USD", "grossProfit": "1436000000", "totalRevenue": "15411000000", "costOfRevenue": "13975000000", "costofGoodsAndServicesSold": "13975000000", "operatingIncome": "583000000", "sellingGeneralAndAdministrative": "498000000", "researchAndDevelopment": "334000000", "operatingExpenses": "853000000", "investmentIncomeNet": "None", "netInterestIncome": "None", "interestIncome": "None", "interestExpense": "160000000", "nonInterestIncome": "None", "otherNonOperatingIncome": "None", "depreciation": "None", "depreciationAndAmortization": "538000000", "incomeBeforeTax": "633000000", "incomeTaxExpense": "185000000", "interestAndDebtExpense": "None", "netIncomeFromContinuingOperations": "None", "comprehensiveIncomeNetOfTax": "None", "ebit": "780000000", "ebitda": "1318000000", "netIncome": "428000000"}, {"fiscalDateEnding": "2008-06-30", "reportedCurrency": "USD", "grossProfit": "1737000000", "totalRevenue": "16380000000", "costOfRevenue": "14643000000", "costofGoodsAndServicesSold": "14643000000", "operatingIncome": "862000000", "sellingGeneralAndAdministrative": "515000000", "researchAndDevelopment": "335000000", "operatingExpenses": "875000000", "investmentIncomeNet": "None", "netInterestIncome": "None", "interestIncome": "None", "interestExpense": "151000000", "nonInterestIncome": "None", "otherNonOperatingIncome": "None", "depreciation": "None", "depreciationAndAmortization": "569000000", "incomeBeforeTax": "1024000000", "incomeTaxExpense": "243000000", "interestAndDebtExpense": "None", "netIncomeFromContinuingOperations": "None", "comprehensiveIncomeNetOfTax": "None", "ebit": "825000000", "ebitda": "1394000000", "netIncome": "762000000"}, {"fiscalDateEnding": "2008-03-31", "reportedCurrency": "USD", "grossProfit": "1916000000", "totalRevenue": "14824000000", "costOfRevenue": "12908000000", "costofGoodsAndServicesSold": "12908000000", "operatingIncome": "1065000000", "sellingGeneralAndAdministrative": "498000000", "researchAndDevelopment": "331000000", "operatingExpenses": "851000000", "investmentIncomeNet": "None", "netInterestIncome": "None", "interestIncome": "None", "interestExpense": "145000000", "nonInterestIncome": "None", "otherNonOperatingIncome": "None", "depreciation": "None", "depreciationAndAmortization": "574000000", "incomeBeforeTax": "1264000000", "incomeTaxExpense": "299000000", "interestAndDebtExpense": "None", "netIncomeFromContinuingOperations": "None", "comprehensiveIncomeNetOfTax": "None", "ebit": "1019000000", "ebitda": "1593000000", "netIncome": "941000000"}, {"fiscalDateEnding": "2007-12-31", "reportedCurrency": "USD", "grossProfit": "1694000000", "totalRevenue": "14227000000", "costOfRevenue": "12533000000", "costofGoodsAndServicesSold": "12533000000", "operatingIncome": "826000000", "sellingGeneralAndAdministrative": "1221000000", "researchAndDevelopment": "354000000", "operatingExpenses": "868000000", "investmentIncomeNet": "None", "netInterestIncome": "None", "interestIncome": "None", "interestExpense": "122000000", "nonInterestIncome": "None", "otherNonOperatingIncome": "None", "depreciation": "None", "depreciationAndAmortization": "589000000", "incomeBeforeTax": "470000000", "incomeTaxExpense": "-27000000", "interestAndDebtExpense": "None", "netIncomeFromContinuingOperations": "None", "comprehensiveIncomeNetOfTax": "None", "ebit": "826000000", "ebitda": "1415000000", "netIncome": "472000000"}, {"fiscalDateEnding": "2007-09-30", "reportedCurrency": "USD", "grossProfit": "1725000000", "totalRevenue": "13589000000", "costOfRevenue": "11864000000", "costofGoodsAndServicesSold": "11864000000", "operatingIncome": "898000000", "sellingGeneralAndAdministrative": "476000000", "researchAndDevelopment": "329000000", "operatingExpenses": "827000000", "investmentIncomeNet": "None", "netInterestIncome": "None", "interestIncome": "None", "interestExpense": "125000000", "nonInterestIncome": "None", "otherNonOperatingIncome": "None", "depreciation": "None", "depreciationAndAmortization": "560000000", "incomeBeforeTax": "1085000000", "incomeTaxExpense": "659000000", "interestAndDebtExpense": "None", "netIncomeFromContinuingOperations": "None", "comprehensiveIncomeNetOfTax": "None", "ebit": "898000000", "ebitda": "1458000000", "netIncome": "403000000"}, {"fiscalDateEnding": "2007-06-30", "reportedCurrency": "USD", "grossProfit": "1867000000", "totalRevenue": "13265000000", "costOfRevenue": "11398000000", "costofGoodsAndServicesSold": "11398000000", "operatingIncome": "1052000000", "sellingGeneralAndAdministrative": "477000000", "researchAndDevelopment": "320000000", "operatingExpenses": "815000000", "investmentIncomeNet": "None", "netInterestIncome": "None", "interestIncome": "None", "interestExpense": "119000000", "nonInterestIncome": "None", "otherNonOperatingIncome": "None", "depreciation": "None", "depreciationAndAmortization": "533000000", "incomeBeforeTax": "1341000000", "incomeTaxExpense": "277000000", "interestAndDebtExpense": "None", "netIncomeFromContinuingOperations": "None", "comprehensiveIncomeNetOfTax": "None", "ebit": "1052000000", "ebitda": "1585000000", "netIncome": "1039000000"}, {"fiscalDateEnding": "2007-03-31", "reportedCurrency": "USD", "grossProfit": "1827000000", "totalRevenue": "12432000000", "costOfRevenue": "10605000000", "costofGoodsAndServicesSold": "10605000000", "operatingIncome": "1096000000", "sellingGeneralAndAdministrative": "418000000", "researchAndDevelopment": "302000000", "operatingExpenses": "731000000", "investmentIncomeNet": "None", "netInterestIncome": "None", "interestIncome": "None", "interestExpense": "109000000", "nonInterestIncome": "None", "otherNonOperatingIncome": "None", "depreciation": "None", "depreciationAndAmortization": "508000000", "incomeBeforeTax": "1333000000", "incomeTaxExpense": "335000000", "interestAndDebtExpense": "None", "netIncomeFromContinuingOperations": "None", "comprehensiveIncomeNetOfTax": "None", "ebit": "1096000000", "ebitda": "1604000000", "netIncome": "973000000"}, {"fiscalDateEnding": "2006-12-31", "reportedCurrency": "USD", "grossProfit": "1737000000", "totalRevenue": "12236000000", "costOfRevenue": "10499000000", "costofGoodsAndServicesSold": "10499000000", "operatingIncome": "963000000", "sellingGeneralAndAdministrative": "1165000000", "researchAndDevelopment": "308000000", "operatingExpenses": "774000000", "investmentIncomeNet": "None", "netInterestIncome": "None", "interestIncome": "None", "interestExpense": "124000000", "nonInterestIncome": "None", "otherNonOperatingIncome": "None", "depreciation": "None", "depreciationAndAmortization": "530000000", "incomeBeforeTax": "1323000000", "incomeTaxExpense": "324000000", "interestAndDebtExpense": "None", "netIncomeFromContinuingOperations": "None", "comprehensiveIncomeNetOfTax": "None", "ebit": "963000000", "ebitda": "1493000000", "netIncome": "975000000"}, {"fiscalDateEnding": "2006-09-30", "reportedCurrency": "USD", "grossProfit": "1759000000", "totalRevenue": "12359000000", "costOfRevenue": "10600000000", "costofGoodsAndServicesSold": "10600000000", "operatingIncome": "1035000000", "sellingGeneralAndAdministrative": "420000000", "researchAndDevelopment": "291000000", "operatingExpenses": "724000000", "investmentIncomeNet": "None", "netInterestIncome": "None", "interestIncome": "None", "interestExpense": "123000000", "nonInterestIncome": "None", "otherNonOperatingIncome": "None", "depreciation": "None", "depreciationAndAmortization": "538000000", "incomeBeforeTax": "670000000", "incomeTaxExpense": "137000000", "interestAndDebtExpense": "None", "netIncomeFromContinuingOperations": "None", "comprehensiveIncomeNetOfTax": "None", "ebit": "1035000000", "ebitda": "1573000000", "netIncome": "512000000"}, {"fiscalDateEnding": "2006-06-30", "reportedCurrency": "USD", "grossProfit": "1885000000", "totalRevenue": "12509000000", "costOfRevenue": "10624000000", "costofGoodsAndServicesSold": "10624000000", "operatingIncome": "1184000000", "sellingGeneralAndAdministrative": "402000000", "researchAndDevelopment": "287000000", "operatingExpenses": "701000000", "investmentIncomeNet": "None", "netInterestIncome": "None", "interestIncome": "None", "interestExpense": "128000000", "nonInterestIncome": "None", "otherNonOperatingIncome": "None", "depreciation": "None", "depreciationAndAmortization": "512000000", "incomeBeforeTax": "1356000000", "incomeTaxExpense": "310000000", "interestAndDebtExpense": "None", "netIncomeFromContinuingOperations": "None", "comprehensiveIncomeNetOfTax": "None", "ebit": "1184000000", "ebitda": "1696000000", "netIncome": "1023000000"}, {"fiscalDateEnding": "2006-03-31", "reportedCurrency": "USD", "grossProfit": "2217000000", "totalRevenue": "12020000000", "costOfRevenue": "9803000000", "costofGoodsAndServicesSold": "9803000000", "operatingIncome": "1539000000", "sellingGeneralAndAdministrative": "388000000", "researchAndDevelopment": "278000000", "operatingExpenses": "678000000", "investmentIncomeNet": "None", "netInterestIncome": "None", "interestIncome": "None", "interestExpense": "122000000", "nonInterestIncome": "None", "otherNonOperatingIncome": "None", "depreciation": "None", "depreciationAndAmortization": "494000000", "incomeBeforeTax": "1623000000", "incomeTaxExpense": "384000000", "interestAndDebtExpense": "None", "netIncomeFromContinuingOperations": "None", "comprehensiveIncomeNetOfTax": "None", "ebit": "1539000000", "ebitda": "2033000000", "netIncome": "1214000000"}, {"fiscalDateEnding": "2005-12-31", "reportedCurrency": "USD", "grossProfit": "1888000000", "totalRevenue": "11917000000", "costOfRevenue": "10029000000", "costofGoodsAndServicesSold": "10029000000", "operatingIncome": "1198000000", "sellingGeneralAndAdministrative": "1159000000", "researchAndDevelopment": "283000000", "operatingExpenses": "690000000", "investmentIncomeNet": "None", "netInterestIncome": "None", "interestIncome": "None", "interestExpense": "153000000", "nonInterestIncome": "None", "otherNonOperatingIncome": "None", "depreciation": "None", "depreciationAndAmortization": "572000000", "incomeBeforeTax": "1767000000", "incomeTaxExpense": "629000000", "interestAndDebtExpense": "None", "netIncomeFromContinuingOperations": "None", "comprehensiveIncomeNetOfTax": "None", "ebit": "1198000000", "ebitda": "1770000000", "netIncome": "1096000000"}, {"fiscalDateEnding": "2005-09-30", "reportedCurrency": "USD", "grossProfit": "1651000000", "totalRevenue": "11261000000", "costOfRevenue": "9610000000", "costofGoodsAndServicesSold": "9610000000", "operatingIncome": "995000000", "sellingGeneralAndAdministrative": "379000000", "researchAndDevelopment": "264000000", "operatingExpenses": "656000000", "investmentIncomeNet": "None", "netInterestIncome": "None", "interestIncome": "None", "interestExpense": "153000000", "nonInterestIncome": "None", "otherNonOperatingIncome": "None", "depreciation": "None", "depreciationAndAmortization": "497000000", "incomeBeforeTax": "1148000000", "incomeTaxExpense": "328000000", "interestAndDebtExpense": "None", "netIncomeFromContinuingOperations": "None", "comprehensiveIncomeNetOfTax": "None", "ebit": "995000000", "ebitda": "1492000000", "netIncome": "801000000"}, {"fiscalDateEnding": "2005-06-30", "reportedCurrency": "USD", "grossProfit": "2150000000", "totalRevenue": "11450000000", "costOfRevenue": "9300000000", "costofGoodsAndServicesSold": "9300000000", "operatingIncome": "1483000000", "sellingGeneralAndAdministrative": "383000000", "researchAndDevelopment": "271000000", "operatingExpenses": "667000000", "investmentIncomeNet": "None", "netInterestIncome": "None", "interestIncome": "None", "interestExpense": "126000000", "nonInterestIncome": "None", "otherNonOperatingIncome": "None", "depreciation": "None", "depreciationAndAmortization": "493000000", "incomeBeforeTax": "1603000000", "incomeTaxExpense": "317000000", "interestAndDebtExpense": "None", "netIncomeFromContinuingOperations": "None", "comprehensiveIncomeNetOfTax": "None", "ebit": "1483000000", "ebitda": "1976000000", "netIncome": "1265000000"}, {"fiscalDateEnding": "2005-03-31", "reportedCurrency": "USD", "grossProfit": "2342000000", "totalRevenue": "11679000000", "costOfRevenue": "9337000000", "costofGoodsAndServicesSold": "9337000000", "operatingIncome": "1682000000", "sellingGeneralAndAdministrative": "391000000", "researchAndDevelopment": "255000000", "operatingExpenses": "660000000", "investmentIncomeNet": "None", "netInterestIncome": "None", "interestIncome": "None", "interestExpense": "109000000", "nonInterestIncome": "None", "otherNonOperatingIncome": "None", "depreciation": "None", "depreciationAndAmortization": "517000000", "incomeBeforeTax": "1881000000", "incomeTaxExpense": "508000000", "interestAndDebtExpense": "None", "netIncomeFromContinuingOperations": "None", "comprehensiveIncomeNetOfTax": "None", "ebit": "1682000000", "ebitda": "2199000000", "netIncome": "1353000000"}, {"fiscalDateEnding": "2004-12-31", "reportedCurrency": "USD", "grossProfit": "1641000000", "totalRevenue": "10936000000", "costOfRevenue": "9295000000", "costofGoodsAndServicesSold": "9295000000", "operatingIncome": "978000000", "sellingGeneralAndAdministrative": "1167000000", "researchAndDevelopment": "261000000", "operatingExpenses": "663000000", "investmentIncomeNet": "None", "netInterestIncome": "None", "interestIncome": "None", "interestExpense": "114000000", "nonInterestIncome": "None", "otherNonOperatingIncome": "None", "depreciation": "None", "depreciationAndAmortization": "513000000", "incomeBeforeTax": "1233000000", "incomeTaxExpense": "175000000", "interestAndDebtExpense": "None", "netIncomeFromContinuingOperations": "None", "comprehensiveIncomeNetOfTax": "None", "ebit": "978000000", "ebitda": "1491000000", "netIncome": "1026000000"}]}