{"symbol": "CAG", "annualReports": [{"fiscalDateEnding": "2024-05-31", "reportedCurrency": "USD", "grossProfit": "3333400000", "totalRevenue": "12050900000", "costOfRevenue": "8717500000", "costofGoodsAndServicesSold": "8717500000", "operatingIncome": "852800000", "sellingGeneralAndAdministrative": "2480600000", "researchAndDevelopment": "61400000", "operatingExpenses": "2480600000", "investmentIncomeNet": "None", "netInterestIncome": "-430500000", "interestIncome": "5700000", "interestExpense": "436200000", "nonInterestIncome": "None", "otherNonOperatingIncome": "None", "depreciation": "None", "depreciationAndAmortization": "400900000", "incomeBeforeTax": "610200000", "incomeTaxExpense": "262500000", "interestAndDebtExpense": "None", "netIncomeFromContinuingOperations": "347700000", "comprehensiveIncomeNetOfTax": "None", "ebit": "1046400000", "ebitda": "1447300000", "netIncome": "347200000"}, {"fiscalDateEnding": "2023-05-31", "reportedCurrency": "USD", "grossProfit": "3264800000", "totalRevenue": "12277000000", "costOfRevenue": "9012200000", "costofGoodsAndServicesSold": "9012200000", "operatingIncome": "1075300000", "sellingGeneralAndAdministrative": "2189500000", "researchAndDevelopment": "57700000", "operatingExpenses": "2189500000", "investmentIncomeNet": "None", "netInterestIncome": "-409600000", "interestIncome": "3900000", "interestExpense": "413500000", "nonInterestIncome": "None", "otherNonOperatingIncome": "212000000", "depreciation": "None", "depreciationAndAmortization": "369900000", "incomeBeforeTax": "901900000", "incomeTaxExpense": "218700000", "interestAndDebtExpense": "None", "netIncomeFromContinuingOperations": "683200000", "comprehensiveIncomeNetOfTax": "None", "ebit": "1315400000", "ebitda": "1685300000", "netIncome": "683600000"}, {"fiscalDateEnding": "2022-05-31", "reportedCurrency": "USD", "grossProfit": "2838800000", "totalRevenue": "11535900000", "costOfRevenue": "8697100000", "costofGoodsAndServicesSold": "8697100000", "operatingIncome": "1346000000", "sellingGeneralAndAdministrative": "1492800000", "researchAndDevelopment": "53400000", "operatingExpenses": "1492800000", "investmentIncomeNet": "None", "netInterestIncome": "-379900000", "interestIncome": "2100000", "interestExpense": "382000000", "nonInterestIncome": "None", "otherNonOperatingIncome": "145300000", "depreciation": "None", "depreciationAndAmortization": "375400000", "incomeBeforeTax": "1178700000", "incomeTaxExpense": "290500000", "interestAndDebtExpense": "None", "netIncomeFromContinuingOperations": "888200000", "comprehensiveIncomeNetOfTax": "None", "ebit": "1560700000", "ebitda": "1936100000", "netIncome": "888200000"}, {"fiscalDateEnding": "2021-05-31", "reportedCurrency": "USD", "grossProfit": "3179200000", "totalRevenue": "11184700000", "costOfRevenue": "8005500000", "costofGoodsAndServicesSold": "8005500000", "operatingIncome": "1776200000", "sellingGeneralAndAdministrative": "1403000000", "researchAndDevelopment": "51300000", "operatingExpenses": "1403000000", "investmentIncomeNet": "None", "netInterestIncome": "-420400000", "interestIncome": "420400000", "interestExpense": "422300000", "nonInterestIncome": "None", "otherNonOperatingIncome": "84400000", "depreciation": "None", "depreciationAndAmortization": "387700000", "incomeBeforeTax": "1410300000", "incomeTaxExpense": "193800000", "interestAndDebtExpense": "None", "netIncomeFromContinuingOperations": "1300900000", "comprehensiveIncomeNetOfTax": "None", "ebit": "1832600000", "ebitda": "2220300000", "netIncome": "1298800000"}, {"fiscalDateEnding": "2020-05-31", "reportedCurrency": "USD", "grossProfit": "3069600000", "totalRevenue": "11054400000", "costOfRevenue": "7984800000", "costofGoodsAndServicesSold": "7984800000", "operatingIncome": "1457000000", "sellingGeneralAndAdministrative": "1622500000", "researchAndDevelopment": "56400000", "operatingExpenses": "1622500000", "investmentIncomeNet": "None", "netInterestIncome": "-487100000", "interestIncome": "3100000", "interestExpense": "487100000", "nonInterestIncome": "None", "otherNonOperatingIncome": "73200000", "depreciation": "None", "depreciationAndAmortization": "388900000", "incomeBeforeTax": "969900000", "incomeTaxExpense": "201300000", "interestAndDebtExpense": "None", "netIncomeFromContinuingOperations": "841800000", "comprehensiveIncomeNetOfTax": "None", "ebit": "1457000000", "ebitda": "1845900000", "netIncome": "840100000"}, {"fiscalDateEnding": "2019-05-31", "reportedCurrency": "USD", "grossProfit": "2653000000", "totalRevenue": "9538400000", "costOfRevenue": "6885400000", "costofGoodsAndServicesSold": "6885400000", "operatingIncome": "795000000", "sellingGeneralAndAdministrative": "1473400000", "researchAndDevelopment": "56100000", "operatingExpenses": "1473400000", "investmentIncomeNet": "None", "netInterestIncome": "-391400000", "interestIncome": "6800000", "interestExpense": "391400000", "nonInterestIncome": "None", "otherNonOperatingIncome": "75800000", "depreciation": "None", "depreciationAndAmortization": "333000000", "incomeBeforeTax": "823300000", "incomeTaxExpense": "218800000", "interestAndDebtExpense": "None", "netIncomeFromContinuingOperations": "680300000", "comprehensiveIncomeNetOfTax": "None", "ebit": "1214700000", "ebitda": "1547700000", "netIncome": "678300000"}, {"fiscalDateEnding": "2018-05-31", "reportedCurrency": "USD", "grossProfit": "2351500000", "totalRevenue": "7938300000", "costOfRevenue": "5586800000", "costofGoodsAndServicesSold": "5586800000", "operatingIncome": "878600000", "sellingGeneralAndAdministrative": "1318000000", "researchAndDevelopment": "47300000", "operatingExpenses": "1318000000", "investmentIncomeNet": "None", "netInterestIncome": "-158700000", "interestIncome": "3800000", "interestExpense": "158700000", "nonInterestIncome": "None", "otherNonOperatingIncome": "97300000", "depreciation": "None", "depreciationAndAmortization": "257000000", "incomeBeforeTax": "874800000", "incomeTaxExpense": "174600000", "interestAndDebtExpense": "None", "netIncomeFromContinuingOperations": "797500000", "comprehensiveIncomeNetOfTax": "None", "ebit": "1033500000", "ebitda": "1290500000", "netIncome": "808400000"}, {"fiscalDateEnding": "2017-05-31", "reportedCurrency": "USD", "grossProfit": "2342100000", "totalRevenue": "7826900000", "costOfRevenue": "5484800000", "costofGoodsAndServicesSold": "5484800000", "operatingIncome": "925000000", "sellingGeneralAndAdministrative": "1417100000", "researchAndDevelopment": "44600000", "operatingExpenses": "1417100000", "investmentIncomeNet": "None", "netInterestIncome": "-195500000", "interestIncome": "3700000", "interestExpense": "195500000", "nonInterestIncome": "None", "otherNonOperatingIncome": "71200000", "depreciation": "None", "depreciationAndAmortization": "268000000", "incomeBeforeTax": "729500000", "incomeTaxExpense": "254700000", "interestAndDebtExpense": "None", "netIncomeFromContinuingOperations": "546000000", "comprehensiveIncomeNetOfTax": "None", "ebit": "925000000", "ebitda": "1193000000", "netIncome": "639300000"}, {"fiscalDateEnding": "2016-05-31", "reportedCurrency": "USD", "grossProfit": "3090800000", "totalRevenue": "11642900000", "costOfRevenue": "8552100000", "costofGoodsAndServicesSold": "8552100000", "operatingIncome": "584900000", "sellingGeneralAndAdministrative": "2209400000", "researchAndDevelopment": "59600000", "operatingExpenses": "2209400000", "investmentIncomeNet": "None", "netInterestIncome": "-297800000", "interestIncome": "1300000", "interestExpense": "297800000", "nonInterestIncome": "None", "otherNonOperatingIncome": "137800000", "depreciation": "None", "depreciationAndAmortization": "373900000", "incomeBeforeTax": "583600000", "incomeTaxExpense": "225400000", "interestAndDebtExpense": "None", "netIncomeFromContinuingOperations": "496000000", "comprehensiveIncomeNetOfTax": "None", "ebit": "881400000", "ebitda": "1255300000", "netIncome": "-677000000"}, {"fiscalDateEnding": "2015-05-31", "reportedCurrency": "USD", "grossProfit": "3308500000", "totalRevenue": "15832400000", "costOfRevenue": "12523900000", "costofGoodsAndServicesSold": "12523900000", "operatingIncome": "-163600000", "sellingGeneralAndAdministrative": "3472100000", "researchAndDevelopment": "63100000", "operatingExpenses": "3472100000", "investmentIncomeNet": "None", "netInterestIncome": "None", "interestIncome": "None", "interestExpense": "331900000", "nonInterestIncome": "None", "otherNonOperatingIncome": "122100000", "depreciation": "None", "depreciationAndAmortization": "592300000", "incomeBeforeTax": "-495500000", "incomeTaxExpense": "234000000", "interestAndDebtExpense": "None", "netIncomeFromContinuingOperations": "-607400000", "comprehensiveIncomeNetOfTax": "None", "ebit": "-163600000", "ebitda": "428700000", "netIncome": "-252600000"}, {"fiscalDateEnding": "2014-05-31", "reportedCurrency": "USD", "grossProfit": "3722500000", "totalRevenue": "17702600000", "costOfRevenue": "13980100000", "costofGoodsAndServicesSold": "13980100000", "operatingIncome": "955400000", "sellingGeneralAndAdministrative": "2767100000", "researchAndDevelopment": "86000000", "operatingExpenses": "2767100000", "investmentIncomeNet": "None", "netInterestIncome": "None", "interestIncome": "None", "interestExpense": "379000000", "nonInterestIncome": "None", "otherNonOperatingIncome": "32800000", "depreciation": "None", "depreciationAndAmortization": "602900000", "incomeBeforeTax": "576400000", "incomeTaxExpense": "298200000", "interestAndDebtExpense": "None", "netIncomeFromContinuingOperations": "311000000", "comprehensiveIncomeNetOfTax": "None", "ebit": "955400000", "ebitda": "1558300000", "netIncome": "303100000"}, {"fiscalDateEnding": "2013-05-31", "reportedCurrency": "USD", "grossProfit": "3560000000", "totalRevenue": "15491400000", "costOfRevenue": "11931400000", "costofGoodsAndServicesSold": "11931400000", "operatingIncome": "1424400000", "sellingGeneralAndAdministrative": "2135600000", "researchAndDevelopment": "91100000", "operatingExpenses": "2135600000", "investmentIncomeNet": "None", "netInterestIncome": "None", "interestIncome": "None", "interestExpense": "275600000", "nonInterestIncome": "None", "otherNonOperatingIncome": "37500000", "depreciation": "None", "depreciationAndAmortization": "445200000", "incomeBeforeTax": "1148800000", "incomeTaxExpense": "400200000", "interestAndDebtExpense": "None", "netIncomeFromContinuingOperations": "786100000", "comprehensiveIncomeNetOfTax": "None", "ebit": "1424400000", "ebitda": "1869600000", "netIncome": "773900000"}, {"fiscalDateEnding": "2012-05-31", "reportedCurrency": "USD", "grossProfit": "2826900000", "totalRevenue": "13262600000", "costOfRevenue": "10435700000", "costofGoodsAndServicesSold": "10435700000", "operatingIncome": "829200000", "sellingGeneralAndAdministrative": "1983000000", "researchAndDevelopment": "86000000", "operatingExpenses": "1997700000", "investmentIncomeNet": "None", "netInterestIncome": "None", "interestIncome": "None", "interestExpense": "204000000", "nonInterestIncome": "None", "otherNonOperatingIncome": "None", "depreciation": "None", "depreciationAndAmortization": "371800000", "incomeBeforeTax": "625200000", "incomeTaxExpense": "195800000", "interestAndDebtExpense": "None", "netIncomeFromContinuingOperations": "None", "comprehensiveIncomeNetOfTax": "None", "ebit": "829200000", "ebitda": "1201000000", "netIncome": "467900000"}, {"fiscalDateEnding": "2011-05-31", "reportedCurrency": "USD", "grossProfit": "2913500000", "totalRevenue": "12303100000", "costOfRevenue": "9389600000", "costofGoodsAndServicesSold": "9389600000", "operatingIncome": "1402400000", "sellingGeneralAndAdministrative": "1462000000", "researchAndDevelopment": "81400000", "operatingExpenses": "1511100000", "investmentIncomeNet": "None", "netInterestIncome": "None", "interestIncome": "None", "interestExpense": "177500000", "nonInterestIncome": "None", "otherNonOperatingIncome": "26400000", "depreciation": "None", "depreciationAndAmortization": "360900000", "incomeBeforeTax": "1224900000", "incomeTaxExpense": "421000000", "interestAndDebtExpense": "None", "netIncomeFromContinuingOperations": "830300000", "comprehensiveIncomeNetOfTax": "None", "ebit": "1402400000", "ebitda": "1763300000", "netIncome": "817000000"}, {"fiscalDateEnding": "2010-05-31", "reportedCurrency": "USD", "grossProfit": "3065200000", "totalRevenue": "12079400000", "costOfRevenue": "9014200000", "costofGoodsAndServicesSold": "9014200000", "operatingIncome": "1245200000", "sellingGeneralAndAdministrative": "1798000000", "researchAndDevelopment": "77900000", "operatingExpenses": "1820000000", "investmentIncomeNet": "None", "netInterestIncome": "None", "interestIncome": "None", "interestExpense": "160400000", "nonInterestIncome": "None", "otherNonOperatingIncome": "None", "depreciation": "None", "depreciationAndAmortization": "326800000", "incomeBeforeTax": "1084800000", "incomeTaxExpense": "362100000", "interestAndDebtExpense": "None", "netIncomeFromContinuingOperations": "None", "comprehensiveIncomeNetOfTax": "None", "ebit": "1245200000", "ebitda": "1572000000", "netIncome": "725800000"}, {"fiscalDateEnding": "2009-05-31", "reportedCurrency": "USD", "grossProfit": "2840600000", "totalRevenue": "12731200000", "costOfRevenue": "9890600000", "costofGoodsAndServicesSold": "9890600000", "operatingIncome": "1145800000", "sellingGeneralAndAdministrative": "1694800000", "researchAndDevelopment": "80600000", "operatingExpenses": "1694800000", "investmentIncomeNet": "None", "netInterestIncome": "None", "interestIncome": "None", "interestExpense": "186200000", "nonInterestIncome": "None", "otherNonOperatingIncome": "None", "depreciation": "None", "depreciationAndAmortization": "318900000", "incomeBeforeTax": "959600000", "incomeTaxExpense": "337200000", "interestAndDebtExpense": "None", "netIncomeFromContinuingOperations": "None", "comprehensiveIncomeNetOfTax": "None", "ebit": "1145800000", "ebitda": "1464700000", "netIncome": "978400000"}, {"fiscalDateEnding": "2008-05-31", "reportedCurrency": "USD", "grossProfit": "2715600000", "totalRevenue": "11605700000", "costOfRevenue": "8890100000", "costofGoodsAndServicesSold": "8890100000", "operatingIncome": "949500000", "sellingGeneralAndAdministrative": "1766000000", "researchAndDevelopment": "68900000", "operatingExpenses": "1766100000", "investmentIncomeNet": "None", "netInterestIncome": "None", "interestIncome": "None", "interestExpense": "253300000", "nonInterestIncome": "None", "otherNonOperatingIncome": "None", "depreciation": "None", "depreciationAndAmortization": "296700000", "incomeBeforeTax": "696200000", "incomeTaxExpense": "227200000", "interestAndDebtExpense": "None", "netIncomeFromContinuingOperations": "None", "comprehensiveIncomeNetOfTax": "None", "ebit": "949500000", "ebitda": "1246200000", "netIncome": "930600000"}, {"fiscalDateEnding": "2007-05-31", "reportedCurrency": "USD", "grossProfit": "3138500000", "totalRevenue": "12028200000", "costOfRevenue": "8889700000", "costofGoodsAndServicesSold": "8889700000", "operatingIncome": "1230700000", "sellingGeneralAndAdministrative": "1908000000", "researchAndDevelopment": "68300000", "operatingExpenses": "1907800000", "investmentIncomeNet": "None", "netInterestIncome": "None", "interestIncome": "None", "interestExpense": "225600000", "nonInterestIncome": "None", "otherNonOperatingIncome": "None", "depreciation": "None", "depreciationAndAmortization": "346000000", "incomeBeforeTax": "1005100000", "incomeTaxExpense": "365700000", "interestAndDebtExpense": "None", "netIncomeFromContinuingOperations": "None", "comprehensiveIncomeNetOfTax": "None", "ebit": "1230700000", "ebitda": "1576700000", "netIncome": "764600000"}, {"fiscalDateEnding": "2006-05-31", "reportedCurrency": "USD", "grossProfit": "2810200000", "totalRevenue": "11579400000", "costOfRevenue": "8769200000", "costofGoodsAndServicesSold": "8769200000", "operatingIncome": "872600000", "sellingGeneralAndAdministrative": "1938000000", "researchAndDevelopment": "54100000", "operatingExpenses": "1937600000", "investmentIncomeNet": "None", "netInterestIncome": "None", "interestIncome": "None", "interestExpense": "246600000", "nonInterestIncome": "None", "otherNonOperatingIncome": "None", "depreciation": "None", "depreciationAndAmortization": "311200000", "incomeBeforeTax": "955400000", "incomeTaxExpense": "309700000", "interestAndDebtExpense": "None", "netIncomeFromContinuingOperations": "None", "comprehensiveIncomeNetOfTax": "None", "ebit": "543200000", "ebitda": "854400000", "netIncome": "533800000"}, {"fiscalDateEnding": "2005-05-31", "reportedCurrency": "USD", "grossProfit": "3102000000", "totalRevenue": "14566900000", "costOfRevenue": "11464900000", "costofGoodsAndServicesSold": "11464900000", "operatingIncome": "1267300000", "sellingGeneralAndAdministrative": "1835000000", "researchAndDevelopment": "None", "operatingExpenses": "1834700000", "investmentIncomeNet": "None", "netInterestIncome": "None", "interestIncome": "None", "interestExpense": "295000000", "nonInterestIncome": "None", "otherNonOperatingIncome": "None", "depreciation": "None", "depreciationAndAmortization": "350900000", "incomeBeforeTax": "1158000000", "incomeTaxExpense": "470000000", "interestAndDebtExpense": "None", "netIncomeFromContinuingOperations": "None", "comprehensiveIncomeNetOfTax": "None", "ebit": "1081600000", "ebitda": "1432500000", "netIncome": "641500000"}], "quarterlyReports": [{"fiscalDateEnding": "2025-02-28", "reportedCurrency": "USD", "grossProfit": "710300000", "totalRevenue": "2841000000", "costOfRevenue": "2130700000", "costofGoodsAndServicesSold": "2130700000", "operatingIncome": "266600000", "sellingGeneralAndAdministrative": "443700000", "researchAndDevelopment": "None", "operatingExpenses": "443700000", "investmentIncomeNet": "None", "netInterestIncome": "-100900000", "interestIncome": "400000", "interestExpense": "101300000", "nonInterestIncome": "None", "otherNonOperatingIncome": "None", "depreciation": "None", "depreciationAndAmortization": "98300000", "incomeBeforeTax": "189000000", "incomeTaxExpense": "43900000", "interestAndDebtExpense": "None", "netIncomeFromContinuingOperations": "145100000", "comprehensiveIncomeNetOfTax": "None", "ebit": "290300000", "ebitda": "388600000", "netIncome": "145100000"}, {"fiscalDateEnding": "2024-11-30", "reportedCurrency": "USD", "grossProfit": "846700000", "totalRevenue": "3195100000", "costOfRevenue": "2348400000", "costofGoodsAndServicesSold": "2348400000", "operatingIncome": "402600000", "sellingGeneralAndAdministrative": "444100000", "researchAndDevelopment": "None", "operatingExpenses": "444100000", "investmentIncomeNet": "None", "netInterestIncome": "-108200000", "interestIncome": "600000", "interestExpense": "108800000", "nonInterestIncome": "None", "otherNonOperatingIncome": "None", "depreciation": "None", "depreciationAndAmortization": "97500000", "incomeBeforeTax": "346000000", "incomeTaxExpense": "61500000", "interestAndDebtExpense": "None", "netIncomeFromContinuingOperations": "284500000", "comprehensiveIncomeNetOfTax": "None", "ebit": "454800000", "ebitda": "552300000", "netIncome": "284500000"}, {"fiscalDateEnding": "2024-08-31", "reportedCurrency": "USD", "grossProfit": "739300000", "totalRevenue": "2794900000", "costOfRevenue": "2055600000", "costofGoodsAndServicesSold": "2055600000", "operatingIncome": "401600000", "sellingGeneralAndAdministrative": "337700000", "researchAndDevelopment": "None", "operatingExpenses": "337700000", "investmentIncomeNet": "None", "netInterestIncome": "-105800000", "interestIncome": "900000", "interestExpense": "106700000", "nonInterestIncome": "None", "otherNonOperatingIncome": "None", "depreciation": "None", "depreciationAndAmortization": "99100000", "incomeBeforeTax": "328000000", "incomeTaxExpense": "-138900000", "interestAndDebtExpense": "None", "netIncomeFromContinuingOperations": "466900000", "comprehensiveIncomeNetOfTax": "None", "ebit": "434700000", "ebitda": "533800000", "netIncome": "466800000"}, {"fiscalDateEnding": "2024-05-31", "reportedCurrency": "USD", "grossProfit": "804900000", "totalRevenue": "2905900000", "costOfRevenue": "2101000000", "costofGoodsAndServicesSold": "2101000000", "operatingIncome": "-556100000", "sellingGeneralAndAdministrative": "1361000000", "researchAndDevelopment": "61400000", "operatingExpenses": "1361000000", "investmentIncomeNet": "None", "netInterestIncome": "-104700000", "interestIncome": "2400000", "interestExpense": "107100000", "nonInterestIncome": "None", "otherNonOperatingIncome": "None", "depreciation": "None", "depreciationAndAmortization": "109200000", "incomeBeforeTax": "-470800000", "incomeTaxExpense": "-34600000", "interestAndDebtExpense": "None", "netIncomeFromContinuingOperations": "-567200000", "comprehensiveIncomeNetOfTax": "None", "ebit": "-363700000", "ebitda": "-254500000", "netIncome": "-567300000"}, {"fiscalDateEnding": "2024-02-29", "reportedCurrency": "USD", "grossProfit": "858800000", "totalRevenue": "3032900000", "costOfRevenue": "2174100000", "costofGoodsAndServicesSold": "2174100000", "operatingIncome": "471400000", "sellingGeneralAndAdministrative": "387400000", "researchAndDevelopment": "None", "operatingExpenses": "387400000", "investmentIncomeNet": "None", "netInterestIncome": "-106500000", "interestIncome": "1400000", "interestExpense": "107900000", "nonInterestIncome": "None", "otherNonOperatingIncome": "None", "depreciation": "None", "depreciationAndAmortization": "95800000", "incomeBeforeTax": "363500000", "incomeTaxExpense": "95900000", "interestAndDebtExpense": "None", "netIncomeFromContinuingOperations": "308800000", "comprehensiveIncomeNetOfTax": "None", "ebit": "471400000", "ebitda": "567200000", "netIncome": "308600000"}, {"fiscalDateEnding": "2023-11-30", "reportedCurrency": "USD", "grossProfit": "846600000", "totalRevenue": "3208100000", "costOfRevenue": "2361500000", "costofGoodsAndServicesSold": "2361500000", "operatingIncome": "334800000", "sellingGeneralAndAdministrative": "398500000", "researchAndDevelopment": "None", "operatingExpenses": "398500000", "investmentIncomeNet": "None", "netInterestIncome": "-113300000", "interestIncome": "800000", "interestExpense": "113300000", "nonInterestIncome": "None", "otherNonOperatingIncome": "None", "depreciation": "None", "depreciationAndAmortization": "99300000", "incomeBeforeTax": "334800000", "incomeTaxExpense": "102900000", "interestAndDebtExpense": "None", "netIncomeFromContinuingOperations": "286200000", "comprehensiveIncomeNetOfTax": "None", "ebit": "448100000", "ebitda": "547400000", "netIncome": "286200000"}, {"fiscalDateEnding": "2023-08-31", "reportedCurrency": "USD", "grossProfit": "823100000", "totalRevenue": "2904000000", "costOfRevenue": "2080900000", "costofGoodsAndServicesSold": "2080900000", "operatingIncome": "382700000", "sellingGeneralAndAdministrative": "334400000", "researchAndDevelopment": "None", "operatingExpenses": "334100000", "investmentIncomeNet": "None", "netInterestIncome": "-106000000", "interestIncome": "106000000", "interestExpense": "106000000", "nonInterestIncome": "None", "otherNonOperatingIncome": "None", "depreciation": "None", "depreciationAndAmortization": "96600000", "incomeBeforeTax": "382700000", "incomeTaxExpense": "98300000", "interestAndDebtExpense": "None", "netIncomeFromContinuingOperations": "319900000", "comprehensiveIncomeNetOfTax": "None", "ebit": "286100000", "ebitda": "382700000", "netIncome": "319700000"}, {"fiscalDateEnding": "2023-05-31", "reportedCurrency": "USD", "grossProfit": "783400000", "totalRevenue": "2973300000", "costOfRevenue": "2189900000", "costofGoodsAndServicesSold": "2189900000", "operatingIncome": "63000000", "sellingGeneralAndAdministrative": "726400000", "researchAndDevelopment": "57700000", "operatingExpenses": "726400000", "investmentIncomeNet": "None", "netInterestIncome": "-108000000", "interestIncome": "1300000", "interestExpense": "108000000", "nonInterestIncome": "None", "otherNonOperatingIncome": "63000000", "depreciation": "None", "depreciationAndAmortization": "92900000", "incomeBeforeTax": "-45000000", "incomeTaxExpense": "-18300000", "interestAndDebtExpense": "None", "netIncomeFromContinuingOperations": "-26700000", "comprehensiveIncomeNetOfTax": "None", "ebit": "63000000", "ebitda": "155900000", "netIncome": "37500000"}, {"fiscalDateEnding": "2023-02-28", "reportedCurrency": "USD", "grossProfit": "838800000", "totalRevenue": "3086500000", "costOfRevenue": "2247700000", "costofGoodsAndServicesSold": "2247700000", "operatingIncome": "496000000", "sellingGeneralAndAdministrative": "348800000", "researchAndDevelopment": "None", "operatingExpenses": "348800000", "investmentIncomeNet": "None", "netInterestIncome": "-104200000", "interestIncome": "104200000", "interestExpense": "104200000", "nonInterestIncome": "None", "otherNonOperatingIncome": "50500000", "depreciation": "None", "depreciationAndAmortization": "91500000", "incomeBeforeTax": "391800000", "incomeTaxExpense": "100100000", "interestAndDebtExpense": "None", "netIncomeFromContinuingOperations": "291700000", "comprehensiveIncomeNetOfTax": "None", "ebit": "496000000", "ebitda": "587500000", "netIncome": "341700000"}, {"fiscalDateEnding": "2022-11-30", "reportedCurrency": "USD", "grossProfit": "922300000", "totalRevenue": "3312900000", "costOfRevenue": "2390600000", "costofGoodsAndServicesSold": "2390600000", "operatingIncome": "463200000", "sellingGeneralAndAdministrative": "372700000", "researchAndDevelopment": "None", "operatingExpenses": "372700000", "investmentIncomeNet": "None", "netInterestIncome": "-100300000", "interestIncome": "600000", "interestExpense": "100300000", "nonInterestIncome": "None", "otherNonOperatingIncome": "49300000", "depreciation": "None", "depreciationAndAmortization": "92500000", "incomeBeforeTax": "455400000", "incomeTaxExpense": "122500000", "interestAndDebtExpense": "None", "netIncomeFromContinuingOperations": "382200000", "comprehensiveIncomeNetOfTax": "None", "ebit": "463200000", "ebitda": "555700000", "netIncome": "381900000"}, {"fiscalDateEnding": "2022-08-31", "reportedCurrency": "USD", "grossProfit": "720300000", "totalRevenue": "2904300000", "costOfRevenue": "2184000000", "costofGoodsAndServicesSold": "2184000000", "operatingIncome": "-14300000", "sellingGeneralAndAdministrative": "741600000", "researchAndDevelopment": "None", "operatingExpenses": "741600000", "investmentIncomeNet": "None", "netInterestIncome": "-97100000", "interestIncome": "900000", "interestExpense": "98000000", "nonInterestIncome": "None", "otherNonOperatingIncome": "49200000", "depreciation": "None", "depreciationAndAmortization": "93000000", "incomeBeforeTax": "-112300000", "incomeTaxExpense": "14400000", "interestAndDebtExpense": "None", "netIncomeFromContinuingOperations": "-77500000", "comprehensiveIncomeNetOfTax": "None", "ebit": "-14300000", "ebitda": "78700000", "netIncome": "-77500000"}, {"fiscalDateEnding": "2022-05-31", "reportedCurrency": "USD", "grossProfit": "712400000", "totalRevenue": "2910000000", "costOfRevenue": "2197600000", "costofGoodsAndServicesSold": "2197600000", "operatingIncome": "498500000", "sellingGeneralAndAdministrative": "499300000", "researchAndDevelopment": "53400000", "operatingExpenses": "213900000", "investmentIncomeNet": "None", "netInterestIncome": "-96200000", "interestIncome": "1000000", "interestExpense": "96200000", "nonInterestIncome": "None", "otherNonOperatingIncome": "47500000", "depreciation": "None", "depreciationAndAmortization": "89800000", "incomeBeforeTax": "136900000", "incomeTaxExpense": "26700000", "interestAndDebtExpense": "None", "netIncomeFromContinuingOperations": "157700000", "comprehensiveIncomeNetOfTax": "None", "ebit": "498500000", "ebitda": "588300000", "netIncome": "158900000"}, {"fiscalDateEnding": "2022-02-28", "reportedCurrency": "USD", "grossProfit": "697200000", "totalRevenue": "2913700000", "costOfRevenue": "2216500000", "costofGoodsAndServicesSold": "2216500000", "operatingIncome": "375800000", "sellingGeneralAndAdministrative": "338000000", "researchAndDevelopment": "None", "operatingExpenses": "338000000", "investmentIncomeNet": "None", "netInterestIncome": "-94600000", "interestIncome": "94600000", "interestExpense": "95100000", "nonInterestIncome": "None", "otherNonOperatingIncome": "48100000", "depreciation": "None", "depreciationAndAmortization": "92100000", "incomeBeforeTax": "280700000", "incomeTaxExpense": "109900000", "interestAndDebtExpense": "None", "netIncomeFromContinuingOperations": "170800000", "comprehensiveIncomeNetOfTax": "None", "ebit": "375800000", "ebitda": "467900000", "netIncome": "218400000"}, {"fiscalDateEnding": "2021-11-30", "reportedCurrency": "USD", "grossProfit": "754800000", "totalRevenue": "3058900000", "costOfRevenue": "2304100000", "costofGoodsAndServicesSold": "2304100000", "operatingIncome": "454900000", "sellingGeneralAndAdministrative": "345400000", "researchAndDevelopment": "None", "operatingExpenses": "345400000", "investmentIncomeNet": "None", "netInterestIncome": "-94900000", "interestIncome": "94900000", "interestExpense": "95200000", "nonInterestIncome": "None", "otherNonOperatingIncome": "29500000", "depreciation": "None", "depreciationAndAmortization": "97000000", "incomeBeforeTax": "330600000", "incomeTaxExpense": "84200000", "interestAndDebtExpense": "None", "netIncomeFromContinuingOperations": "246400000", "comprehensiveIncomeNetOfTax": "None", "ebit": "425800000", "ebitda": "522800000", "netIncome": "275500000"}, {"fiscalDateEnding": "2021-08-31", "reportedCurrency": "USD", "grossProfit": "673400000", "totalRevenue": "2653300000", "costOfRevenue": "1979900000", "costofGoodsAndServicesSold": "1979900000", "operatingIncome": "363300000", "sellingGeneralAndAdministrative": "310100000", "researchAndDevelopment": "None", "operatingExpenses": "310100000", "investmentIncomeNet": "None", "netInterestIncome": "-94200000", "interestIncome": "300000", "interestExpense": "94500000", "nonInterestIncome": "None", "otherNonOperatingIncome": "20200000", "depreciation": "None", "depreciationAndAmortization": "96500000", "incomeBeforeTax": "285200000", "incomeTaxExpense": "69700000", "interestAndDebtExpense": "None", "netIncomeFromContinuingOperations": "215500000", "comprehensiveIncomeNetOfTax": "None", "ebit": "379700000", "ebitda": "476200000", "netIncome": "235400000"}, {"fiscalDateEnding": "2021-05-31", "reportedCurrency": "USD", "grossProfit": "721700000", "totalRevenue": "2739500000", "costOfRevenue": "2017800000", "costofGoodsAndServicesSold": "2017800000", "operatingIncome": "286400000", "sellingGeneralAndAdministrative": "435300000", "researchAndDevelopment": "51300000", "operatingExpenses": "435300000", "investmentIncomeNet": "None", "netInterestIncome": "-98400000", "interestIncome": "98400000", "interestExpense": "98400000", "nonInterestIncome": "None", "otherNonOperatingIncome": "33400000", "depreciation": "None", "depreciationAndAmortization": "98100000", "incomeBeforeTax": "201300000", "incomeTaxExpense": "-75200000", "interestAndDebtExpense": "None", "netIncomeFromContinuingOperations": "309900000", "comprehensiveIncomeNetOfTax": "None", "ebit": "299700000", "ebitda": "397800000", "netIncome": "309500000"}, {"fiscalDateEnding": "2021-02-28", "reportedCurrency": "USD", "grossProfit": "758400000", "totalRevenue": "2771100000", "costOfRevenue": "2012700000", "costofGoodsAndServicesSold": "2012700000", "operatingIncome": "448700000", "sellingGeneralAndAdministrative": "309700000", "researchAndDevelopment": "None", "operatingExpenses": "309700000", "investmentIncomeNet": "None", "netInterestIncome": "-100600000", "interestIncome": "400000", "interestExpense": "100600000", "nonInterestIncome": "None", "otherNonOperatingIncome": "21500000", "depreciation": "None", "depreciationAndAmortization": "96600000", "incomeBeforeTax": "361800000", "incomeTaxExpense": "101600000", "interestAndDebtExpense": "None", "netIncomeFromContinuingOperations": "260200000", "comprehensiveIncomeNetOfTax": "None", "ebit": "462400000", "ebitda": "559000000", "netIncome": "281400000"}, {"fiscalDateEnding": "2020-11-30", "reportedCurrency": "USD", "grossProfit": "888900000", "totalRevenue": "2995200000", "costOfRevenue": "2106300000", "costofGoodsAndServicesSold": "2106300000", "operatingIncome": "531200000", "sellingGeneralAndAdministrative": "357700000", "researchAndDevelopment": "None", "operatingExpenses": "357700000", "investmentIncomeNet": "None", "netInterestIncome": "-107700000", "interestIncome": "400000", "interestExpense": "107700000", "nonInterestIncome": "None", "otherNonOperatingIncome": "23000000", "depreciation": "None", "depreciationAndAmortization": "97800000", "incomeBeforeTax": "437200000", "incomeTaxExpense": "80700000", "interestAndDebtExpense": "None", "netIncomeFromContinuingOperations": "356500000", "comprehensiveIncomeNetOfTax": "None", "ebit": "544900000", "ebitda": "642700000", "netIncome": "378900000"}, {"fiscalDateEnding": "2020-08-31", "reportedCurrency": "USD", "grossProfit": "810200000", "totalRevenue": "2678900000", "costOfRevenue": "1868700000", "costofGoodsAndServicesSold": "1868700000", "operatingIncome": "509900000", "sellingGeneralAndAdministrative": "300300000", "researchAndDevelopment": "None", "operatingExpenses": "300300000", "investmentIncomeNet": "None", "netInterestIncome": "-113700000", "interestIncome": "113700000", "interestExpense": "113700000", "nonInterestIncome": "None", "otherNonOperatingIncome": "6500000", "depreciation": "None", "depreciationAndAmortization": "95200000", "incomeBeforeTax": "410000000", "incomeTaxExpense": "86700000", "interestAndDebtExpense": "None", "netIncomeFromContinuingOperations": "323300000", "comprehensiveIncomeNetOfTax": "None", "ebit": "523700000", "ebitda": "618900000", "netIncome": "329000000"}, {"fiscalDateEnding": "2020-05-31", "reportedCurrency": "USD", "grossProfit": "922800000", "totalRevenue": "3287900000", "costOfRevenue": "2365100000", "costofGoodsAndServicesSold": "2365100000", "operatingIncome": "390800000", "sellingGeneralAndAdministrative": "532000000", "researchAndDevelopment": "56400000", "operatingExpenses": "532000000", "investmentIncomeNet": "None", "netInterestIncome": "-125300000", "interestIncome": "800000", "interestExpense": "125300000", "nonInterestIncome": "None", "otherNonOperatingIncome": "22900000", "depreciation": "None", "depreciationAndAmortization": "96400000", "incomeBeforeTax": "238200000", "incomeTaxExpense": "59800000", "interestAndDebtExpense": "None", "netIncomeFromContinuingOperations": "213600000", "comprehensiveIncomeNetOfTax": "None", "ebit": "363500000", "ebitda": "459900000", "netIncome": "201400000"}, {"fiscalDateEnding": "2020-02-29", "reportedCurrency": "USD", "grossProfit": "684400000", "totalRevenue": "2555000000", "costOfRevenue": "1870600000", "costofGoodsAndServicesSold": "1870600000", "operatingIncome": "364500000", "sellingGeneralAndAdministrative": "319900000", "researchAndDevelopment": "None", "operatingExpenses": "319900000", "investmentIncomeNet": "None", "netInterestIncome": "-117700000", "interestIncome": "1300000", "interestExpense": "117700000", "nonInterestIncome": "None", "otherNonOperatingIncome": "10400000", "depreciation": "None", "depreciationAndAmortization": "99100000", "incomeBeforeTax": "263200000", "incomeTaxExpense": "68900000", "interestAndDebtExpense": "None", "netIncomeFromContinuingOperations": "204700000", "comprehensiveIncomeNetOfTax": "None", "ebit": "380900000", "ebitda": "480000000", "netIncome": "204400000"}, {"fiscalDateEnding": "2019-11-30", "reportedCurrency": "USD", "grossProfit": "797900000", "totalRevenue": "2820800000", "costOfRevenue": "2022900000", "costofGoodsAndServicesSold": "2022900000", "operatingIncome": "428100000", "sellingGeneralAndAdministrative": "369800000", "researchAndDevelopment": "None", "operatingExpenses": "369800000", "investmentIncomeNet": "None", "netInterestIncome": "-121400000", "interestIncome": "400000", "interestExpense": "121400000", "nonInterestIncome": "None", "otherNonOperatingIncome": "27600000", "depreciation": "None", "depreciationAndAmortization": "96700000", "incomeBeforeTax": "318000000", "incomeTaxExpense": "84100000", "interestAndDebtExpense": "None", "netIncomeFromContinuingOperations": "261500000", "comprehensiveIncomeNetOfTax": "None", "ebit": "439400000", "ebitda": "536100000", "netIncome": "260500000"}, {"fiscalDateEnding": "2019-08-31", "reportedCurrency": "USD", "grossProfit": "664500000", "totalRevenue": "2390700000", "costOfRevenue": "1726200000", "costofGoodsAndServicesSold": "1726200000", "operatingIncome": "263700000", "sellingGeneralAndAdministrative": "400800000", "researchAndDevelopment": "None", "operatingExpenses": "400800000", "investmentIncomeNet": "None", "netInterestIncome": "-122700000", "interestIncome": "600000", "interestExpense": "122700000", "nonInterestIncome": "None", "otherNonOperatingIncome": "12300000", "depreciation": "None", "depreciationAndAmortization": "96700000", "incomeBeforeTax": "150500000", "incomeTaxExpense": "-11500000", "interestAndDebtExpense": "None", "netIncomeFromContinuingOperations": "162000000", "comprehensiveIncomeNetOfTax": "None", "ebit": "273200000", "ebitda": "369900000", "netIncome": "173800000"}, {"fiscalDateEnding": "2019-05-31", "reportedCurrency": "USD", "grossProfit": "708000000", "totalRevenue": "2613200000", "costOfRevenue": "1905200000", "costofGoodsAndServicesSold": "1905200000", "operatingIncome": "313300000", "sellingGeneralAndAdministrative": "394700000", "researchAndDevelopment": "56100000", "operatingExpenses": "394700000", "investmentIncomeNet": "None", "netInterestIncome": "-130900000", "interestIncome": "1800000", "interestExpense": "130900000", "nonInterestIncome": "None", "otherNonOperatingIncome": "9200000", "depreciation": "None", "depreciationAndAmortization": "100400000", "incomeBeforeTax": "187800000", "incomeTaxExpense": "71800000", "interestAndDebtExpense": "None", "netIncomeFromContinuingOperations": "125200000", "comprehensiveIncomeNetOfTax": "None", "ebit": "318700000", "ebitda": "419100000", "netIncome": "126500000"}, {"fiscalDateEnding": "2019-02-28", "reportedCurrency": "USD", "grossProfit": "752300000", "totalRevenue": "2707100000", "costOfRevenue": "1954800000", "costofGoodsAndServicesSold": "1954800000", "operatingIncome": "418200000", "sellingGeneralAndAdministrative": "334100000", "researchAndDevelopment": "0", "operatingExpenses": "334100000", "investmentIncomeNet": "None", "netInterestIncome": "-130900000", "interestIncome": "1900000", "interestExpense": "130900000", "nonInterestIncome": "None", "otherNonOperatingIncome": "12700000", "depreciation": "None", "depreciationAndAmortization": "92300000", "incomeBeforeTax": "297100000", "incomeTaxExpense": "67200000", "interestAndDebtExpense": "None", "netIncomeFromContinuingOperations": "242600000", "comprehensiveIncomeNetOfTax": "None", "ebit": "428000000", "ebitda": "520300000", "netIncome": "242000000"}, {"fiscalDateEnding": "2018-11-30", "reportedCurrency": "USD", "grossProfit": "677200000", "totalRevenue": "2383700000", "costOfRevenue": "1706500000", "costofGoodsAndServicesSold": "1706500000", "operatingIncome": "189900000", "sellingGeneralAndAdministrative": "487300000", "researchAndDevelopment": "0", "operatingExpenses": "487300000", "investmentIncomeNet": "None", "netInterestIncome": "None", "interestIncome": "None", "interestExpense": "80600000", "nonInterestIncome": "None", "otherNonOperatingIncome": "37700000", "depreciation": "None", "depreciationAndAmortization": "76600000", "incomeBeforeTax": "119000000", "incomeTaxExpense": "22400000", "interestAndDebtExpense": "None", "netIncomeFromContinuingOperations": "134300000", "comprehensiveIncomeNetOfTax": "None", "ebit": "199600000", "ebitda": "276200000", "netIncome": "131600000"}, {"fiscalDateEnding": "2018-08-31", "reportedCurrency": "USD", "grossProfit": "515500000", "totalRevenue": "1834400000", "costOfRevenue": "1318900000", "costofGoodsAndServicesSold": "1318900000", "operatingIncome": "258200000", "sellingGeneralAndAdministrative": "257300000", "researchAndDevelopment": "0", "operatingExpenses": "257300000", "investmentIncomeNet": "None", "netInterestIncome": "None", "interestIncome": "None", "interestExpense": "49000000", "nonInterestIncome": "None", "otherNonOperatingIncome": "16200000", "depreciation": "None", "depreciationAndAmortization": "63700000", "incomeBeforeTax": "219400000", "incomeTaxExpense": "57400000", "interestAndDebtExpense": "None", "netIncomeFromContinuingOperations": "178200000", "comprehensiveIncomeNetOfTax": "None", "ebit": "268400000", "ebitda": "332100000", "netIncome": "178200000"}, {"fiscalDateEnding": "2018-05-31", "reportedCurrency": "USD", "grossProfit": "575400000", "totalRevenue": "1966200000", "costOfRevenue": "1390800000", "costofGoodsAndServicesSold": "1390800000", "operatingIncome": "133900000", "sellingGeneralAndAdministrative": "441500000", "researchAndDevelopment": "47300000", "operatingExpenses": "441500000", "investmentIncomeNet": "None", "netInterestIncome": "None", "interestIncome": "None", "interestExpense": "44500000", "nonInterestIncome": "None", "otherNonOperatingIncome": "17700000", "depreciation": "None", "depreciationAndAmortization": "63600000", "incomeBeforeTax": "89400000", "incomeTaxExpense": "36500000", "interestAndDebtExpense": "None", "netIncomeFromContinuingOperations": "70600000", "comprehensiveIncomeNetOfTax": "None", "ebit": "133900000", "ebitda": "197500000", "netIncome": "69600000"}, {"fiscalDateEnding": "2018-02-28", "reportedCurrency": "USD", "grossProfit": "598800000", "totalRevenue": "1994500000", "costOfRevenue": "1395700000", "costofGoodsAndServicesSold": "1395700000", "operatingIncome": "268600000", "sellingGeneralAndAdministrative": "330200000", "researchAndDevelopment": "0", "operatingExpenses": "330200000", "investmentIncomeNet": "None", "netInterestIncome": "None", "interestIncome": "None", "interestExpense": "39800000", "nonInterestIncome": "None", "otherNonOperatingIncome": "29000000", "depreciation": "None", "depreciationAndAmortization": "64400000", "incomeBeforeTax": "228800000", "incomeTaxExpense": "-91400000", "interestAndDebtExpense": "None", "netIncomeFromContinuingOperations": "349200000", "comprehensiveIncomeNetOfTax": "None", "ebit": "268600000", "ebitda": "333000000", "netIncome": "362800000"}, {"fiscalDateEnding": "2017-11-30", "reportedCurrency": "USD", "grossProfit": "658300000", "totalRevenue": "2173400000", "costOfRevenue": "1515100000", "costofGoodsAndServicesSold": "1515100000", "operatingIncome": "351000000", "sellingGeneralAndAdministrative": "307300000", "researchAndDevelopment": "0", "operatingExpenses": "307300000", "investmentIncomeNet": "None", "netInterestIncome": "None", "interestIncome": "None", "interestExpense": "38000000", "nonInterestIncome": "None", "otherNonOperatingIncome": "20600000", "depreciation": "None", "depreciationAndAmortization": "64300000", "incomeBeforeTax": "313000000", "incomeTaxExpense": "109500000", "interestAndDebtExpense": "None", "netIncomeFromContinuingOperations": "224100000", "comprehensiveIncomeNetOfTax": "None", "ebit": "351000000", "ebitda": "415300000", "netIncome": "223500000"}, {"fiscalDateEnding": "2017-08-31", "reportedCurrency": "USD", "grossProfit": "519000000", "totalRevenue": "1804200000", "costOfRevenue": "1285200000", "costofGoodsAndServicesSold": "1285200000", "operatingIncome": "244500000", "sellingGeneralAndAdministrative": "239000000", "researchAndDevelopment": "0", "operatingExpenses": "239000000", "investmentIncomeNet": "None", "netInterestIncome": "None", "interestIncome": "None", "interestExpense": "36400000", "nonInterestIncome": "None", "otherNonOperatingIncome": "30000000", "depreciation": "None", "depreciationAndAmortization": "64700000", "incomeBeforeTax": "243600000", "incomeTaxExpense": "120000000", "interestAndDebtExpense": "None", "netIncomeFromContinuingOperations": "153600000", "comprehensiveIncomeNetOfTax": "None", "ebit": "280000000", "ebitda": "344700000", "netIncome": "152500000"}, {"fiscalDateEnding": "2017-05-31", "reportedCurrency": "USD", "grossProfit": "529000000", "totalRevenue": "1861700000", "costOfRevenue": "1332700000", "costofGoodsAndServicesSold": "1332700000", "operatingIncome": "111200000", "sellingGeneralAndAdministrative": "417800000", "researchAndDevelopment": "44600000", "operatingExpenses": "417800000", "investmentIncomeNet": "None", "netInterestIncome": "None", "interestIncome": "None", "interestExpense": "37500000", "nonInterestIncome": "None", "otherNonOperatingIncome": "8600000", "depreciation": "None", "depreciationAndAmortization": "68200000", "incomeBeforeTax": "73700000", "incomeTaxExpense": "-60800000", "interestAndDebtExpense": "None", "netIncomeFromContinuingOperations": "63700000", "comprehensiveIncomeNetOfTax": "None", "ebit": "111200000", "ebitda": "179400000", "netIncome": "151300000"}, {"fiscalDateEnding": "2017-02-28", "reportedCurrency": "USD", "grossProfit": "621000000", "totalRevenue": "1981200000", "costOfRevenue": "1360200000", "costofGoodsAndServicesSold": "1360200000", "operatingIncome": "271300000", "sellingGeneralAndAdministrative": "349700000", "researchAndDevelopment": "0", "operatingExpenses": "349700000", "investmentIncomeNet": "None", "netInterestIncome": "None", "interestIncome": "None", "interestExpense": "45700000", "nonInterestIncome": "None", "otherNonOperatingIncome": "21800000", "depreciation": "None", "depreciationAndAmortization": "66300000", "incomeBeforeTax": "225600000", "incomeTaxExpense": "67900000", "interestAndDebtExpense": "None", "netIncomeFromContinuingOperations": "179500000", "comprehensiveIncomeNetOfTax": "None", "ebit": "271300000", "ebitda": "337600000", "netIncome": "179700000"}, {"fiscalDateEnding": "2016-11-30", "reportedCurrency": "USD", "grossProfit": "647500000", "totalRevenue": "2088400000", "costOfRevenue": "1440900000", "costofGoodsAndServicesSold": "1440900000", "operatingIncome": "176300000", "sellingGeneralAndAdministrative": "417900000", "researchAndDevelopment": "66700000", "operatingExpenses": "417900000", "investmentIncomeNet": "None", "netInterestIncome": "None", "interestIncome": "None", "interestExpense": "54100000", "nonInterestIncome": "None", "otherNonOperatingIncome": "17200000", "depreciation": "None", "depreciationAndAmortization": "40800000", "incomeBeforeTax": "175500000", "incomeTaxExpense": "78400000", "interestAndDebtExpense": "None", "netIncomeFromContinuingOperations": "114300000", "comprehensiveIncomeNetOfTax": "None", "ebit": "229600000", "ebitda": "270400000", "netIncome": "122100000"}, {"fiscalDateEnding": "2016-08-31", "reportedCurrency": "USD", "grossProfit": "724100000", "totalRevenue": "2667500000", "costOfRevenue": "1943400000", "costofGoodsAndServicesSold": "1943400000", "operatingIncome": "442600000", "sellingGeneralAndAdministrative": "281500000", "researchAndDevelopment": "133400000", "operatingExpenses": "281500000", "investmentIncomeNet": "None", "netInterestIncome": "None", "interestIncome": "None", "interestExpense": "59000000", "nonInterestIncome": "None", "otherNonOperatingIncome": "23600000", "depreciation": "None", "depreciationAndAmortization": "92700000", "incomeBeforeTax": "383600000", "incomeTaxExpense": "218700000", "interestAndDebtExpense": "None", "netIncomeFromContinuingOperations": "188500000", "comprehensiveIncomeNetOfTax": "None", "ebit": "442600000", "ebitda": "535300000", "netIncome": "186200000"}, {"fiscalDateEnding": "2016-05-31", "reportedCurrency": "USD", "grossProfit": "760900000", "totalRevenue": "2827500000", "costOfRevenue": "2066600000", "costofGoodsAndServicesSold": "2066600000", "operatingIncome": "-28800000", "sellingGeneralAndAdministrative": "789700000", "researchAndDevelopment": "59600000", "operatingExpenses": "789700000", "investmentIncomeNet": "None", "netInterestIncome": "None", "interestIncome": "None", "interestExpense": "61000000", "nonInterestIncome": "None", "otherNonOperatingIncome": "None", "depreciation": "None", "depreciationAndAmortization": "92200000", "incomeBeforeTax": "-89800000", "incomeTaxExpense": "-33900000", "interestAndDebtExpense": "None", "netIncomeFromContinuingOperations": "1730500000", "comprehensiveIncomeNetOfTax": "None", "ebit": "-121000000", "ebitda": "-28800000", "netIncome": "117600000"}, {"fiscalDateEnding": "2016-02-29", "reportedCurrency": "USD", "grossProfit": "800400000", "totalRevenue": "2924100000", "costOfRevenue": "2123700000", "costofGoodsAndServicesSold": "2123700000", "operatingIncome": "310800000", "sellingGeneralAndAdministrative": "489600000", "researchAndDevelopment": "0", "operatingExpenses": "489600000", "investmentIncomeNet": "None", "netInterestIncome": "None", "interestIncome": "None", "interestExpense": "77400000", "nonInterestIncome": "None", "otherNonOperatingIncome": "44700000", "depreciation": "None", "depreciationAndAmortization": "92900000", "incomeBeforeTax": "233900000", "incomeTaxExpense": "91000000", "interestAndDebtExpense": "None", "netIncomeFromContinuingOperations": "187600000", "comprehensiveIncomeNetOfTax": "None", "ebit": "311300000", "ebitda": "404200000", "netIncome": "204600000"}, {"fiscalDateEnding": "2015-11-30", "reportedCurrency": "USD", "grossProfit": "828000000", "totalRevenue": "3092700000", "costOfRevenue": "2264700000", "costofGoodsAndServicesSold": "2264700000", "operatingIncome": "223800000", "sellingGeneralAndAdministrative": "524700000", "researchAndDevelopment": "90400000", "operatingExpenses": "524700000", "investmentIncomeNet": "None", "netInterestIncome": "None", "interestIncome": "None", "interestExpense": "79600000", "nonInterestIncome": "None", "otherNonOperatingIncome": "25300000", "depreciation": "None", "depreciationAndAmortization": "97200000", "incomeBeforeTax": "223700000", "incomeTaxExpense": "83200000", "interestAndDebtExpense": "None", "netIncomeFromContinuingOperations": "165800000", "comprehensiveIncomeNetOfTax": "None", "ebit": "303300000", "ebitda": "400500000", "netIncome": "154900000"}, {"fiscalDateEnding": "2015-08-31", "reportedCurrency": "USD", "grossProfit": "700800000", "totalRevenue": "2793800000", "costOfRevenue": "2093000000", "costofGoodsAndServicesSold": "2093000000", "operatingIncome": "295400000", "sellingGeneralAndAdministrative": "405400000", "researchAndDevelopment": "180800000", "operatingExpenses": "405400000", "investmentIncomeNet": "None", "netInterestIncome": "None", "interestIncome": "None", "interestExpense": "80300000", "nonInterestIncome": "None", "otherNonOperatingIncome": "37000000", "depreciation": "None", "depreciationAndAmortization": "91600000", "incomeBeforeTax": "215100000", "incomeTaxExpense": "84900000", "interestAndDebtExpense": "None", "netIncomeFromContinuingOperations": "167200000", "comprehensiveIncomeNetOfTax": "None", "ebit": "295400000", "ebitda": "387000000", "netIncome": "-1241400000"}, {"fiscalDateEnding": "2015-05-31", "reportedCurrency": "USD", "grossProfit": "892400000", "totalRevenue": "4104700000", "costOfRevenue": "3212300000", "costofGoodsAndServicesSold": "3212300000", "operatingIncome": "371000000", "sellingGeneralAndAdministrative": "521400000", "researchAndDevelopment": "70400000", "operatingExpenses": "521400000", "investmentIncomeNet": "None", "netInterestIncome": "None", "interestIncome": "None", "interestExpense": "88600000", "nonInterestIncome": "None", "otherNonOperatingIncome": "29500000", "depreciation": "None", "depreciationAndAmortization": "149400000", "incomeBeforeTax": "282400000", "incomeTaxExpense": "105000000", "interestAndDebtExpense": "None", "netIncomeFromContinuingOperations": "206900000", "comprehensiveIncomeNetOfTax": "None", "ebit": "371000000", "ebitda": "520400000", "netIncome": "209200000"}, {"fiscalDateEnding": "2015-02-28", "reportedCurrency": "USD", "grossProfit": "823800000", "totalRevenue": "3876700000", "costOfRevenue": "3052900000", "costofGoodsAndServicesSold": "3052900000", "operatingIncome": "-902300000", "sellingGeneralAndAdministrative": "1726100000", "researchAndDevelopment": "0", "operatingExpenses": "1726100000", "investmentIncomeNet": "None", "netInterestIncome": "None", "interestIncome": "None", "interestExpense": "80300000", "nonInterestIncome": "None", "otherNonOperatingIncome": "33000000", "depreciation": "None", "depreciationAndAmortization": "145100000", "incomeBeforeTax": "-982600000", "incomeTaxExpense": "2500000", "interestAndDebtExpense": "None", "netIncomeFromContinuingOperations": "-952100000", "comprehensiveIncomeNetOfTax": "None", "ebit": "-902300000", "ebitda": "-757200000", "netIncome": "-954100000"}, {"fiscalDateEnding": "2014-11-30", "reportedCurrency": "USD", "grossProfit": "888500000", "totalRevenue": "4150000000", "costOfRevenue": "3261500000", "costofGoodsAndServicesSold": "3261500000", "operatingIncome": "155900000", "sellingGeneralAndAdministrative": "732600000", "researchAndDevelopment": "0", "operatingExpenses": "732600000", "investmentIncomeNet": "None", "netInterestIncome": "None", "interestIncome": "None", "interestExpense": "79300000", "nonInterestIncome": "None", "otherNonOperatingIncome": "34000000", "depreciation": "None", "depreciationAndAmortization": "149700000", "incomeBeforeTax": "76600000", "incomeTaxExpense": "84000000", "interestAndDebtExpense": "None", "netIncomeFromContinuingOperations": "26600000", "comprehensiveIncomeNetOfTax": "None", "ebit": "155900000", "ebitda": "305600000", "netIncome": "10000000"}, {"fiscalDateEnding": "2014-08-31", "reportedCurrency": "USD", "grossProfit": "703800000", "totalRevenue": "3701000000", "costOfRevenue": "2997200000", "costofGoodsAndServicesSold": "2997200000", "operatingIncome": "211800000", "sellingGeneralAndAdministrative": "492000000", "researchAndDevelopment": "0", "operatingExpenses": "492000000", "investmentIncomeNet": "None", "netInterestIncome": "None", "interestIncome": "None", "interestExpense": "83700000", "nonInterestIncome": "None", "otherNonOperatingIncome": "25600000", "depreciation": "None", "depreciationAndAmortization": "148100000", "incomeBeforeTax": "128100000", "incomeTaxExpense": "42500000", "interestAndDebtExpense": "None", "netIncomeFromContinuingOperations": "111200000", "comprehensiveIncomeNetOfTax": "None", "ebit": "211800000", "ebitda": "359900000", "netIncome": "482300000"}, {"fiscalDateEnding": "2014-05-31", "reportedCurrency": "USD", "grossProfit": "905500000", "totalRevenue": "4435500000", "costOfRevenue": "3530000000", "costofGoodsAndServicesSold": "3530000000", "operatingIncome": "-180200000", "sellingGeneralAndAdministrative": "1085700000", "researchAndDevelopment": "101800000", "operatingExpenses": "1085700000", "investmentIncomeNet": "None", "netInterestIncome": "None", "interestIncome": "None", "interestExpense": "93000000", "nonInterestIncome": "None", "otherNonOperatingIncome": "None", "depreciation": "None", "depreciationAndAmortization": "155500000", "incomeBeforeTax": "-273200000", "incomeTaxExpense": "57300000", "interestAndDebtExpense": "None", "netIncomeFromContinuingOperations": "625200000", "comprehensiveIncomeNetOfTax": "None", "ebit": "-180200000", "ebitda": "-24700000", "netIncome": "-324200000"}, {"fiscalDateEnding": "2014-02-28", "reportedCurrency": "USD", "grossProfit": "975200000", "totalRevenue": "4389700000", "costOfRevenue": "3414500000", "costofGoodsAndServicesSold": "3414500000", "operatingIncome": "425000000", "sellingGeneralAndAdministrative": "550200000", "researchAndDevelopment": "0", "operatingExpenses": "550200000", "investmentIncomeNet": "None", "netInterestIncome": "None", "interestIncome": "None", "interestExpense": "95000000", "nonInterestIncome": "None", "otherNonOperatingIncome": "11200000", "depreciation": "None", "depreciationAndAmortization": "155000000", "incomeBeforeTax": "330000000", "incomeTaxExpense": "90300000", "interestAndDebtExpense": "None", "netIncomeFromContinuingOperations": "250900000", "comprehensiveIncomeNetOfTax": "None", "ebit": "425000000", "ebitda": "580000000", "netIncome": "234300000"}, {"fiscalDateEnding": "2013-11-30", "reportedCurrency": "USD", "grossProfit": "1014700000", "totalRevenue": "4713900000", "costOfRevenue": "3699200000", "costofGoodsAndServicesSold": "3699200000", "operatingIncome": "442000000", "sellingGeneralAndAdministrative": "572700000", "researchAndDevelopment": "0", "operatingExpenses": "572700000", "investmentIncomeNet": "None", "netInterestIncome": "None", "interestIncome": "None", "interestExpense": "95400000", "nonInterestIncome": "None", "otherNonOperatingIncome": "5300000", "depreciation": "None", "depreciationAndAmortization": "145400000", "incomeBeforeTax": "346600000", "incomeTaxExpense": "117900000", "interestAndDebtExpense": "None", "netIncomeFromContinuingOperations": "234000000", "comprehensiveIncomeNetOfTax": "None", "ebit": "442000000", "ebitda": "587400000", "netIncome": "248700000"}, {"fiscalDateEnding": "2013-08-31", "reportedCurrency": "USD", "grossProfit": "830900000", "totalRevenue": "4201800000", "costOfRevenue": "3370900000", "costofGoodsAndServicesSold": "3370900000", "operatingIncome": "271500000", "sellingGeneralAndAdministrative": "559400000", "researchAndDevelopment": "0", "operatingExpenses": "559400000", "investmentIncomeNet": "None", "netInterestIncome": "None", "interestIncome": "None", "interestExpense": "95600000", "nonInterestIncome": "None", "otherNonOperatingIncome": "None", "depreciation": "None", "depreciationAndAmortization": "147000000", "incomeBeforeTax": "175900000", "incomeTaxExpense": "33900000", "interestAndDebtExpense": "None", "netIncomeFromContinuingOperations": "0", "comprehensiveIncomeNetOfTax": "None", "ebit": "271500000", "ebitda": "418500000", "netIncome": "144300000"}, {"fiscalDateEnding": "2013-05-31", "reportedCurrency": "USD", "grossProfit": "951800000", "totalRevenue": "4593500000", "costOfRevenue": "3641700000", "costofGoodsAndServicesSold": "3641700000", "operatingIncome": "380800000", "sellingGeneralAndAdministrative": "571000000", "researchAndDevelopment": "93100000", "operatingExpenses": "571000000", "investmentIncomeNet": "None", "netInterestIncome": "None", "interestIncome": "None", "interestExpense": "102300000", "nonInterestIncome": "None", "otherNonOperatingIncome": "None", "depreciation": "None", "depreciationAndAmortization": "146000000", "incomeBeforeTax": "278500000", "incomeTaxExpense": "89600000", "interestAndDebtExpense": "None", "netIncomeFromContinuingOperations": "0", "comprehensiveIncomeNetOfTax": "None", "ebit": "234800000", "ebitda": "380800000", "netIncome": "192200000"}, {"fiscalDateEnding": "2013-02-28", "reportedCurrency": "USD", "grossProfit": "874000000", "totalRevenue": "3850500000", "costOfRevenue": "2976500000", "costofGoodsAndServicesSold": "2976500000", "operatingIncome": "260000000", "sellingGeneralAndAdministrative": "614000000", "researchAndDevelopment": "0", "operatingExpenses": "614000000", "investmentIncomeNet": "None", "netInterestIncome": "None", "interestIncome": "None", "interestExpense": "71600000", "nonInterestIncome": "None", "otherNonOperatingIncome": "12000000", "depreciation": "None", "depreciationAndAmortization": "113400000", "incomeBeforeTax": "189400000", "incomeTaxExpense": "78000000", "interestAndDebtExpense": "None", "netIncomeFromContinuingOperations": "123400000", "comprehensiveIncomeNetOfTax": "None", "ebit": "261000000", "ebitda": "374400000", "netIncome": "120000000"}, {"fiscalDateEnding": "2012-11-30", "reportedCurrency": "USD", "grossProfit": "862900000", "totalRevenue": "3735500000", "costOfRevenue": "2872600000", "costofGoodsAndServicesSold": "2872600000", "operatingIncome": "366200000", "sellingGeneralAndAdministrative": "496700000", "researchAndDevelopment": "0", "operatingExpenses": "496700000", "investmentIncomeNet": "None", "netInterestIncome": "None", "interestIncome": "None", "interestExpense": "53400000", "nonInterestIncome": "None", "otherNonOperatingIncome": "None", "depreciation": "None", "depreciationAndAmortization": "94400000", "incomeBeforeTax": "312800000", "incomeTaxExpense": "109100000", "interestAndDebtExpense": "None", "netIncomeFromContinuingOperations": "0", "comprehensiveIncomeNetOfTax": "None", "ebit": "366200000", "ebitda": "460600000", "netIncome": "211600000"}, {"fiscalDateEnding": "2012-08-31", "reportedCurrency": "USD", "grossProfit": "871300000", "totalRevenue": "3311900000", "costOfRevenue": "2440600000", "costofGoodsAndServicesSold": "2440600000", "operatingIncome": "417400000", "sellingGeneralAndAdministrative": "444700000", "researchAndDevelopment": "0", "operatingExpenses": "453900000", "investmentIncomeNet": "None", "netInterestIncome": "None", "interestIncome": "None", "interestExpense": "49300000", "nonInterestIncome": "None", "otherNonOperatingIncome": "None", "depreciation": "None", "depreciationAndAmortization": "91400000", "incomeBeforeTax": "368100000", "incomeTaxExpense": "123500000", "interestAndDebtExpense": "None", "netIncomeFromContinuingOperations": "0", "comprehensiveIncomeNetOfTax": "None", "ebit": "417400000", "ebitda": "508800000", "netIncome": "250100000"}, {"fiscalDateEnding": "2012-05-31", "reportedCurrency": "USD", "grossProfit": "680900000", "totalRevenue": "3413600000", "costOfRevenue": "2732700000", "costofGoodsAndServicesSold": "2732700000", "operatingIncome": "-64400000", "sellingGeneralAndAdministrative": "781400000", "researchAndDevelopment": "86000000", "operatingExpenses": "745300000", "investmentIncomeNet": "None", "netInterestIncome": "None", "interestIncome": "None", "interestExpense": "51600000", "nonInterestIncome": "None", "otherNonOperatingIncome": "None", "depreciation": "None", "depreciationAndAmortization": "94700000", "incomeBeforeTax": "-115200000", "incomeTaxExpense": "-42500000", "interestAndDebtExpense": "None", "netIncomeFromContinuingOperations": "0", "comprehensiveIncomeNetOfTax": "None", "ebit": "-63600000", "ebitda": "31100000", "netIncome": "-60800000"}, {"fiscalDateEnding": "2012-02-29", "reportedCurrency": "USD", "grossProfit": "790000000", "totalRevenue": "3373100000", "costOfRevenue": "2583100000", "costofGoodsAndServicesSold": "2583100000", "operatingIncome": "416300000", "sellingGeneralAndAdministrative": "356700000", "researchAndDevelopment": "0", "operatingExpenses": "373700000", "investmentIncomeNet": "None", "netInterestIncome": "None", "interestIncome": "None", "interestExpense": "49700000", "nonInterestIncome": "None", "otherNonOperatingIncome": "None", "depreciation": "None", "depreciationAndAmortization": "90600000", "incomeBeforeTax": "366600000", "incomeTaxExpense": "107000000", "interestAndDebtExpense": "None", "netIncomeFromContinuingOperations": "0", "comprehensiveIncomeNetOfTax": "None", "ebit": "416300000", "ebitda": "506900000", "netIncome": "271600000"}, {"fiscalDateEnding": "2011-11-30", "reportedCurrency": "USD", "grossProfit": "757300000", "totalRevenue": "3403900000", "costOfRevenue": "2646600000", "costofGoodsAndServicesSold": "2646600000", "operatingIncome": "251800000", "sellingGeneralAndAdministrative": "438900000", "researchAndDevelopment": "0", "operatingExpenses": "455800000", "investmentIncomeNet": "None", "netInterestIncome": "None", "interestIncome": "None", "interestExpense": "50600000", "nonInterestIncome": "None", "otherNonOperatingIncome": "11500000", "depreciation": "None", "depreciationAndAmortization": "95000000", "incomeBeforeTax": "250900000", "incomeTaxExpense": "87700000", "interestAndDebtExpense": "None", "netIncomeFromContinuingOperations": "174700000", "comprehensiveIncomeNetOfTax": "None", "ebit": "301500000", "ebitda": "396500000", "netIncome": "171800000"}, {"fiscalDateEnding": "2011-08-31", "reportedCurrency": "USD", "grossProfit": "598700000", "totalRevenue": "3072000000", "costOfRevenue": "2473300000", "costofGoodsAndServicesSold": "2473300000", "operatingIncome": "175800000", "sellingGeneralAndAdministrative": "406600000", "researchAndDevelopment": "0", "operatingExpenses": "422900000", "investmentIncomeNet": "None", "netInterestIncome": "None", "interestIncome": "None", "interestExpense": "52900000", "nonInterestIncome": "None", "otherNonOperatingIncome": "6200000", "depreciation": "None", "depreciationAndAmortization": "91500000", "incomeBeforeTax": "122900000", "incomeTaxExpense": "43600000", "interestAndDebtExpense": "None", "netIncomeFromContinuingOperations": "85500000", "comprehensiveIncomeNetOfTax": "None", "ebit": "175800000", "ebitda": "267300000", "netIncome": "85300000"}, {"fiscalDateEnding": "2011-05-31", "reportedCurrency": "USD", "grossProfit": "704000000", "totalRevenue": "3169700000", "costOfRevenue": "2465700000", "costofGoodsAndServicesSold": "2465700000", "operatingIncome": "451800000", "sellingGeneralAndAdministrative": "218700000", "researchAndDevelopment": "81400000", "operatingExpenses": "252200000", "investmentIncomeNet": "None", "netInterestIncome": "None", "interestIncome": "None", "interestExpense": "55800000", "nonInterestIncome": "None", "otherNonOperatingIncome": "None", "depreciation": "None", "depreciationAndAmortization": "94600000", "incomeBeforeTax": "396900000", "incomeTaxExpense": "135600000", "interestAndDebtExpense": "None", "netIncomeFromContinuingOperations": "0", "comprehensiveIncomeNetOfTax": "None", "ebit": "452700000", "ebitda": "547300000", "netIncome": "254900000"}, {"fiscalDateEnding": "2011-02-28", "reportedCurrency": "USD", "grossProfit": "797600000", "totalRevenue": "3154700000", "costOfRevenue": "2357100000", "costofGoodsAndServicesSold": "2357100000", "operatingIncome": "377100000", "sellingGeneralAndAdministrative": "404100000", "researchAndDevelopment": "0", "operatingExpenses": "420500000", "investmentIncomeNet": "None", "netInterestIncome": "None", "interestIncome": "None", "interestExpense": "54100000", "nonInterestIncome": "None", "otherNonOperatingIncome": "6600000", "depreciation": "None", "depreciationAndAmortization": "90800000", "incomeBeforeTax": "325500000", "incomeTaxExpense": "117000000", "interestAndDebtExpense": "None", "netIncomeFromContinuingOperations": "215100000", "comprehensiveIncomeNetOfTax": "None", "ebit": "379600000", "ebitda": "470400000", "netIncome": "214800000"}, {"fiscalDateEnding": "2010-11-30", "reportedCurrency": "USD", "grossProfit": "760100000", "totalRevenue": "3161100000", "costOfRevenue": "2401000000", "costofGoodsAndServicesSold": "2401000000", "operatingIncome": "331700000", "sellingGeneralAndAdministrative": "428300000", "researchAndDevelopment": "0", "operatingExpenses": "428400000", "investmentIncomeNet": "None", "netInterestIncome": "None", "interestIncome": "None", "interestExpense": "53100000", "nonInterestIncome": "None", "otherNonOperatingIncome": "4600000", "depreciation": "None", "depreciationAndAmortization": "89100000", "incomeBeforeTax": "298000000", "incomeTaxExpense": "101400000", "interestAndDebtExpense": "None", "netIncomeFromContinuingOperations": "201200000", "comprehensiveIncomeNetOfTax": "None", "ebit": "242600000", "ebitda": "331700000", "netIncome": "200900000"}, {"fiscalDateEnding": "2010-08-31", "reportedCurrency": "USD", "grossProfit": "651800000", "totalRevenue": "2817600000", "costOfRevenue": "2165800000", "costofGoodsAndServicesSold": "2165800000", "operatingIncome": "204500000", "sellingGeneralAndAdministrative": "409600000", "researchAndDevelopment": "0", "operatingExpenses": "410000000", "investmentIncomeNet": "None", "netInterestIncome": "None", "interestIncome": "None", "interestExpense": "56700000", "nonInterestIncome": "None", "otherNonOperatingIncome": "None", "depreciation": "None", "depreciationAndAmortization": "86400000", "incomeBeforeTax": "204500000", "incomeTaxExpense": "67000000", "interestAndDebtExpense": "None", "netIncomeFromContinuingOperations": "0", "comprehensiveIncomeNetOfTax": "None", "ebit": "261200000", "ebitda": "347600000", "netIncome": "146400000"}, {"fiscalDateEnding": "2010-05-31", "reportedCurrency": "USD", "grossProfit": "705100000", "totalRevenue": "2848600000", "costOfRevenue": "2143500000", "costofGoodsAndServicesSold": "2143500000", "operatingIncome": "193400000", "sellingGeneralAndAdministrative": "523200000", "researchAndDevelopment": "77900000", "operatingExpenses": "511700000", "investmentIncomeNet": "None", "netInterestIncome": "None", "interestIncome": "None", "interestExpense": "38400000", "nonInterestIncome": "None", "otherNonOperatingIncome": "None", "depreciation": "None", "depreciationAndAmortization": "77300000", "incomeBeforeTax": "177100000", "incomeTaxExpense": "48900000", "interestAndDebtExpense": "None", "netIncomeFromContinuingOperations": "0", "comprehensiveIncomeNetOfTax": "None", "ebit": "193400000", "ebitda": "270700000", "netIncome": "90600000"}, {"fiscalDateEnding": "2010-02-28", "reportedCurrency": "USD", "grossProfit": "788300000", "totalRevenue": "3096800000", "costOfRevenue": "2308500000", "costofGoodsAndServicesSold": "2308500000", "operatingIncome": "366400000", "sellingGeneralAndAdministrative": "421900000", "researchAndDevelopment": "0", "operatingExpenses": "421900000", "investmentIncomeNet": "None", "netInterestIncome": "None", "interestIncome": "None", "interestExpense": "39900000", "nonInterestIncome": "None", "otherNonOperatingIncome": "None", "depreciation": "None", "depreciationAndAmortization": "84400000", "incomeBeforeTax": "326500000", "incomeTaxExpense": "104800000", "interestAndDebtExpense": "None", "netIncomeFromContinuingOperations": "0", "comprehensiveIncomeNetOfTax": "None", "ebit": "282000000", "ebitda": "366400000", "netIncome": "229600000"}, {"fiscalDateEnding": "2009-11-30", "reportedCurrency": "USD", "grossProfit": "855300000", "totalRevenue": "3172600000", "costOfRevenue": "2317300000", "costofGoodsAndServicesSold": "2317300000", "operatingIncome": "395300000", "sellingGeneralAndAdministrative": "456100000", "researchAndDevelopment": "0", "operatingExpenses": "460000000", "investmentIncomeNet": "None", "netInterestIncome": "None", "interestIncome": "None", "interestExpense": "40600000", "nonInterestIncome": "None", "otherNonOperatingIncome": "None", "depreciation": "None", "depreciationAndAmortization": "83400000", "incomeBeforeTax": "354700000", "incomeTaxExpense": "117400000", "interestAndDebtExpense": "None", "netIncomeFromContinuingOperations": "0", "comprehensiveIncomeNetOfTax": "None", "ebit": "311900000", "ebitda": "395300000", "netIncome": "239700000"}, {"fiscalDateEnding": "2009-08-31", "reportedCurrency": "USD", "grossProfit": "716500000", "totalRevenue": "2961400000", "costOfRevenue": "2244900000", "costofGoodsAndServicesSold": "2244900000", "operatingIncome": "248600000", "sellingGeneralAndAdministrative": "421900000", "researchAndDevelopment": "0", "operatingExpenses": "426400000", "investmentIncomeNet": "None", "netInterestIncome": "None", "interestIncome": "None", "interestExpense": "41500000", "nonInterestIncome": "None", "otherNonOperatingIncome": "None", "depreciation": "None", "depreciationAndAmortization": "81700000", "incomeBeforeTax": "248600000", "incomeTaxExpense": "91000000", "interestAndDebtExpense": "None", "netIncomeFromContinuingOperations": "0", "comprehensiveIncomeNetOfTax": "None", "ebit": "208400000", "ebitda": "290100000", "netIncome": "165900000"}, {"fiscalDateEnding": "2009-05-31", "reportedCurrency": "USD", "grossProfit": "823700000", "totalRevenue": "3266600000", "costOfRevenue": "2442900000", "costofGoodsAndServicesSold": "2442900000", "operatingIncome": "312900000", "sellingGeneralAndAdministrative": "510800000", "researchAndDevelopment": "78000000", "operatingExpenses": "510800000", "investmentIncomeNet": "None", "netInterestIncome": "None", "interestIncome": "None", "interestExpense": "186200000", "nonInterestIncome": "None", "otherNonOperatingIncome": "None", "depreciation": "None", "depreciationAndAmortization": "81700000", "incomeBeforeTax": "285500000", "incomeTaxExpense": "95200000", "interestAndDebtExpense": "None", "netIncomeFromContinuingOperations": "0", "comprehensiveIncomeNetOfTax": "None", "ebit": "312900000", "ebitda": "394600000", "netIncome": "174700000"}, {"fiscalDateEnding": "2009-02-28", "reportedCurrency": "USD", "grossProfit": "738900000", "totalRevenue": "3134700000", "costOfRevenue": "2395800000", "costofGoodsAndServicesSold": "2395800000", "operatingIncome": "313800000", "sellingGeneralAndAdministrative": "420700000", "researchAndDevelopment": "0", "operatingExpenses": "425100000", "investmentIncomeNet": "None", "netInterestIncome": "None", "interestIncome": "None", "interestExpense": "42000000", "nonInterestIncome": "None", "otherNonOperatingIncome": "None", "depreciation": "None", "depreciationAndAmortization": "82000000", "incomeBeforeTax": "271800000", "incomeTaxExpense": "91700000", "interestAndDebtExpense": "None", "netIncomeFromContinuingOperations": "0", "comprehensiveIncomeNetOfTax": "None", "ebit": "313800000", "ebitda": "395800000", "netIncome": "193200000"}, {"fiscalDateEnding": "2008-11-30", "reportedCurrency": "USD", "grossProfit": "686500000", "totalRevenue": "3264300000", "costOfRevenue": "2577800000", "costofGoodsAndServicesSold": "2577800000", "operatingIncome": "296600000", "sellingGeneralAndAdministrative": "384900000", "researchAndDevelopment": "0", "operatingExpenses": "389900000", "investmentIncomeNet": "None", "netInterestIncome": "None", "interestIncome": "None", "interestExpense": "42700000", "nonInterestIncome": "None", "otherNonOperatingIncome": "None", "depreciation": "None", "depreciationAndAmortization": "78800000", "incomeBeforeTax": "253900000", "incomeTaxExpense": "84400000", "interestAndDebtExpense": "None", "netIncomeFromContinuingOperations": "0", "comprehensiveIncomeNetOfTax": "None", "ebit": "296600000", "ebitda": "375400000", "netIncome": "168100000"}, {"fiscalDateEnding": "2008-08-31", "reportedCurrency": "USD", "grossProfit": "591500000", "totalRevenue": "3065600000", "costOfRevenue": "2474100000", "costofGoodsAndServicesSold": "2474100000", "operatingIncome": "222500000", "sellingGeneralAndAdministrative": "369200000", "researchAndDevelopment": "0", "operatingExpenses": "369000000", "investmentIncomeNet": "None", "netInterestIncome": "None", "interestIncome": "None", "interestExpense": "50100000", "nonInterestIncome": "None", "otherNonOperatingIncome": "None", "depreciation": "None", "depreciationAndAmortization": "76400000", "incomeBeforeTax": "172400000", "incomeTaxExpense": "65900000", "interestAndDebtExpense": "None", "netIncomeFromContinuingOperations": "0", "comprehensiveIncomeNetOfTax": "None", "ebit": "222500000", "ebitda": "298900000", "netIncome": "442400000"}, {"fiscalDateEnding": "2008-05-31", "reportedCurrency": "USD", "grossProfit": "83400000", "totalRevenue": "1610700000", "costOfRevenue": "1527300000", "costofGoodsAndServicesSold": "1527300000", "operatingIncome": "-255900000", "sellingGeneralAndAdministrative": "468700000", "researchAndDevelopment": "68900000", "operatingExpenses": "339300000", "investmentIncomeNet": "None", "netInterestIncome": "None", "interestIncome": "None", "interestExpense": "68400000", "nonInterestIncome": "None", "otherNonOperatingIncome": "None", "depreciation": "None", "depreciationAndAmortization": "65200000", "incomeBeforeTax": "-324300000", "incomeTaxExpense": "-144600000", "interestAndDebtExpense": "None", "netIncomeFromContinuingOperations": "0", "comprehensiveIncomeNetOfTax": "None", "ebit": "-255900000", "ebitda": "-190700000", "netIncome": "201300000"}, {"fiscalDateEnding": "2008-02-29", "reportedCurrency": "USD", "grossProfit": "973000000", "totalRevenue": "3528400000", "costOfRevenue": "2555400000", "costofGoodsAndServicesSold": "2555400000", "operatingIncome": "478400000", "sellingGeneralAndAdministrative": "425600000", "researchAndDevelopment": "0", "operatingExpenses": "494600000", "investmentIncomeNet": "None", "netInterestIncome": "None", "interestIncome": "None", "interestExpense": "62100000", "nonInterestIncome": "None", "otherNonOperatingIncome": "None", "depreciation": "None", "depreciationAndAmortization": "78300000", "incomeBeforeTax": "416300000", "incomeTaxExpense": "151500000", "interestAndDebtExpense": "None", "netIncomeFromContinuingOperations": "0", "comprehensiveIncomeNetOfTax": "None", "ebit": "478400000", "ebitda": "556700000", "netIncome": "309100000"}, {"fiscalDateEnding": "2007-11-30", "reportedCurrency": "USD", "grossProfit": "945100000", "totalRevenue": "3511000000", "costOfRevenue": "2565900000", "costofGoodsAndServicesSold": "2565900000", "operatingIncome": "417900000", "sellingGeneralAndAdministrative": "488800000", "researchAndDevelopment": "0", "operatingExpenses": "527200000", "investmentIncomeNet": "None", "netInterestIncome": "None", "interestIncome": "None", "interestExpense": "64300000", "nonInterestIncome": "None", "otherNonOperatingIncome": "None", "depreciation": "None", "depreciationAndAmortization": "77400000", "incomeBeforeTax": "353600000", "incomeTaxExpense": "132900000", "interestAndDebtExpense": "None", "netIncomeFromContinuingOperations": "0", "comprehensiveIncomeNetOfTax": "None", "ebit": "417900000", "ebitda": "495300000", "netIncome": "244800000"}, {"fiscalDateEnding": "2007-08-31", "reportedCurrency": "USD", "grossProfit": "714100000", "totalRevenue": "2955600000", "costOfRevenue": "2241500000", "costofGoodsAndServicesSold": "2241500000", "operatingIncome": "309100000", "sellingGeneralAndAdministrative": "381200000", "researchAndDevelopment": "0", "operatingExpenses": "405000000", "investmentIncomeNet": "None", "netInterestIncome": "None", "interestIncome": "None", "interestExpense": "58500000", "nonInterestIncome": "None", "otherNonOperatingIncome": "None", "depreciation": "None", "depreciationAndAmortization": "75800000", "incomeBeforeTax": "250600000", "incomeTaxExpense": "87400000", "interestAndDebtExpense": "None", "netIncomeFromContinuingOperations": "0", "comprehensiveIncomeNetOfTax": "None", "ebit": "309100000", "ebitda": "384900000", "netIncome": "175400000"}, {"fiscalDateEnding": "2007-05-31", "reportedCurrency": "USD", "grossProfit": "890200000", "totalRevenue": "3332500000", "costOfRevenue": "2442300000", "costofGoodsAndServicesSold": "2442300000", "operatingIncome": "320200000", "sellingGeneralAndAdministrative": "510000000", "researchAndDevelopment": "68300000", "operatingExpenses": "570000000", "investmentIncomeNet": "None", "netInterestIncome": "None", "interestIncome": "None", "interestExpense": "59400000", "nonInterestIncome": "None", "otherNonOperatingIncome": "None", "depreciation": "None", "depreciationAndAmortization": "78400000", "incomeBeforeTax": "260800000", "incomeTaxExpense": "93300000", "interestAndDebtExpense": "None", "netIncomeFromContinuingOperations": "0", "comprehensiveIncomeNetOfTax": "None", "ebit": "320200000", "ebitda": "398600000", "netIncome": "192000000"}, {"fiscalDateEnding": "2007-02-28", "reportedCurrency": "USD", "grossProfit": "775000000", "totalRevenue": "2918400000", "costOfRevenue": "2143400000", "costofGoodsAndServicesSold": "2143400000", "operatingIncome": "324800000", "sellingGeneralAndAdministrative": "418600000", "researchAndDevelopment": "0", "operatingExpenses": "450200000", "investmentIncomeNet": "None", "netInterestIncome": "None", "interestIncome": "None", "interestExpense": "56100000", "nonInterestIncome": "None", "otherNonOperatingIncome": "None", "depreciation": "None", "depreciationAndAmortization": "90800000", "incomeBeforeTax": "268700000", "incomeTaxExpense": "91800000", "interestAndDebtExpense": "None", "netIncomeFromContinuingOperations": "0", "comprehensiveIncomeNetOfTax": "None", "ebit": "324800000", "ebitda": "415600000", "netIncome": "192600000"}, {"fiscalDateEnding": "2006-11-30", "reportedCurrency": "USD", "grossProfit": "810300000", "totalRevenue": "3088700000", "costOfRevenue": "2278400000", "costofGoodsAndServicesSold": "2278400000", "operatingIncome": "359900000", "sellingGeneralAndAdministrative": "427800000", "researchAndDevelopment": "0", "operatingExpenses": "450400000", "investmentIncomeNet": "None", "netInterestIncome": "None", "interestIncome": "None", "interestExpense": "52100000", "nonInterestIncome": "None", "otherNonOperatingIncome": "None", "depreciation": "None", "depreciationAndAmortization": "87400000", "incomeBeforeTax": "307800000", "incomeTaxExpense": "119100000", "interestAndDebtExpense": "None", "netIncomeFromContinuingOperations": "0", "comprehensiveIncomeNetOfTax": "None", "ebit": "359900000", "ebitda": "447300000", "netIncome": "213300000"}, {"fiscalDateEnding": "2006-08-31", "reportedCurrency": "USD", "grossProfit": "663000000", "totalRevenue": "2688600000", "costOfRevenue": "2025600000", "costofGoodsAndServicesSold": "2025600000", "operatingIncome": "225800000", "sellingGeneralAndAdministrative": "417700000", "researchAndDevelopment": "0", "operatingExpenses": "437200000", "investmentIncomeNet": "None", "netInterestIncome": "None", "interestIncome": "None", "interestExpense": "58000000", "nonInterestIncome": "None", "otherNonOperatingIncome": "None", "depreciation": "None", "depreciationAndAmortization": "89400000", "incomeBeforeTax": "167800000", "incomeTaxExpense": "61500000", "interestAndDebtExpense": "None", "netIncomeFromContinuingOperations": "0", "comprehensiveIncomeNetOfTax": "None", "ebit": "225800000", "ebitda": "315200000", "netIncome": "166700000"}, {"fiscalDateEnding": "2006-05-31", "reportedCurrency": "USD", "grossProfit": "699600000", "totalRevenue": "2974600000", "costOfRevenue": "2275000000", "costofGoodsAndServicesSold": "2275000000", "operatingIncome": "131100000", "sellingGeneralAndAdministrative": "553800000", "researchAndDevelopment": "54100000", "operatingExpenses": "568500000", "investmentIncomeNet": "None", "netInterestIncome": "None", "interestIncome": "None", "interestExpense": "54500000", "nonInterestIncome": "None", "otherNonOperatingIncome": "None", "depreciation": "None", "depreciationAndAmortization": "83100000", "incomeBeforeTax": "76700000", "incomeTaxExpense": "7600000", "interestAndDebtExpense": "None", "netIncomeFromContinuingOperations": "0", "comprehensiveIncomeNetOfTax": "None", "ebit": "131100000", "ebitda": "214200000", "netIncome": "50300000"}, {"fiscalDateEnding": "2006-02-28", "reportedCurrency": "USD", "grossProfit": "714800000", "totalRevenue": "2878900000", "costOfRevenue": "2164100000", "costofGoodsAndServicesSold": "2164100000", "operatingIncome": "189400000", "sellingGeneralAndAdministrative": "514700000", "researchAndDevelopment": "0", "operatingExpenses": "525400000", "investmentIncomeNet": "None", "netInterestIncome": "None", "interestIncome": "None", "interestExpense": "61800000", "nonInterestIncome": "None", "otherNonOperatingIncome": "None", "depreciation": "None", "depreciationAndAmortization": "51100000", "incomeBeforeTax": "92700000", "incomeTaxExpense": "34300000", "interestAndDebtExpense": "None", "netIncomeFromContinuingOperations": "0", "comprehensiveIncomeNetOfTax": "None", "ebit": "189400000", "ebitda": "240500000", "netIncome": "-31700000"}, {"fiscalDateEnding": "2005-11-30", "reportedCurrency": "USD", "grossProfit": "807200000", "totalRevenue": "3810200000", "costOfRevenue": "3003000000", "costofGoodsAndServicesSold": "3003000000", "operatingIncome": "348000000", "sellingGeneralAndAdministrative": "450400000", "researchAndDevelopment": "0", "operatingExpenses": "459200000", "investmentIncomeNet": "None", "netInterestIncome": "None", "interestIncome": "None", "interestExpense": "62200000", "nonInterestIncome": "None", "otherNonOperatingIncome": "None", "depreciation": "None", "depreciationAndAmortization": "88500000", "incomeBeforeTax": "285800000", "incomeTaxExpense": "106200000", "interestAndDebtExpense": "None", "netIncomeFromContinuingOperations": "0", "comprehensiveIncomeNetOfTax": "None", "ebit": "348000000", "ebitda": "436500000", "netIncome": "163100000"}, {"fiscalDateEnding": "2005-08-31", "reportedCurrency": "USD", "grossProfit": "727500000", "totalRevenue": "3362900000", "costOfRevenue": "2635400000", "costofGoodsAndServicesSold": "2635400000", "operatingIncome": "293500000", "sellingGeneralAndAdministrative": "417000000", "researchAndDevelopment": "0", "operatingExpenses": "434000000", "investmentIncomeNet": "None", "netInterestIncome": "None", "interestIncome": "None", "interestExpense": "68100000", "nonInterestIncome": "None", "otherNonOperatingIncome": "None", "depreciation": "None", "depreciationAndAmortization": "88500000", "incomeBeforeTax": "554800000", "incomeTaxExpense": "193600000", "interestAndDebtExpense": "None", "netIncomeFromContinuingOperations": "0", "comprehensiveIncomeNetOfTax": "None", "ebit": "-35900000", "ebitda": "52600000", "netIncome": "352100000"}, {"fiscalDateEnding": "2005-05-31", "reportedCurrency": "USD", "grossProfit": "750600000", "totalRevenue": "3385200000", "costOfRevenue": "2634600000", "costofGoodsAndServicesSold": "2634600000", "operatingIncome": "262200000", "sellingGeneralAndAdministrative": "473900000", "researchAndDevelopment": "0", "operatingExpenses": "488400000", "investmentIncomeNet": "None", "netInterestIncome": "None", "interestIncome": "None", "interestExpense": "67700000", "nonInterestIncome": "None", "otherNonOperatingIncome": "None", "depreciation": "None", "depreciationAndAmortization": "86200000", "incomeBeforeTax": "194500000", "incomeTaxExpense": "83600000", "interestAndDebtExpense": "None", "netIncomeFromContinuingOperations": "0", "comprehensiveIncomeNetOfTax": "None", "ebit": "262200000", "ebitda": "348400000", "netIncome": "101800000"}, {"fiscalDateEnding": "2005-02-28", "reportedCurrency": "USD", "grossProfit": "766400000", "totalRevenue": "3569900000", "costOfRevenue": "2803500000", "costofGoodsAndServicesSold": "2803500000", "operatingIncome": "260500000", "sellingGeneralAndAdministrative": "459600000", "researchAndDevelopment": "0", "operatingExpenses": "505900000", "investmentIncomeNet": "None", "netInterestIncome": "None", "interestIncome": "None", "interestExpense": "68100000", "nonInterestIncome": "None", "otherNonOperatingIncome": "None", "depreciation": "None", "depreciationAndAmortization": "90700000", "incomeBeforeTax": "378100000", "incomeTaxExpense": "149600000", "interestAndDebtExpense": "None", "netIncomeFromContinuingOperations": "0", "comprehensiveIncomeNetOfTax": "None", "ebit": "74800000", "ebitda": "165500000", "netIncome": "165300000"}]}