{"symbol": "WY", "annualReports": [{"fiscalDateEnding": "2024-12-31", "reportedCurrency": "USD", "grossProfit": "1313000000", "totalRevenue": "7124000000", "costOfRevenue": "5811000000", "costofGoodsAndServicesSold": "5811000000", "operatingIncome": "685000000", "sellingGeneralAndAdministrative": "480000000", "researchAndDevelopment": "7000000", "operatingExpenses": "628000000", "investmentIncomeNet": "None", "netInterestIncome": "-216000000", "interestIncome": "53000000", "interestExpense": "269000000", "nonInterestIncome": "None", "otherNonOperatingIncome": "None", "depreciation": "None", "depreciationAndAmortization": "502000000", "incomeBeforeTax": "427000000", "incomeTaxExpense": "31000000", "interestAndDebtExpense": "None", "netIncomeFromContinuingOperations": "396000000", "comprehensiveIncomeNetOfTax": "None", "ebit": "727000000", "ebitda": "1229000000", "netIncome": "396000000"}, {"fiscalDateEnding": "2023-12-31", "reportedCurrency": "USD", "grossProfit": "1682000000", "totalRevenue": "7674000000", "costOfRevenue": "5992000000", "costofGoodsAndServicesSold": "5992000000", "operatingIncome": "1186000000", "sellingGeneralAndAdministrative": "431000000", "researchAndDevelopment": "7000000", "operatingExpenses": "496000000", "investmentIncomeNet": "None", "netInterestIncome": "-204000000", "interestIncome": "76000000", "interestExpense": "280000000", "nonInterestIncome": "None", "otherNonOperatingIncome": "None", "depreciation": "None", "depreciationAndAmortization": "500000000", "incomeBeforeTax": "937000000", "incomeTaxExpense": "98000000", "interestAndDebtExpense": "None", "netIncomeFromContinuingOperations": "839000000", "comprehensiveIncomeNetOfTax": "None", "ebit": "1217000000", "ebitda": "1717000000", "netIncome": "839000000"}, {"fiscalDateEnding": "2022-12-31", "reportedCurrency": "USD", "grossProfit": "3620000000", "totalRevenue": "10184000000", "costOfRevenue": "6564000000", "costofGoodsAndServicesSold": "6564000000", "operatingIncome": "3080000000", "sellingGeneralAndAdministrative": "398000000", "researchAndDevelopment": "6000000", "operatingExpenses": "540000000", "investmentIncomeNet": "None", "netInterestIncome": "-245000000", "interestIncome": "245000000", "interestExpense": "270000000", "nonInterestIncome": "None", "otherNonOperatingIncome": "-276000000", "depreciation": "None", "depreciationAndAmortization": "7083000000", "incomeBeforeTax": "2305000000", "incomeTaxExpense": "425000000", "interestAndDebtExpense": "None", "netIncomeFromContinuingOperations": "1880000000", "comprehensiveIncomeNetOfTax": "None", "ebit": "-3557000000", "ebitda": "3526000000", "netIncome": "1880000000"}, {"fiscalDateEnding": "2021-12-31", "reportedCurrency": "USD", "grossProfit": "4098000000", "totalRevenue": "10201000000", "costOfRevenue": "6103000000", "costofGoodsAndServicesSold": "6103000000", "operatingIncome": "3643000000", "sellingGeneralAndAdministrative": "396000000", "researchAndDevelopment": "5000000", "operatingExpenses": "487000000", "investmentIncomeNet": "None", "netInterestIncome": "-308000000", "interestIncome": "308000000", "interestExpense": "313000000", "nonInterestIncome": "None", "otherNonOperatingIncome": "5000000", "depreciation": "None", "depreciationAndAmortization": "6636000000", "incomeBeforeTax": "3316000000", "incomeTaxExpense": "709000000", "interestAndDebtExpense": "None", "netIncomeFromContinuingOperations": "2607000000", "comprehensiveIncomeNetOfTax": "None", "ebit": "-2615000000", "ebitda": "4021000000", "netIncome": "2607000000"}, {"fiscalDateEnding": "2020-12-31", "reportedCurrency": "USD", "grossProfit": "2085000000", "totalRevenue": "7532000000", "costOfRevenue": "5447000000", "costofGoodsAndServicesSold": "5447000000", "operatingIncome": "1244000000", "sellingGeneralAndAdministrative": "347000000", "researchAndDevelopment": "5000000", "operatingExpenses": "564000000", "investmentIncomeNet": "None", "netInterestIncome": "-438000000", "interestIncome": "5000000", "interestExpense": "443000000", "nonInterestIncome": "None", "otherNonOperatingIncome": "5000000", "depreciation": "None", "depreciationAndAmortization": "5924000000", "incomeBeforeTax": "982000000", "incomeTaxExpense": "185000000", "interestAndDebtExpense": "None", "netIncomeFromContinuingOperations": "797000000", "comprehensiveIncomeNetOfTax": "None", "ebit": "-4208000000", "ebitda": "1716000000", "netIncome": "797000000"}, {"fiscalDateEnding": "2019-12-31", "reportedCurrency": "USD", "grossProfit": "1142000000", "totalRevenue": "6554000000", "costOfRevenue": "5412000000", "costofGoodsAndServicesSold": "5412000000", "operatingIncome": "245000000", "sellingGeneralAndAdministrative": "348000000", "researchAndDevelopment": "6000000", "operatingExpenses": "479000000", "investmentIncomeNet": "None", "netInterestIncome": "-348000000", "interestIncome": "30000000", "interestExpense": "378000000", "nonInterestIncome": "None", "otherNonOperatingIncome": "30000000", "depreciation": "None", "depreciationAndAmortization": "5880000000", "incomeBeforeTax": "-213000000", "incomeTaxExpense": "-137000000", "interestAndDebtExpense": "None", "netIncomeFromContinuingOperations": "-76000000", "comprehensiveIncomeNetOfTax": "None", "ebit": "-5125000000", "ebitda": "755000000", "netIncome": "-76000000"}, {"fiscalDateEnding": "2018-12-31", "reportedCurrency": "USD", "grossProfit": "1884000000", "totalRevenue": "7476000000", "costOfRevenue": "5592000000", "costofGoodsAndServicesSold": "5592000000", "operatingIncome": "1394000000", "sellingGeneralAndAdministrative": "318000000", "researchAndDevelopment": "8000000", "operatingExpenses": "488000000", "investmentIncomeNet": "None", "netInterestIncome": "-315000000", "interestIncome": "60000000", "interestExpense": "375000000", "nonInterestIncome": "None", "otherNonOperatingIncome": "60000000", "depreciation": "None", "depreciationAndAmortization": "6055000000", "incomeBeforeTax": "807000000", "incomeTaxExpense": "59000000", "interestAndDebtExpense": "None", "netIncomeFromContinuingOperations": "748000000", "comprehensiveIncomeNetOfTax": "None", "ebit": "-4423000000", "ebitda": "1632000000", "netIncome": "748000000"}, {"fiscalDateEnding": "2017-12-31", "reportedCurrency": "USD", "grossProfit": "1898000000", "totalRevenue": "7196000000", "costOfRevenue": "5298000000", "costofGoodsAndServicesSold": "5298000000", "operatingIncome": "1131000000", "sellingGeneralAndAdministrative": "310000000", "researchAndDevelopment": "14000000", "operatingExpenses": "283000000", "investmentIncomeNet": "None", "netInterestIncome": "-354000000", "interestIncome": "39000000", "interestExpense": "393000000", "nonInterestIncome": "None", "otherNonOperatingIncome": "40000000", "depreciation": "None", "depreciationAndAmortization": "5718000000", "incomeBeforeTax": "716000000", "incomeTaxExpense": "134000000", "interestAndDebtExpense": "None", "netIncomeFromContinuingOperations": "582000000", "comprehensiveIncomeNetOfTax": "None", "ebit": "-3782000000", "ebitda": "1936000000", "netIncome": "582000000"}, {"fiscalDateEnding": "2016-12-31", "reportedCurrency": "USD", "grossProfit": "1439000000", "totalRevenue": "6365000000", "costOfRevenue": "4926000000", "costofGoodsAndServicesSold": "4926000000", "operatingIncome": "870000000", "sellingGeneralAndAdministrative": "332000000", "researchAndDevelopment": "19000000", "operatingExpenses": "399000000", "investmentIncomeNet": "None", "netInterestIncome": "-388000000", "interestIncome": "43000000", "interestExpense": "431000000", "nonInterestIncome": "None", "otherNonOperatingIncome": "65000000", "depreciation": "None", "depreciationAndAmortization": "5361000000", "incomeBeforeTax": "504000000", "incomeTaxExpense": "89000000", "interestAndDebtExpense": "None", "netIncomeFromContinuingOperations": "415000000", "comprehensiveIncomeNetOfTax": "None", "ebit": "-3798000000", "ebitda": "1563000000", "netIncome": "1027000000"}, {"fiscalDateEnding": "2015-12-31", "reportedCurrency": "USD", "grossProfit": "1388000000", "totalRevenue": "7082000000", "costOfRevenue": "5694000000", "costofGoodsAndServicesSold": "5694000000", "operatingIncome": "919000000", "sellingGeneralAndAdministrative": "289000000", "researchAndDevelopment": "24000000", "operatingExpenses": "444000000", "investmentIncomeNet": "None", "netInterestIncome": "None", "interestIncome": "305000000", "interestExpense": "347000000", "nonInterestIncome": "None", "otherNonOperatingIncome": "-69000000", "depreciation": "None", "depreciationAndAmortization": "479000000", "incomeBeforeTax": "503000000", "incomeTaxExpense": "-3000000", "interestAndDebtExpense": "None", "netIncomeFromContinuingOperations": "506000000", "comprehensiveIncomeNetOfTax": "None", "ebit": "755000000", "ebitda": "1234000000", "netIncome": "506000000"}, {"fiscalDateEnding": "2014-12-31", "reportedCurrency": "USD", "grossProfit": "1640000000", "totalRevenue": "7403000000", "costOfRevenue": "5763000000", "costofGoodsAndServicesSold": "5763000000", "operatingIncome": "1320000000", "sellingGeneralAndAdministrative": "338000000", "researchAndDevelopment": "27000000", "operatingExpenses": "276000000", "investmentIncomeNet": "None", "netInterestIncome": "None", "interestIncome": "None", "interestExpense": "344000000", "nonInterestIncome": "None", "otherNonOperatingIncome": "37000000", "depreciation": "None", "depreciationAndAmortization": "500000000", "incomeBeforeTax": "1013000000", "incomeTaxExpense": "185000000", "interestAndDebtExpense": "None", "netIncomeFromContinuingOperations": "828000000", "comprehensiveIncomeNetOfTax": "None", "ebit": "890000000", "ebitda": "1390000000", "netIncome": "1826000000"}, {"fiscalDateEnding": "2013-12-31", "reportedCurrency": "USD", "grossProfit": "1820000000", "totalRevenue": "8529000000", "costOfRevenue": "6709000000", "costofGoodsAndServicesSold": "6709000000", "operatingIncome": "747000000", "sellingGeneralAndAdministrative": "455000000", "researchAndDevelopment": "33000000", "operatingExpenses": "683000000", "investmentIncomeNet": "None", "netInterestIncome": "None", "interestIncome": "None", "interestExpense": "371000000", "nonInterestIncome": "None", "otherNonOperatingIncome": "58000000", "depreciation": "None", "depreciationAndAmortization": "472000000", "incomeBeforeTax": "434000000", "incomeTaxExpense": "-129000000", "interestAndDebtExpense": "None", "netIncomeFromContinuingOperations": "563000000", "comprehensiveIncomeNetOfTax": "None", "ebit": "1016000000", "ebitda": "1488000000", "netIncome": "563000000"}, {"fiscalDateEnding": "2012-12-31", "reportedCurrency": "USD", "grossProfit": "1249000000", "totalRevenue": "7059000000", "costOfRevenue": "5810000000", "costofGoodsAndServicesSold": "5810000000", "operatingIncome": "735000000", "sellingGeneralAndAdministrative": "436000000", "researchAndDevelopment": "32000000", "operatingExpenses": "482000000", "investmentIncomeNet": "None", "netInterestIncome": "None", "interestIncome": "None", "interestExpense": "348000000", "nonInterestIncome": "None", "otherNonOperatingIncome": "52000000", "depreciation": "None", "depreciationAndAmortization": "456000000", "incomeBeforeTax": "439000000", "incomeTaxExpense": "55000000", "interestAndDebtExpense": "None", "netIncomeFromContinuingOperations": "384000000", "comprehensiveIncomeNetOfTax": "None", "ebit": "519000000", "ebitda": "975000000", "netIncome": "385000000"}, {"fiscalDateEnding": "2011-12-31", "reportedCurrency": "USD", "grossProfit": "1096000000", "totalRevenue": "6216000000", "costOfRevenue": "5120000000", "costofGoodsAndServicesSold": "5120000000", "operatingIncome": "594000000", "sellingGeneralAndAdministrative": "601000000", "researchAndDevelopment": "30000000", "operatingExpenses": "419000000", "investmentIncomeNet": "None", "netInterestIncome": "None", "interestIncome": "None", "interestExpense": "384000000", "nonInterestIncome": "None", "otherNonOperatingIncome": "None", "depreciation": "None", "depreciationAndAmortization": "480000000", "incomeBeforeTax": "257000000", "incomeTaxExpense": "-62000000", "interestAndDebtExpense": "None", "netIncomeFromContinuingOperations": "None", "comprehensiveIncomeNetOfTax": "None", "ebit": "518000000", "ebitda": "998000000", "netIncome": "331000000"}, {"fiscalDateEnding": "2010-12-31", "reportedCurrency": "USD", "grossProfit": "1160000000", "totalRevenue": "6552000000", "costOfRevenue": "5392000000", "costofGoodsAndServicesSold": "5392000000", "operatingIncome": "468000000", "sellingGeneralAndAdministrative": "677000000", "researchAndDevelopment": "34000000", "operatingExpenses": "543000000", "investmentIncomeNet": "None", "netInterestIncome": "None", "interestIncome": "None", "interestExpense": "452000000", "nonInterestIncome": "None", "otherNonOperatingIncome": "None", "depreciation": "None", "depreciationAndAmortization": "503000000", "incomeBeforeTax": "96000000", "incomeTaxExpense": "-1187000000", "interestAndDebtExpense": "None", "netIncomeFromContinuingOperations": "1283000000", "comprehensiveIncomeNetOfTax": "None", "ebit": "512000000", "ebitda": "1015000000", "netIncome": "1281000000"}, {"fiscalDateEnding": "2009-12-31", "reportedCurrency": "USD", "grossProfit": "1179000000", "totalRevenue": "5528000000", "costOfRevenue": "4349000000", "costofGoodsAndServicesSold": "4349000000", "operatingIncome": "-447000000", "sellingGeneralAndAdministrative": "405000000", "researchAndDevelopment": "51000000", "operatingExpenses": "955000000", "investmentIncomeNet": "None", "netInterestIncome": "None", "interestIncome": "None", "interestExpense": "466000000", "nonInterestIncome": "None", "otherNonOperatingIncome": "None", "depreciation": "None", "depreciationAndAmortization": "508000000", "incomeBeforeTax": "-842000000", "incomeTaxExpense": "-274000000", "interestAndDebtExpense": "None", "netIncomeFromContinuingOperations": "None", "comprehensiveIncomeNetOfTax": "None", "ebit": "-389000000", "ebitda": "119000000", "netIncome": "-545000000"}, {"fiscalDateEnding": "2008-12-31", "reportedCurrency": "USD", "grossProfit": "1020000000", "totalRevenue": "8018000000", "costOfRevenue": "6998000000", "costofGoodsAndServicesSold": "6998000000", "operatingIncome": "-2531000000", "sellingGeneralAndAdministrative": "562000000", "researchAndDevelopment": "64000000", "operatingExpenses": "1686000000", "investmentIncomeNet": "None", "netInterestIncome": "None", "interestIncome": "None", "interestExpense": "446000000", "nonInterestIncome": "None", "otherNonOperatingIncome": "None", "depreciation": "None", "depreciationAndAmortization": "659000000", "incomeBeforeTax": "-2707000000", "incomeTaxExpense": "-888000000", "interestAndDebtExpense": "None", "netIncomeFromContinuingOperations": "None", "comprehensiveIncomeNetOfTax": "None", "ebit": "-2363000000", "ebitda": "-1704000000", "netIncome": "-1176000000"}, {"fiscalDateEnding": "2007-12-31", "reportedCurrency": "USD", "grossProfit": "3181000000", "totalRevenue": "16308000000", "costOfRevenue": "13127000000", "costofGoodsAndServicesSold": "13127000000", "operatingIncome": "406000000", "sellingGeneralAndAdministrative": "1049000000", "researchAndDevelopment": "71000000", "operatingExpenses": "2614000000", "investmentIncomeNet": "None", "netInterestIncome": "None", "interestIncome": "None", "interestExpense": "0", "nonInterestIncome": "None", "otherNonOperatingIncome": "None", "depreciation": "None", "depreciationAndAmortization": "974000000", "incomeBeforeTax": "59000000", "incomeTaxExpense": "8000000", "interestAndDebtExpense": "None", "netIncomeFromContinuingOperations": "None", "comprehensiveIncomeNetOfTax": "None", "ebit": "716000000", "ebitda": "1690000000", "netIncome": "790000000"}, {"fiscalDateEnding": "2006-12-31", "reportedCurrency": "USD", "grossProfit": "4758000000", "totalRevenue": "21896000000", "costOfRevenue": "17138000000", "costofGoodsAndServicesSold": "17138000000", "operatingIncome": "1192000000", "sellingGeneralAndAdministrative": "1786000000", "researchAndDevelopment": "69000000", "operatingExpenses": "3544000000", "investmentIncomeNet": "None", "netInterestIncome": "None", "interestIncome": "None", "interestExpense": "0", "nonInterestIncome": "None", "otherNonOperatingIncome": "None", "depreciation": "None", "depreciationAndAmortization": "1283000000", "incomeBeforeTax": "826000000", "incomeTaxExpense": "471000000", "interestAndDebtExpense": "None", "netIncomeFromContinuingOperations": "None", "comprehensiveIncomeNetOfTax": "None", "ebit": "1631000000", "ebitda": "2914000000", "netIncome": "453000000"}, {"fiscalDateEnding": "2005-12-31", "reportedCurrency": "USD", "grossProfit": "5224000000", "totalRevenue": "22629000000", "costOfRevenue": "17405000000", "costofGoodsAndServicesSold": "17405000000", "operatingIncome": "1359000000", "sellingGeneralAndAdministrative": "1336000000", "researchAndDevelopment": "61000000", "operatingExpenses": "3844000000", "investmentIncomeNet": "None", "netInterestIncome": "None", "interestIncome": "None", "interestExpense": "0", "nonInterestIncome": "None", "otherNonOperatingIncome": "None", "depreciation": "None", "depreciationAndAmortization": "1337000000", "incomeBeforeTax": "906000000", "incomeTaxExpense": "324000000", "interestAndDebtExpense": "None", "netIncomeFromContinuingOperations": "None", "comprehensiveIncomeNetOfTax": "None", "ebit": "1808000000", "ebitda": "3145000000", "netIncome": "733000000"}], "quarterlyReports": [{"fiscalDateEnding": "2024-12-31", "reportedCurrency": "USD", "grossProfit": "304000000", "totalRevenue": "1708000000", "costOfRevenue": "1404000000", "costofGoodsAndServicesSold": "1404000000", "operatingIncome": "141000000", "sellingGeneralAndAdministrative": "122000000", "researchAndDevelopment": "2000000", "operatingExpenses": "163000000", "investmentIncomeNet": "None", "netInterestIncome": "-56000000", "interestIncome": "10000000", "interestExpense": "66000000", "nonInterestIncome": "None", "otherNonOperatingIncome": "None", "depreciation": "None", "depreciationAndAmortization": "126000000", "incomeBeforeTax": "74000000", "incomeTaxExpense": "-7000000", "interestAndDebtExpense": "None", "netIncomeFromContinuingOperations": "81000000", "comprehensiveIncomeNetOfTax": "None", "ebit": "140000000", "ebitda": "266000000", "netIncome": "81000000"}, {"fiscalDateEnding": "2024-09-30", "reportedCurrency": "USD", "grossProfit": "250000000", "totalRevenue": "1681000000", "costOfRevenue": "1431000000", "costofGoodsAndServicesSold": "1431000000", "operatingIncome": "78000000", "sellingGeneralAndAdministrative": "122000000", "researchAndDevelopment": "1000000", "operatingExpenses": "172000000", "investmentIncomeNet": "None", "netInterestIncome": "-55000000", "interestIncome": "14000000", "interestExpense": "69000000", "nonInterestIncome": "None", "otherNonOperatingIncome": "None", "depreciation": "None", "depreciationAndAmortization": "125000000", "incomeBeforeTax": "13000000", "incomeTaxExpense": "-15000000", "interestAndDebtExpense": "None", "netIncomeFromContinuingOperations": "28000000", "comprehensiveIncomeNetOfTax": "None", "ebit": "90000000", "ebitda": "215000000", "netIncome": "28000000"}, {"fiscalDateEnding": "2024-06-30", "reportedCurrency": "USD", "grossProfit": "530000000", "totalRevenue": "1939000000", "costOfRevenue": "1409000000", "costofGoodsAndServicesSold": "1409000000", "operatingIncome": "408000000", "sellingGeneralAndAdministrative": "126000000", "researchAndDevelopment": "3000000", "operatingExpenses": "152000000", "investmentIncomeNet": "None", "netInterestIncome": "-54000000", "interestIncome": "13000000", "interestExpense": "67000000", "nonInterestIncome": "None", "otherNonOperatingIncome": "None", "depreciation": "None", "depreciationAndAmortization": "126000000", "incomeBeforeTax": "206000000", "incomeTaxExpense": "33000000", "interestAndDebtExpense": "None", "netIncomeFromContinuingOperations": "173000000", "comprehensiveIncomeNetOfTax": "None", "ebit": "408000000", "ebitda": "534000000", "netIncome": "173000000"}, {"fiscalDateEnding": "2024-03-31", "reportedCurrency": "USD", "grossProfit": "480000000", "totalRevenue": "1796000000", "costOfRevenue": "1316000000", "costofGoodsAndServicesSold": "1316000000", "operatingIncome": "327000000", "sellingGeneralAndAdministrative": "120000000", "researchAndDevelopment": "1000000", "operatingExpenses": "153000000", "investmentIncomeNet": "None", "netInterestIncome": "-51000000", "interestIncome": "16000000", "interestExpense": "67000000", "nonInterestIncome": "None", "otherNonOperatingIncome": "None", "depreciation": "None", "depreciationAndAmortization": "125000000", "incomeBeforeTax": "134000000", "incomeTaxExpense": "20000000", "interestAndDebtExpense": "None", "netIncomeFromContinuingOperations": "114000000", "comprehensiveIncomeNetOfTax": "None", "ebit": "327000000", "ebitda": "452000000", "netIncome": "114000000"}, {"fiscalDateEnding": "2023-12-31", "reportedCurrency": "USD", "grossProfit": "468000000", "totalRevenue": "1774000000", "costOfRevenue": "1306000000", "costofGoodsAndServicesSold": "1306000000", "operatingIncome": "318000000", "sellingGeneralAndAdministrative": "82000000", "researchAndDevelopment": "2000000", "operatingExpenses": "150000000", "investmentIncomeNet": "None", "netInterestIncome": "-50000000", "interestIncome": "22000000", "interestExpense": "72000000", "nonInterestIncome": "None", "otherNonOperatingIncome": "None", "depreciation": "None", "depreciationAndAmortization": "126000000", "incomeBeforeTax": "216000000", "incomeTaxExpense": "-3000000", "interestAndDebtExpense": "None", "netIncomeFromContinuingOperations": "219000000", "comprehensiveIncomeNetOfTax": "None", "ebit": "318000000", "ebitda": "444000000", "netIncome": "219000000"}, {"fiscalDateEnding": "2023-09-30", "reportedCurrency": "USD", "grossProfit": "502000000", "totalRevenue": "2022000000", "costOfRevenue": "1520000000", "costofGoodsAndServicesSold": "1520000000", "operatingIncome": "353000000", "sellingGeneralAndAdministrative": "107000000", "researchAndDevelopment": "2000000", "operatingExpenses": "149000000", "investmentIncomeNet": "None", "netInterestIncome": "-48000000", "interestIncome": "48000000", "interestExpense": "72000000", "nonInterestIncome": "None", "otherNonOperatingIncome": "None", "depreciation": "None", "depreciationAndAmortization": "122000000", "incomeBeforeTax": "293000000", "incomeTaxExpense": "54000000", "interestAndDebtExpense": "None", "netIncomeFromContinuingOperations": "239000000", "comprehensiveIncomeNetOfTax": "None", "ebit": "351000000", "ebitda": "473000000", "netIncome": "239000000"}, {"fiscalDateEnding": "2023-06-30", "reportedCurrency": "USD", "grossProfit": "469000000", "totalRevenue": "1997000000", "costOfRevenue": "1528000000", "costofGoodsAndServicesSold": "1528000000", "operatingIncome": "319000000", "sellingGeneralAndAdministrative": "120000000", "researchAndDevelopment": "1000000", "operatingExpenses": "162000000", "investmentIncomeNet": "None", "netInterestIncome": "-52000000", "interestIncome": "18000000", "interestExpense": "70000000", "nonInterestIncome": "None", "otherNonOperatingIncome": "None", "depreciation": "None", "depreciationAndAmortization": "126000000", "incomeBeforeTax": "255000000", "incomeTaxExpense": "25000000", "interestAndDebtExpense": "None", "netIncomeFromContinuingOperations": "230000000", "comprehensiveIncomeNetOfTax": "None", "ebit": "305000000", "ebitda": "431000000", "netIncome": "230000000"}, {"fiscalDateEnding": "2023-03-31", "reportedCurrency": "USD", "grossProfit": "369000000", "totalRevenue": "1881000000", "costOfRevenue": "1512000000", "costofGoodsAndServicesSold": "1512000000", "operatingIncome": "236000000", "sellingGeneralAndAdministrative": "101000000", "researchAndDevelopment": "2000000", "operatingExpenses": "133000000", "investmentIncomeNet": "None", "netInterestIncome": "-54000000", "interestIncome": "54000000", "interestExpense": "66000000", "nonInterestIncome": "None", "otherNonOperatingIncome": "None", "depreciation": "None", "depreciationAndAmortization": "126000000", "incomeBeforeTax": "173000000", "incomeTaxExpense": "22000000", "interestAndDebtExpense": "None", "netIncomeFromContinuingOperations": "151000000", "comprehensiveIncomeNetOfTax": "None", "ebit": "228000000", "ebitda": "354000000", "netIncome": "151000000"}, {"fiscalDateEnding": "2022-12-31", "reportedCurrency": "USD", "grossProfit": "389000000", "totalRevenue": "1823000000", "costOfRevenue": "1434000000", "costofGoodsAndServicesSold": "1434000000", "operatingIncome": "32000000", "sellingGeneralAndAdministrative": "104000000", "researchAndDevelopment": "2000000", "operatingExpenses": "157000000", "investmentIncomeNet": "None", "netInterestIncome": "-50000000", "interestIncome": "50000000", "interestExpense": "66000000", "nonInterestIncome": "None", "otherNonOperatingIncome": "None", "depreciation": "None", "depreciationAndAmortization": "120000000", "incomeBeforeTax": "-34000000", "incomeTaxExpense": "-45000000", "interestAndDebtExpense": "None", "netIncomeFromContinuingOperations": "11000000", "comprehensiveIncomeNetOfTax": "None", "ebit": "32000000", "ebitda": "152000000", "netIncome": "11000000"}, {"fiscalDateEnding": "2022-09-30", "reportedCurrency": "USD", "grossProfit": "582000000", "totalRevenue": "2276000000", "costOfRevenue": "1694000000", "costofGoodsAndServicesSold": "1694000000", "operatingIncome": "457000000", "sellingGeneralAndAdministrative": "100000000", "researchAndDevelopment": "1000000", "operatingExpenses": "125000000", "investmentIncomeNet": "None", "netInterestIncome": "-58000000", "interestIncome": "9000000", "interestExpense": "67000000", "nonInterestIncome": "None", "otherNonOperatingIncome": "None", "depreciation": "None", "depreciationAndAmortization": "119000000", "incomeBeforeTax": "387000000", "incomeTaxExpense": "77000000", "interestAndDebtExpense": "None", "netIncomeFromContinuingOperations": "310000000", "comprehensiveIncomeNetOfTax": "None", "ebit": "439000000", "ebitda": "558000000", "netIncome": "310000000"}, {"fiscalDateEnding": "2022-06-30", "reportedCurrency": "USD", "grossProfit": "1184000000", "totalRevenue": "2973000000", "costOfRevenue": "1789000000", "costofGoodsAndServicesSold": "1789000000", "operatingIncome": "1047000000", "sellingGeneralAndAdministrative": "102000000", "researchAndDevelopment": "2000000", "operatingExpenses": "136000000", "investmentIncomeNet": "None", "netInterestIncome": "-64000000", "interestIncome": "1000000", "interestExpense": "65000000", "nonInterestIncome": "None", "otherNonOperatingIncome": "None", "depreciation": "None", "depreciationAndAmortization": "119000000", "incomeBeforeTax": "972000000", "incomeTaxExpense": "184000000", "interestAndDebtExpense": "None", "netIncomeFromContinuingOperations": "788000000", "comprehensiveIncomeNetOfTax": "None", "ebit": "1037000000", "ebitda": "1156000000", "netIncome": "788000000"}, {"fiscalDateEnding": "2022-03-31", "reportedCurrency": "USD", "grossProfit": "1465000000", "totalRevenue": "3112000000", "costOfRevenue": "1647000000", "costofGoodsAndServicesSold": "1647000000", "operatingIncome": "1344000000", "sellingGeneralAndAdministrative": "92000000", "researchAndDevelopment": "1000000", "operatingExpenses": "118000000", "investmentIncomeNet": "None", "netInterestIncome": "-73000000", "interestIncome": "73000000", "interestExpense": "73000000", "nonInterestIncome": "None", "otherNonOperatingIncome": "-276000000", "depreciation": "None", "depreciationAndAmortization": "122000000", "incomeBeforeTax": "980000000", "incomeTaxExpense": "209000000", "interestAndDebtExpense": "None", "netIncomeFromContinuingOperations": "771000000", "comprehensiveIncomeNetOfTax": "None", "ebit": "1332000000", "ebitda": "1454000000", "netIncome": "771000000"}, {"fiscalDateEnding": "2021-12-31", "reportedCurrency": "USD", "grossProfit": "705000000", "totalRevenue": "2206000000", "costOfRevenue": "1501000000", "costofGoodsAndServicesSold": "1501000000", "operatingIncome": "609000000", "sellingGeneralAndAdministrative": "113000000", "researchAndDevelopment": "2000000", "operatingExpenses": "96000000", "investmentIncomeNet": "None", "netInterestIncome": "-76000000", "interestIncome": "76000000", "interestExpense": "77000000", "nonInterestIncome": "None", "otherNonOperatingIncome": "1000000", "depreciation": "None", "depreciationAndAmortization": "121000000", "incomeBeforeTax": "528000000", "incomeTaxExpense": "112000000", "interestAndDebtExpense": "None", "netIncomeFromContinuingOperations": "416000000", "comprehensiveIncomeNetOfTax": "None", "ebit": "544000000", "ebitda": "665000000", "netIncome": "416000000"}, {"fiscalDateEnding": "2021-09-30", "reportedCurrency": "USD", "grossProfit": "756000000", "totalRevenue": "2345000000", "costOfRevenue": "1589000000", "costofGoodsAndServicesSold": "1589000000", "operatingIncome": "649000000", "sellingGeneralAndAdministrative": "98000000", "researchAndDevelopment": "1000000", "operatingExpenses": "139000000", "investmentIncomeNet": "None", "netInterestIncome": "-78000000", "interestIncome": "1000000", "interestExpense": "79000000", "nonInterestIncome": "None", "otherNonOperatingIncome": "1000000", "depreciation": "None", "depreciationAndAmortization": "118000000", "incomeBeforeTax": "566000000", "incomeTaxExpense": "84000000", "interestAndDebtExpense": "None", "netIncomeFromContinuingOperations": "482000000", "comprehensiveIncomeNetOfTax": "None", "ebit": "612000000", "ebitda": "730000000", "netIncome": "482000000"}, {"fiscalDateEnding": "2021-06-30", "reportedCurrency": "USD", "grossProfit": "1561000000", "totalRevenue": "3144000000", "costOfRevenue": "1583000000", "costofGoodsAndServicesSold": "1583000000", "operatingIncome": "1429000000", "sellingGeneralAndAdministrative": "95000000", "researchAndDevelopment": "1000000", "operatingExpenses": "128000000", "investmentIncomeNet": "None", "netInterestIncome": "-76000000", "interestIncome": "2000000", "interestExpense": "78000000", "nonInterestIncome": "None", "otherNonOperatingIncome": "2000000", "depreciation": "None", "depreciationAndAmortization": "120000000", "incomeBeforeTax": "1352000000", "incomeTaxExpense": "324000000", "interestAndDebtExpense": "None", "netIncomeFromContinuingOperations": "1028000000", "comprehensiveIncomeNetOfTax": "None", "ebit": "1432000000", "ebitda": "1552000000", "netIncome": "1028000000"}, {"fiscalDateEnding": "2021-03-31", "reportedCurrency": "USD", "grossProfit": "1076000000", "totalRevenue": "2506000000", "costOfRevenue": "1430000000", "costofGoodsAndServicesSold": "1430000000", "operatingIncome": "956000000", "sellingGeneralAndAdministrative": "90000000", "researchAndDevelopment": "1000000", "operatingExpenses": "115000000", "investmentIncomeNet": "None", "netInterestIncome": "-78000000", "interestIncome": "1000000", "interestExpense": "79000000", "nonInterestIncome": "None", "otherNonOperatingIncome": "1000000", "depreciation": "None", "depreciationAndAmortization": "118000000", "incomeBeforeTax": "870000000", "incomeTaxExpense": "189000000", "interestAndDebtExpense": "None", "netIncomeFromContinuingOperations": "681000000", "comprehensiveIncomeNetOfTax": "None", "ebit": "953000000", "ebitda": "1071000000", "netIncome": "681000000"}, {"fiscalDateEnding": "2020-12-31", "reportedCurrency": "USD", "grossProfit": "671000000", "totalRevenue": "2063000000", "costOfRevenue": "1392000000", "costofGoodsAndServicesSold": "1392000000", "operatingIncome": "717000000", "sellingGeneralAndAdministrative": "93000000", "researchAndDevelopment": "1000000", "operatingExpenses": "136000000", "investmentIncomeNet": "None", "netInterestIncome": "-144000000", "interestIncome": "86000000", "interestExpense": "144000000", "nonInterestIncome": "None", "otherNonOperatingIncome": "None", "depreciation": "None", "depreciationAndAmortization": "117000000", "incomeBeforeTax": "311000000", "incomeTaxExpense": "19000000", "interestAndDebtExpense": "None", "netIncomeFromContinuingOperations": "292000000", "comprehensiveIncomeNetOfTax": "None", "ebit": "529000000", "ebitda": "646000000", "netIncome": "292000000"}, {"fiscalDateEnding": "2020-09-30", "reportedCurrency": "USD", "grossProfit": "720000000", "totalRevenue": "2110000000", "costOfRevenue": "1390000000", "costofGoodsAndServicesSold": "1390000000", "operatingIncome": "510000000", "sellingGeneralAndAdministrative": "96000000", "researchAndDevelopment": "1000000", "operatingExpenses": "210000000", "investmentIncomeNet": "None", "netInterestIncome": "-109000000", "interestIncome": "86000000", "interestExpense": "111000000", "nonInterestIncome": "None", "otherNonOperatingIncome": "2000000", "depreciation": "None", "depreciationAndAmortization": "115000000", "incomeBeforeTax": "392000000", "incomeTaxExpense": "109000000", "interestAndDebtExpense": "None", "netIncomeFromContinuingOperations": "283000000", "comprehensiveIncomeNetOfTax": "None", "ebit": "586000000", "ebitda": "701000000", "netIncome": "283000000"}, {"fiscalDateEnding": "2020-06-30", "reportedCurrency": "USD", "grossProfit": "348000000", "totalRevenue": "1631000000", "costOfRevenue": "1283000000", "costofGoodsAndServicesSold": "1283000000", "operatingIncome": "243000000", "sellingGeneralAndAdministrative": "84000000", "researchAndDevelopment": "2000000", "operatingExpenses": "110000000", "investmentIncomeNet": "None", "netInterestIncome": "-101000000", "interestIncome": "2000000", "interestExpense": "103000000", "nonInterestIncome": "None", "otherNonOperatingIncome": "2000000", "depreciation": "None", "depreciationAndAmortization": "117000000", "incomeBeforeTax": "132000000", "incomeTaxExpense": "60000000", "interestAndDebtExpense": "None", "netIncomeFromContinuingOperations": "72000000", "comprehensiveIncomeNetOfTax": "None", "ebit": "228000000", "ebitda": "345000000", "netIncome": "72000000"}, {"fiscalDateEnding": "2020-03-31", "reportedCurrency": "USD", "grossProfit": "346000000", "totalRevenue": "1728000000", "costOfRevenue": "1382000000", "costofGoodsAndServicesSold": "1382000000", "operatingIncome": "240000000", "sellingGeneralAndAdministrative": "74000000", "researchAndDevelopment": "1000000", "operatingExpenses": "102000000", "investmentIncomeNet": "None", "netInterestIncome": "-84000000", "interestIncome": "1000000", "interestExpense": "85000000", "nonInterestIncome": "None", "otherNonOperatingIncome": "1000000", "depreciation": "None", "depreciationAndAmortization": "123000000", "incomeBeforeTax": "147000000", "incomeTaxExpense": "-3000000", "interestAndDebtExpense": "None", "netIncomeFromContinuingOperations": "150000000", "comprehensiveIncomeNetOfTax": "None", "ebit": "235000000", "ebitda": "358000000", "netIncome": "150000000"}, {"fiscalDateEnding": "2019-12-31", "reportedCurrency": "USD", "grossProfit": "247000000", "totalRevenue": "1548000000", "costOfRevenue": "1301000000", "costofGoodsAndServicesSold": "1301000000", "operatingIncome": "89000000", "sellingGeneralAndAdministrative": "94000000", "researchAndDevelopment": "2000000", "operatingExpenses": "78000000", "investmentIncomeNet": "None", "netInterestIncome": "-81000000", "interestIncome": "8000000", "interestExpense": "89000000", "nonInterestIncome": "None", "otherNonOperatingIncome": "8000000", "depreciation": "None", "depreciationAndAmortization": "128000000", "incomeBeforeTax": "-13000000", "incomeTaxExpense": "1000000", "interestAndDebtExpense": "None", "netIncomeFromContinuingOperations": "-515000000", "comprehensiveIncomeNetOfTax": "None", "ebit": "106000000", "ebitda": "234000000", "netIncome": "-14000000"}, {"fiscalDateEnding": "2019-09-30", "reportedCurrency": "USD", "grossProfit": "272000000", "totalRevenue": "1671000000", "costOfRevenue": "1399000000", "costofGoodsAndServicesSold": "1399000000", "operatingIncome": "202000000", "sellingGeneralAndAdministrative": "85000000", "researchAndDevelopment": "1000000", "operatingExpenses": "112000000", "investmentIncomeNet": "None", "netInterestIncome": "-85000000", "interestIncome": "6000000", "interestExpense": "91000000", "nonInterestIncome": "None", "otherNonOperatingIncome": "6000000", "depreciation": "None", "depreciationAndAmortization": "135000000", "incomeBeforeTax": "102000000", "incomeTaxExpense": "3000000", "interestAndDebtExpense": "None", "netIncomeFromContinuingOperations": "114000000", "comprehensiveIncomeNetOfTax": "None", "ebit": "145000000", "ebitda": "280000000", "netIncome": "99000000"}, {"fiscalDateEnding": "2019-06-30", "reportedCurrency": "USD", "grossProfit": "302000000", "totalRevenue": "1692000000", "costOfRevenue": "1390000000", "costofGoodsAndServicesSold": "1390000000", "operatingIncome": "186000000", "sellingGeneralAndAdministrative": "80000000", "researchAndDevelopment": "2000000", "operatingExpenses": "116000000", "investmentIncomeNet": "None", "netInterestIncome": "-85000000", "interestIncome": "6000000", "interestExpense": "91000000", "nonInterestIncome": "None", "otherNonOperatingIncome": "6000000", "depreciation": "None", "depreciationAndAmortization": "124000000", "incomeBeforeTax": "91000000", "incomeTaxExpense": "-37000000", "interestAndDebtExpense": "None", "netIncomeFromContinuingOperations": "138000000", "comprehensiveIncomeNetOfTax": "None", "ebit": "177000000", "ebitda": "301000000", "netIncome": "128000000"}, {"fiscalDateEnding": "2019-03-31", "reportedCurrency": "USD", "grossProfit": "321000000", "totalRevenue": "1643000000", "costOfRevenue": "1322000000", "costofGoodsAndServicesSold": "1322000000", "operatingIncome": "174000000", "sellingGeneralAndAdministrative": "89000000", "researchAndDevelopment": "1000000", "operatingExpenses": "147000000", "investmentIncomeNet": "None", "netInterestIncome": "-97000000", "interestIncome": "85000000", "interestExpense": "107000000", "nonInterestIncome": "None", "otherNonOperatingIncome": "10000000", "depreciation": "None", "depreciationAndAmortization": "123000000", "incomeBeforeTax": "-393000000", "incomeTaxExpense": "-104000000", "interestAndDebtExpense": "None", "netIncomeFromContinuingOperations": "187000000", "comprehensiveIncomeNetOfTax": "None", "ebit": "51000000", "ebitda": "174000000", "netIncome": "-289000000"}, {"fiscalDateEnding": "2018-12-31", "reportedCurrency": "USD", "grossProfit": "291000000", "totalRevenue": "1636000000", "costOfRevenue": "1345000000", "costofGoodsAndServicesSold": "1345000000", "operatingIncome": "177000000", "sellingGeneralAndAdministrative": "82000000", "researchAndDevelopment": "2000000", "operatingExpenses": "114000000", "investmentIncomeNet": "None", "netInterestIncome": "None", "interestIncome": "None", "interestExpense": "97000000", "nonInterestIncome": "None", "otherNonOperatingIncome": "24000000", "depreciation": "None", "depreciationAndAmortization": "125000000", "incomeBeforeTax": "-114000000", "incomeTaxExpense": "-21000000", "interestAndDebtExpense": "None", "netIncomeFromContinuingOperations": "-863000000", "comprehensiveIncomeNetOfTax": "None", "ebit": "183000000", "ebitda": "308000000", "netIncome": "-93000000"}, {"fiscalDateEnding": "2018-09-30", "reportedCurrency": "USD", "grossProfit": "458000000", "totalRevenue": "1910000000", "costOfRevenue": "1452000000", "costofGoodsAndServicesSold": "1452000000", "operatingIncome": "337000000", "sellingGeneralAndAdministrative": "78000000", "researchAndDevelopment": "2000000", "operatingExpenses": "110000000", "investmentIncomeNet": "None", "netInterestIncome": "None", "interestIncome": "None", "interestExpense": "93000000", "nonInterestIncome": "None", "otherNonOperatingIncome": "13000000", "depreciation": "None", "depreciationAndAmortization": "122000000", "incomeBeforeTax": "240000000", "incomeTaxExpense": "-15000000", "interestAndDebtExpense": "None", "netIncomeFromContinuingOperations": "428000000", "comprehensiveIncomeNetOfTax": "None", "ebit": "332000000", "ebitda": "454000000", "netIncome": "255000000"}, {"fiscalDateEnding": "2018-06-30", "reportedCurrency": "USD", "grossProfit": "618000000", "totalRevenue": "2065000000", "costOfRevenue": "1447000000", "costofGoodsAndServicesSold": "1447000000", "operatingIncome": "476000000", "sellingGeneralAndAdministrative": "80000000", "researchAndDevelopment": "2000000", "operatingExpenses": "117000000", "investmentIncomeNet": "None", "netInterestIncome": "None", "interestIncome": "None", "interestExpense": "92000000", "nonInterestIncome": "None", "otherNonOperatingIncome": "11000000", "depreciation": "None", "depreciationAndAmortization": "119000000", "incomeBeforeTax": "382000000", "incomeTaxExpense": "65000000", "interestAndDebtExpense": "None", "netIncomeFromContinuingOperations": "644000000", "comprehensiveIncomeNetOfTax": "None", "ebit": "489000000", "ebitda": "608000000", "netIncome": "317000000"}, {"fiscalDateEnding": "2018-03-31", "reportedCurrency": "USD", "grossProfit": "517000000", "totalRevenue": "1865000000", "costOfRevenue": "1348000000", "costofGoodsAndServicesSold": "1348000000", "operatingIncome": "404000000", "sellingGeneralAndAdministrative": "78000000", "researchAndDevelopment": "2000000", "operatingExpenses": "131000000", "investmentIncomeNet": "None", "netInterestIncome": "None", "interestIncome": "None", "interestExpense": "93000000", "nonInterestIncome": "None", "otherNonOperatingIncome": "12000000", "depreciation": "None", "depreciationAndAmortization": "120000000", "incomeBeforeTax": "299000000", "incomeTaxExpense": "30000000", "interestAndDebtExpense": "None", "netIncomeFromContinuingOperations": "539000000", "comprehensiveIncomeNetOfTax": "None", "ebit": "367000000", "ebitda": "487000000", "netIncome": "269000000"}, {"fiscalDateEnding": "2017-12-31", "reportedCurrency": "USD", "grossProfit": "507000000", "totalRevenue": "1823000000", "costOfRevenue": "1316000000", "costofGoodsAndServicesSold": "1316000000", "operatingIncome": "476000000", "sellingGeneralAndAdministrative": "72000000", "researchAndDevelopment": "2000000", "operatingExpenses": "-35000000", "investmentIncomeNet": "None", "netInterestIncome": "None", "interestIncome": "None", "interestExpense": "96000000", "nonInterestIncome": "None", "otherNonOperatingIncome": "11000000", "depreciation": "None", "depreciationAndAmortization": "127000000", "incomeBeforeTax": "374000000", "incomeTaxExpense": "103000000", "interestAndDebtExpense": "None", "netIncomeFromContinuingOperations": "271000000", "comprehensiveIncomeNetOfTax": "None", "ebit": "395000000", "ebitda": "522000000", "netIncome": "271000000"}, {"fiscalDateEnding": "2017-09-30", "reportedCurrency": "USD", "grossProfit": "498000000", "totalRevenue": "1872000000", "costOfRevenue": "1374000000", "costofGoodsAndServicesSold": "1374000000", "operatingIncome": "205000000", "sellingGeneralAndAdministrative": "75000000", "researchAndDevelopment": "4000000", "operatingExpenses": "89000000", "investmentIncomeNet": "None", "netInterestIncome": "None", "interestIncome": "None", "interestExpense": "98000000", "nonInterestIncome": "None", "otherNonOperatingIncome": "11000000", "depreciation": "None", "depreciationAndAmortization": "132000000", "incomeBeforeTax": "103000000", "incomeTaxExpense": "-27000000", "interestAndDebtExpense": "None", "netIncomeFromContinuingOperations": "130000000", "comprehensiveIncomeNetOfTax": "None", "ebit": "393000000", "ebitda": "525000000", "netIncome": "130000000"}, {"fiscalDateEnding": "2017-06-30", "reportedCurrency": "USD", "grossProfit": "472000000", "totalRevenue": "1808000000", "costOfRevenue": "1336000000", "costofGoodsAndServicesSold": "1336000000", "operatingIncome": "157000000", "sellingGeneralAndAdministrative": "76000000", "researchAndDevelopment": "4000000", "operatingExpenses": "163000000", "investmentIncomeNet": "None", "netInterestIncome": "None", "interestIncome": "None", "interestExpense": "100000000", "nonInterestIncome": "None", "otherNonOperatingIncome": "9000000", "depreciation": "None", "depreciationAndAmortization": "129000000", "incomeBeforeTax": "58000000", "incomeTaxExpense": "34000000", "interestAndDebtExpense": "None", "netIncomeFromContinuingOperations": "24000000", "comprehensiveIncomeNetOfTax": "None", "ebit": "351000000", "ebitda": "480000000", "netIncome": "24000000"}, {"fiscalDateEnding": "2017-03-31", "reportedCurrency": "USD", "grossProfit": "421000000", "totalRevenue": "1693000000", "costOfRevenue": "1272000000", "costofGoodsAndServicesSold": "1272000000", "operatingIncome": "293000000", "sellingGeneralAndAdministrative": "87000000", "researchAndDevelopment": "4000000", "operatingExpenses": "116000000", "investmentIncomeNet": "None", "netInterestIncome": "None", "interestIncome": "None", "interestExpense": "99000000", "nonInterestIncome": "None", "otherNonOperatingIncome": "9000000", "depreciation": "None", "depreciationAndAmortization": "133000000", "incomeBeforeTax": "181000000", "incomeTaxExpense": "24000000", "interestAndDebtExpense": "None", "netIncomeFromContinuingOperations": "157000000", "comprehensiveIncomeNetOfTax": "None", "ebit": "283000000", "ebitda": "416000000", "netIncome": "157000000"}, {"fiscalDateEnding": "2016-12-31", "reportedCurrency": "USD", "grossProfit": "331000000", "totalRevenue": "1596000000", "costOfRevenue": "1265000000", "costofGoodsAndServicesSold": "1265000000", "operatingIncome": "185000000", "sellingGeneralAndAdministrative": "84000000", "researchAndDevelopment": "5000000", "operatingExpenses": "117000000", "investmentIncomeNet": "None", "netInterestIncome": "None", "interestIncome": "None", "interestExpense": "108000000", "nonInterestIncome": "None", "otherNonOperatingIncome": "28000000", "depreciation": "None", "depreciationAndAmortization": "137000000", "incomeBeforeTax": "87000000", "incomeTaxExpense": "25000000", "interestAndDebtExpense": "None", "netIncomeFromContinuingOperations": "2000000", "comprehensiveIncomeNetOfTax": "None", "ebit": "215000000", "ebitda": "352000000", "netIncome": "551000000"}, {"fiscalDateEnding": "2016-09-30", "reportedCurrency": "USD", "grossProfit": "395000000", "totalRevenue": "1709000000", "costOfRevenue": "1314000000", "costofGoodsAndServicesSold": "1314000000", "operatingIncome": "274000000", "sellingGeneralAndAdministrative": "78000000", "researchAndDevelopment": "5000000", "operatingExpenses": "110000000", "investmentIncomeNet": "None", "netInterestIncome": "None", "interestIncome": "None", "interestExpense": "114000000", "nonInterestIncome": "None", "otherNonOperatingIncome": "15000000", "depreciation": "None", "depreciationAndAmortization": "139000000", "incomeBeforeTax": "184000000", "incomeTaxExpense": "22000000", "interestAndDebtExpense": "None", "netIncomeFromContinuingOperations": "162000000", "comprehensiveIncomeNetOfTax": "None", "ebit": "294000000", "ebitda": "433000000", "netIncome": "227000000"}, {"fiscalDateEnding": "2016-06-30", "reportedCurrency": "USD", "grossProfit": "397000000", "totalRevenue": "1655000000", "costOfRevenue": "1258000000", "costofGoodsAndServicesSold": "1258000000", "operatingIncome": "258000000", "sellingGeneralAndAdministrative": "94000000", "researchAndDevelopment": "4000000", "operatingExpenses": "125000000", "investmentIncomeNet": "None", "netInterestIncome": "None", "interestIncome": "None", "interestExpense": "114000000", "nonInterestIncome": "None", "otherNonOperatingIncome": "10000000", "depreciation": "None", "depreciationAndAmortization": "147000000", "incomeBeforeTax": "161000000", "incomeTaxExpense": "31000000", "interestAndDebtExpense": "None", "netIncomeFromContinuingOperations": "130000000", "comprehensiveIncomeNetOfTax": "None", "ebit": "288000000", "ebitda": "435000000", "netIncome": "168000000"}, {"fiscalDateEnding": "2016-03-31", "reportedCurrency": "USD", "grossProfit": "360000000", "totalRevenue": "1835000000", "costOfRevenue": "1475000000", "costofGoodsAndServicesSold": "1475000000", "operatingIncome": "186000000", "sellingGeneralAndAdministrative": "85000000", "researchAndDevelopment": "6000000", "operatingExpenses": "103000000", "investmentIncomeNet": "None", "netInterestIncome": "None", "interestIncome": "None", "interestExpense": "97000000", "nonInterestIncome": "None", "otherNonOperatingIncome": "12000000", "depreciation": "None", "depreciationAndAmortization": "142000000", "incomeBeforeTax": "101000000", "incomeTaxExpense": "20000000", "interestAndDebtExpense": "None", "netIncomeFromContinuingOperations": "121000000", "comprehensiveIncomeNetOfTax": "None", "ebit": "223000000", "ebitda": "365000000", "netIncome": "81000000"}, {"fiscalDateEnding": "2015-12-31", "reportedCurrency": "USD", "grossProfit": "344000000", "totalRevenue": "1734000000", "costOfRevenue": "1390000000", "costofGoodsAndServicesSold": "1390000000", "operatingIncome": "217000000", "sellingGeneralAndAdministrative": "84000000", "researchAndDevelopment": "7000000", "operatingExpenses": "118000000", "investmentIncomeNet": "None", "netInterestIncome": "None", "interestIncome": "None", "interestExpense": "88000000", "nonInterestIncome": "None", "otherNonOperatingIncome": "-78000000", "depreciation": "None", "depreciationAndAmortization": "120000000", "incomeBeforeTax": "51000000", "incomeTaxExpense": "-19000000", "interestAndDebtExpense": "None", "netIncomeFromContinuingOperations": "70000000", "comprehensiveIncomeNetOfTax": "None", "ebit": "172000000", "ebitda": "292000000", "netIncome": "70000000"}, {"fiscalDateEnding": "2015-09-30", "reportedCurrency": "USD", "grossProfit": "375000000", "totalRevenue": "1820000000", "costOfRevenue": "1445000000", "costofGoodsAndServicesSold": "1445000000", "operatingIncome": "259000000", "sellingGeneralAndAdministrative": "60000000", "researchAndDevelopment": "6000000", "operatingExpenses": "95000000", "investmentIncomeNet": "None", "netInterestIncome": "None", "interestIncome": "None", "interestExpense": "88000000", "nonInterestIncome": "None", "otherNonOperatingIncome": "4000000", "depreciation": "None", "depreciationAndAmortization": "118000000", "incomeBeforeTax": "175000000", "incomeTaxExpense": "-16000000", "interestAndDebtExpense": "None", "netIncomeFromContinuingOperations": "191000000", "comprehensiveIncomeNetOfTax": "None", "ebit": "193000000", "ebitda": "311000000", "netIncome": "191000000"}, {"fiscalDateEnding": "2015-06-30", "reportedCurrency": "USD", "grossProfit": "333000000", "totalRevenue": "1807000000", "costOfRevenue": "1474000000", "costofGoodsAndServicesSold": "1474000000", "operatingIncome": "243000000", "sellingGeneralAndAdministrative": "71000000", "researchAndDevelopment": "6000000", "operatingExpenses": "102000000", "investmentIncomeNet": "None", "netInterestIncome": "None", "interestIncome": "None", "interestExpense": "88000000", "nonInterestIncome": "None", "otherNonOperatingIncome": "2000000", "depreciation": "None", "depreciationAndAmortization": "118000000", "incomeBeforeTax": "157000000", "incomeTaxExpense": "13000000", "interestAndDebtExpense": "None", "netIncomeFromContinuingOperations": "144000000", "comprehensiveIncomeNetOfTax": "None", "ebit": "194000000", "ebitda": "312000000", "netIncome": "144000000"}, {"fiscalDateEnding": "2015-03-31", "reportedCurrency": "USD", "grossProfit": "336000000", "totalRevenue": "1721000000", "costOfRevenue": "1385000000", "costofGoodsAndServicesSold": "1385000000", "operatingIncome": "200000000", "sellingGeneralAndAdministrative": "74000000", "researchAndDevelopment": "5000000", "operatingExpenses": "95000000", "investmentIncomeNet": "None", "netInterestIncome": "None", "interestIncome": "None", "interestExpense": "83000000", "nonInterestIncome": "None", "otherNonOperatingIncome": "3000000", "depreciation": "None", "depreciationAndAmortization": "123000000", "incomeBeforeTax": "120000000", "incomeTaxExpense": "19000000", "interestAndDebtExpense": "None", "netIncomeFromContinuingOperations": "101000000", "comprehensiveIncomeNetOfTax": "None", "ebit": "196000000", "ebitda": "319000000", "netIncome": "101000000"}, {"fiscalDateEnding": "2014-12-31", "reportedCurrency": "USD", "grossProfit": "389000000", "totalRevenue": "1788000000", "costOfRevenue": "1399000000", "costofGoodsAndServicesSold": "1399000000", "operatingIncome": "294000000", "sellingGeneralAndAdministrative": "89000000", "researchAndDevelopment": "8000000", "operatingExpenses": "88000000", "investmentIncomeNet": "None", "netInterestIncome": "None", "interestIncome": "None", "interestExpense": "90000000", "nonInterestIncome": "None", "otherNonOperatingIncome": "10000000", "depreciation": "None", "depreciationAndAmortization": "125000000", "incomeBeforeTax": "214000000", "incomeTaxExpense": "37000000", "interestAndDebtExpense": "None", "netIncomeFromContinuingOperations": "167000000", "comprehensiveIncomeNetOfTax": "None", "ebit": "281000000", "ebitda": "406000000", "netIncome": "177000000"}, {"fiscalDateEnding": "2014-09-30", "reportedCurrency": "USD", "grossProfit": "411000000", "totalRevenue": "1915000000", "costOfRevenue": "1504000000", "costofGoodsAndServicesSold": "1504000000", "operatingIncome": "318000000", "sellingGeneralAndAdministrative": "73000000", "researchAndDevelopment": "5000000", "operatingExpenses": "94000000", "investmentIncomeNet": "None", "netInterestIncome": "None", "interestIncome": "None", "interestExpense": "88000000", "nonInterestIncome": "None", "otherNonOperatingIncome": "7000000", "depreciation": "None", "depreciationAndAmortization": "123000000", "incomeBeforeTax": "237000000", "incomeTaxExpense": "39000000", "interestAndDebtExpense": "None", "netIncomeFromContinuingOperations": "198000000", "comprehensiveIncomeNetOfTax": "None", "ebit": "317000000", "ebitda": "440000000", "netIncome": "1164000000"}, {"fiscalDateEnding": "2014-06-30", "reportedCurrency": "USD", "grossProfit": "465000000", "totalRevenue": "1964000000", "costOfRevenue": "1499000000", "costofGoodsAndServicesSold": "1499000000", "operatingIncome": "400000000", "sellingGeneralAndAdministrative": "88000000", "researchAndDevelopment": "7000000", "operatingExpenses": "57000000", "investmentIncomeNet": "None", "netInterestIncome": "None", "interestIncome": "None", "interestExpense": "83000000", "nonInterestIncome": "None", "otherNonOperatingIncome": "11000000", "depreciation": "None", "depreciationAndAmortization": "126000000", "incomeBeforeTax": "328000000", "incomeTaxExpense": "59000000", "interestAndDebtExpense": "None", "netIncomeFromContinuingOperations": "269000000", "comprehensiveIncomeNetOfTax": "None", "ebit": "350000000", "ebitda": "476000000", "netIncome": "291000000"}, {"fiscalDateEnding": "2014-03-31", "reportedCurrency": "USD", "grossProfit": "428000000", "totalRevenue": "1984000000", "costOfRevenue": "1556000000", "costofGoodsAndServicesSold": "1556000000", "operatingIncome": "324000000", "sellingGeneralAndAdministrative": "101000000", "researchAndDevelopment": "7000000", "operatingExpenses": "83000000", "investmentIncomeNet": "None", "netInterestIncome": "None", "interestIncome": "None", "interestExpense": "83000000", "nonInterestIncome": "None", "otherNonOperatingIncome": "9000000", "depreciation": "None", "depreciationAndAmortization": "126000000", "incomeBeforeTax": "250000000", "incomeTaxExpense": "56000000", "interestAndDebtExpense": "None", "netIncomeFromContinuingOperations": "194000000", "comprehensiveIncomeNetOfTax": "None", "ebit": "273000000", "ebitda": "399000000", "netIncome": "194000000"}, {"fiscalDateEnding": "2013-12-31", "reportedCurrency": "USD", "grossProfit": "472000000", "totalRevenue": "2256000000", "costOfRevenue": "1784000000", "costofGoodsAndServicesSold": "1784000000", "operatingIncome": "-97000000", "sellingGeneralAndAdministrative": "117000000", "researchAndDevelopment": "10000000", "operatingExpenses": "191000000", "investmentIncomeNet": "None", "netInterestIncome": "None", "interestIncome": "None", "interestExpense": "113000000", "nonInterestIncome": "None", "otherNonOperatingIncome": "16000000", "depreciation": "None", "depreciationAndAmortization": "129000000", "incomeBeforeTax": "-194000000", "incomeTaxExpense": "-248000000", "interestAndDebtExpense": "None", "netIncomeFromContinuingOperations": "-28000000", "comprehensiveIncomeNetOfTax": "None", "ebit": "-81000000", "ebitda": "48000000", "netIncome": "54000000"}, {"fiscalDateEnding": "2013-09-30", "reportedCurrency": "USD", "grossProfit": "453000000", "totalRevenue": "2181000000", "costOfRevenue": "1728000000", "costofGoodsAndServicesSold": "1728000000", "operatingIncome": "277000000", "sellingGeneralAndAdministrative": "112000000", "researchAndDevelopment": "8000000", "operatingExpenses": "174000000", "investmentIncomeNet": "None", "netInterestIncome": "None", "interestIncome": "None", "interestExpense": "95000000", "nonInterestIncome": "None", "otherNonOperatingIncome": "21000000", "depreciation": "None", "depreciationAndAmortization": "120000000", "incomeBeforeTax": "203000000", "incomeTaxExpense": "36000000", "interestAndDebtExpense": "None", "netIncomeFromContinuingOperations": "167000000", "comprehensiveIncomeNetOfTax": "None", "ebit": "241000000", "ebitda": "361000000", "netIncome": "167000000"}, {"fiscalDateEnding": "2013-06-30", "reportedCurrency": "USD", "grossProfit": "477000000", "totalRevenue": "2141000000", "costOfRevenue": "1664000000", "costofGoodsAndServicesSold": "1664000000", "operatingIncome": "311000000", "sellingGeneralAndAdministrative": "108000000", "researchAndDevelopment": "8000000", "operatingExpenses": "160000000", "investmentIncomeNet": "None", "netInterestIncome": "None", "interestIncome": "None", "interestExpense": "81000000", "nonInterestIncome": "None", "otherNonOperatingIncome": "10000000", "depreciation": "None", "depreciationAndAmortization": "111000000", "incomeBeforeTax": "240000000", "incomeTaxExpense": "42000000", "interestAndDebtExpense": "None", "netIncomeFromContinuingOperations": "198000000", "comprehensiveIncomeNetOfTax": "None", "ebit": "301000000", "ebitda": "412000000", "netIncome": "198000000"}, {"fiscalDateEnding": "2013-03-31", "reportedCurrency": "USD", "grossProfit": "418000000", "totalRevenue": "1951000000", "costOfRevenue": "1533000000", "costofGoodsAndServicesSold": "1533000000", "operatingIncome": "256000000", "sellingGeneralAndAdministrative": "118000000", "researchAndDevelopment": "7000000", "operatingExpenses": "158000000", "investmentIncomeNet": "None", "netInterestIncome": "None", "interestIncome": "None", "interestExpense": "82000000", "nonInterestIncome": "None", "otherNonOperatingIncome": "11000000", "depreciation": "None", "depreciationAndAmortization": "112000000", "incomeBeforeTax": "185000000", "incomeTaxExpense": "41000000", "interestAndDebtExpense": "None", "netIncomeFromContinuingOperations": "226000000", "comprehensiveIncomeNetOfTax": "None", "ebit": "267000000", "ebitda": "379000000", "netIncome": "144000000"}, {"fiscalDateEnding": "2012-12-31", "reportedCurrency": "USD", "grossProfit": "420000000", "totalRevenue": "2000000000", "costOfRevenue": "1580000000", "costofGoodsAndServicesSold": "1580000000", "operatingIncome": "256000000", "sellingGeneralAndAdministrative": "126000000", "researchAndDevelopment": "9000000", "operatingExpenses": "158000000", "investmentIncomeNet": "None", "netInterestIncome": "None", "interestIncome": "None", "interestExpense": "88000000", "nonInterestIncome": "None", "otherNonOperatingIncome": "None", "depreciation": "None", "depreciationAndAmortization": "118000000", "incomeBeforeTax": "182000000", "incomeTaxExpense": "40000000", "interestAndDebtExpense": "None", "netIncomeFromContinuingOperations": "0", "comprehensiveIncomeNetOfTax": "None", "ebit": "270000000", "ebitda": "388000000", "netIncome": "143000000"}, {"fiscalDateEnding": "2012-09-30", "reportedCurrency": "USD", "grossProfit": "348000000", "totalRevenue": "1772000000", "costOfRevenue": "1424000000", "costofGoodsAndServicesSold": "1424000000", "operatingIncome": "202000000", "sellingGeneralAndAdministrative": "156000000", "researchAndDevelopment": "8000000", "operatingExpenses": "136000000", "investmentIncomeNet": "None", "netInterestIncome": "None", "interestIncome": "None", "interestExpense": "87000000", "nonInterestIncome": "None", "otherNonOperatingIncome": "None", "depreciation": "None", "depreciationAndAmortization": "112000000", "incomeBeforeTax": "130000000", "incomeTaxExpense": "13000000", "interestAndDebtExpense": "None", "netIncomeFromContinuingOperations": "0", "comprehensiveIncomeNetOfTax": "None", "ebit": "217000000", "ebitda": "329000000", "netIncome": "117000000"}, {"fiscalDateEnding": "2012-06-30", "reportedCurrency": "USD", "grossProfit": "277000000", "totalRevenue": "1793000000", "costOfRevenue": "1516000000", "costofGoodsAndServicesSold": "1516000000", "operatingIncome": "176000000", "sellingGeneralAndAdministrative": "142000000", "researchAndDevelopment": "8000000", "operatingExpenses": "97000000", "investmentIncomeNet": "None", "netInterestIncome": "None", "interestIncome": "None", "interestExpense": "86000000", "nonInterestIncome": "None", "otherNonOperatingIncome": "None", "depreciation": "None", "depreciationAndAmortization": "113000000", "incomeBeforeTax": "101000000", "incomeTaxExpense": "17000000", "interestAndDebtExpense": "None", "netIncomeFromContinuingOperations": "0", "comprehensiveIncomeNetOfTax": "None", "ebit": "187000000", "ebitda": "300000000", "netIncome": "84000000"}, {"fiscalDateEnding": "2012-03-31", "reportedCurrency": "USD", "grossProfit": "204000000", "totalRevenue": "1494000000", "costOfRevenue": "1290000000", "costofGoodsAndServicesSold": "1290000000", "operatingIncome": "101000000", "sellingGeneralAndAdministrative": "150000000", "researchAndDevelopment": "7000000", "operatingExpenses": "91000000", "investmentIncomeNet": "None", "netInterestIncome": "None", "interestIncome": "None", "interestExpense": "87000000", "nonInterestIncome": "None", "otherNonOperatingIncome": "None", "depreciation": "None", "depreciationAndAmortization": "113000000", "incomeBeforeTax": "26000000", "incomeTaxExpense": "-15000000", "interestAndDebtExpense": "None", "netIncomeFromContinuingOperations": "0", "comprehensiveIncomeNetOfTax": "None", "ebit": "113000000", "ebitda": "226000000", "netIncome": "41000000"}, {"fiscalDateEnding": "2011-12-31", "reportedCurrency": "USD", "grossProfit": "298000000", "totalRevenue": "1615000000", "costOfRevenue": "1317000000", "costofGoodsAndServicesSold": "1317000000", "operatingIncome": "131000000", "sellingGeneralAndAdministrative": "149000000", "researchAndDevelopment": "9000000", "operatingExpenses": "136000000", "investmentIncomeNet": "None", "netInterestIncome": "None", "interestIncome": "None", "interestExpense": "88000000", "nonInterestIncome": "None", "otherNonOperatingIncome": "None", "depreciation": "None", "depreciationAndAmortization": "117000000", "incomeBeforeTax": "55000000", "incomeTaxExpense": "-10000000", "interestAndDebtExpense": "None", "netIncomeFromContinuingOperations": "0", "comprehensiveIncomeNetOfTax": "None", "ebit": "143000000", "ebitda": "260000000", "netIncome": "65000000"}, {"fiscalDateEnding": "2011-09-30", "reportedCurrency": "USD", "grossProfit": "286000000", "totalRevenue": "1569000000", "costOfRevenue": "1283000000", "costofGoodsAndServicesSold": "1283000000", "operatingIncome": "100000000", "sellingGeneralAndAdministrative": "135000000", "researchAndDevelopment": "7000000", "operatingExpenses": "145000000", "investmentIncomeNet": "None", "netInterestIncome": "None", "interestIncome": "None", "interestExpense": "86000000", "nonInterestIncome": "None", "otherNonOperatingIncome": "15000000", "depreciation": "None", "depreciationAndAmortization": "120000000", "incomeBeforeTax": "29000000", "incomeTaxExpense": "-104000000", "interestAndDebtExpense": "None", "netIncomeFromContinuingOperations": "133000000", "comprehensiveIncomeNetOfTax": "None", "ebit": "115000000", "ebitda": "235000000", "netIncome": "157000000"}, {"fiscalDateEnding": "2011-06-30", "reportedCurrency": "USD", "grossProfit": "267000000", "totalRevenue": "1610000000", "costOfRevenue": "1343000000", "costofGoodsAndServicesSold": "1343000000", "operatingIncome": "127000000", "sellingGeneralAndAdministrative": "145000000", "researchAndDevelopment": "7000000", "operatingExpenses": "152000000", "investmentIncomeNet": "None", "netInterestIncome": "None", "interestIncome": "None", "interestExpense": "117000000", "nonInterestIncome": "None", "otherNonOperatingIncome": "9000000", "depreciation": "None", "depreciationAndAmortization": "120000000", "incomeBeforeTax": "19000000", "incomeTaxExpense": "-4000000", "interestAndDebtExpense": "None", "netIncomeFromContinuingOperations": "23000000", "comprehensiveIncomeNetOfTax": "None", "ebit": "136000000", "ebitda": "256000000", "netIncome": "10000000"}, {"fiscalDateEnding": "2011-03-31", "reportedCurrency": "USD", "grossProfit": "254000000", "totalRevenue": "1578000000", "costOfRevenue": "1324000000", "costofGoodsAndServicesSold": "1324000000", "operatingIncome": "238000000", "sellingGeneralAndAdministrative": "179000000", "researchAndDevelopment": "7000000", "operatingExpenses": "186000000", "investmentIncomeNet": "None", "netInterestIncome": "None", "interestIncome": "None", "interestExpense": "93000000", "nonInterestIncome": "None", "otherNonOperatingIncome": "None", "depreciation": "None", "depreciationAndAmortization": "123000000", "incomeBeforeTax": "156000000", "incomeTaxExpense": "57000000", "interestAndDebtExpense": "None", "netIncomeFromContinuingOperations": "99000000", "comprehensiveIncomeNetOfTax": "None", "ebit": "247000000", "ebitda": "370000000", "netIncome": "99000000"}, {"fiscalDateEnding": "2010-12-31", "reportedCurrency": "USD", "grossProfit": "-25000000", "totalRevenue": "1664000000", "costOfRevenue": "1689000000", "costofGoodsAndServicesSold": "1689000000", "operatingIncome": "53000000", "sellingGeneralAndAdministrative": "227000000", "researchAndDevelopment": "10000000", "operatingExpenses": "-206000000", "investmentIncomeNet": "None", "netInterestIncome": "None", "interestIncome": "None", "interestExpense": "125000000", "nonInterestIncome": "None", "otherNonOperatingIncome": "None", "depreciation": "None", "depreciationAndAmortization": "127000000", "incomeBeforeTax": "-36000000", "incomeTaxExpense": "-207000000", "interestAndDebtExpense": "None", "netIncomeFromContinuingOperations": "0", "comprehensiveIncomeNetOfTax": "None", "ebit": "89000000", "ebitda": "216000000", "netIncome": "171000000"}, {"fiscalDateEnding": "2010-09-30", "reportedCurrency": "USD", "grossProfit": "441000000", "totalRevenue": "1664000000", "costOfRevenue": "1223000000", "costofGoodsAndServicesSold": "1223000000", "operatingIncome": "167000000", "sellingGeneralAndAdministrative": "101000000", "researchAndDevelopment": "8000000", "operatingExpenses": "283000000", "investmentIncomeNet": "None", "netInterestIncome": "None", "interestIncome": "None", "interestExpense": "104000000", "nonInterestIncome": "None", "otherNonOperatingIncome": "None", "depreciation": "None", "depreciationAndAmortization": "124000000", "incomeBeforeTax": "91000000", "incomeTaxExpense": "-1025000000", "interestAndDebtExpense": "None", "netIncomeFromContinuingOperations": "0", "comprehensiveIncomeNetOfTax": "None", "ebit": "179000000", "ebitda": "303000000", "netIncome": "1116000000"}, {"fiscalDateEnding": "2010-06-30", "reportedCurrency": "USD", "grossProfit": "441000000", "totalRevenue": "1805000000", "costOfRevenue": "1364000000", "costofGoodsAndServicesSold": "1364000000", "operatingIncome": "164000000", "sellingGeneralAndAdministrative": "97000000", "researchAndDevelopment": "8000000", "operatingExpenses": "274000000", "investmentIncomeNet": "None", "netInterestIncome": "None", "interestIncome": "None", "interestExpense": "111000000", "nonInterestIncome": "None", "otherNonOperatingIncome": "None", "depreciation": "None", "depreciationAndAmortization": "120000000", "incomeBeforeTax": "21000000", "incomeTaxExpense": "7000000", "interestAndDebtExpense": "None", "netIncomeFromContinuingOperations": "0", "comprehensiveIncomeNetOfTax": "None", "ebit": "135000000", "ebitda": "255000000", "netIncome": "14000000"}, {"fiscalDateEnding": "2010-03-31", "reportedCurrency": "USD", "grossProfit": "290000000", "totalRevenue": "1419000000", "costOfRevenue": "1129000000", "costofGoodsAndServicesSold": "1129000000", "operatingIncome": "84000000", "sellingGeneralAndAdministrative": "98000000", "researchAndDevelopment": "8000000", "operatingExpenses": "204000000", "investmentIncomeNet": "None", "netInterestIncome": "None", "interestIncome": "None", "interestExpense": "112000000", "nonInterestIncome": "None", "otherNonOperatingIncome": "None", "depreciation": "None", "depreciationAndAmortization": "119000000", "incomeBeforeTax": "20000000", "incomeTaxExpense": "38000000", "interestAndDebtExpense": "None", "netIncomeFromContinuingOperations": "0", "comprehensiveIncomeNetOfTax": "None", "ebit": "133000000", "ebitda": "252000000", "netIncome": "-20000000"}, {"fiscalDateEnding": "2009-12-31", "reportedCurrency": "USD", "grossProfit": "250000000", "totalRevenue": "1455000000", "costOfRevenue": "1205000000", "costofGoodsAndServicesSold": "1205000000", "operatingIncome": "-178000000", "sellingGeneralAndAdministrative": "29000000", "researchAndDevelopment": "13000000", "operatingExpenses": "167000000", "investmentIncomeNet": "None", "netInterestIncome": "None", "interestIncome": "None", "interestExpense": "90000000", "nonInterestIncome": "None", "otherNonOperatingIncome": "None", "depreciation": "None", "depreciationAndAmortization": "127000000", "incomeBeforeTax": "-282000000", "incomeTaxExpense": "-101000000", "interestAndDebtExpense": "None", "netIncomeFromContinuingOperations": "0", "comprehensiveIncomeNetOfTax": "None", "ebit": "-192000000", "ebitda": "-65000000", "netIncome": "-175000000"}, {"fiscalDateEnding": "2009-09-30", "reportedCurrency": "USD", "grossProfit": "262000000", "totalRevenue": "1407000000", "costOfRevenue": "1145000000", "costofGoodsAndServicesSold": "1145000000", "operatingIncome": "123000000", "sellingGeneralAndAdministrative": "217000000", "researchAndDevelopment": "10000000", "operatingExpenses": "196000000", "investmentIncomeNet": "None", "netInterestIncome": "None", "interestIncome": "None", "interestExpense": "115000000", "nonInterestIncome": "None", "otherNonOperatingIncome": "None", "depreciation": "None", "depreciationAndAmortization": "126000000", "incomeBeforeTax": "30000000", "incomeTaxExpense": "35000000", "interestAndDebtExpense": "None", "netIncomeFromContinuingOperations": "0", "comprehensiveIncomeNetOfTax": "None", "ebit": "88000000", "ebitda": "214000000", "netIncome": "-5000000"}, {"fiscalDateEnding": "2009-06-30", "reportedCurrency": "USD", "grossProfit": "323000000", "totalRevenue": "2666000000", "costOfRevenue": "2343000000", "costofGoodsAndServicesSold": "2343000000", "operatingIncome": "-392000000", "sellingGeneralAndAdministrative": "224000000", "researchAndDevelopment": "28000000", "operatingExpenses": "454000000", "investmentIncomeNet": "None", "netInterestIncome": "None", "interestIncome": "None", "interestExpense": "229000000", "nonInterestIncome": "None", "otherNonOperatingIncome": "None", "depreciation": "None", "depreciationAndAmortization": "129000000", "incomeBeforeTax": "-590000000", "incomeTaxExpense": "-208000000", "interestAndDebtExpense": "None", "netIncomeFromContinuingOperations": "0", "comprehensiveIncomeNetOfTax": "None", "ebit": "-34000000", "ebitda": "95000000", "netIncome": "-382000000"}, {"fiscalDateEnding": "2009-03-31", "reportedCurrency": "USD", "grossProfit": "146000000", "totalRevenue": "1275000000", "costOfRevenue": "1129000000", "costofGoodsAndServicesSold": "1129000000", "operatingIncome": "-330000000", "sellingGeneralAndAdministrative": "124000000", "researchAndDevelopment": "13000000", "operatingExpenses": "334000000", "investmentIncomeNet": "None", "netInterestIncome": "None", "interestIncome": "None", "interestExpense": "106000000", "nonInterestIncome": "None", "otherNonOperatingIncome": "None", "depreciation": "None", "depreciationAndAmortization": "126000000", "incomeBeforeTax": "-442000000", "incomeTaxExpense": "-176000000", "interestAndDebtExpense": "None", "netIncomeFromContinuingOperations": "0", "comprehensiveIncomeNetOfTax": "None", "ebit": "-327000000", "ebitda": "-201000000", "netIncome": "-264000000"}, {"fiscalDateEnding": "2008-12-31", "reportedCurrency": "USD", "grossProfit": "44000000", "totalRevenue": "1695000000", "costOfRevenue": "1651000000", "costofGoodsAndServicesSold": "1651000000", "operatingIncome": "-1539000000", "sellingGeneralAndAdministrative": "176000000", "researchAndDevelopment": "15000000", "operatingExpenses": "-148000000", "investmentIncomeNet": "None", "netInterestIncome": "None", "interestIncome": "None", "interestExpense": "130000000", "nonInterestIncome": "None", "otherNonOperatingIncome": "None", "depreciation": "None", "depreciationAndAmortization": "143000000", "incomeBeforeTax": "-1491000000", "incomeTaxExpense": "-314000000", "interestAndDebtExpense": "None", "netIncomeFromContinuingOperations": "0", "comprehensiveIncomeNetOfTax": "None", "ebit": "-1403000000", "ebitda": "-1260000000", "netIncome": "-1212000000"}, {"fiscalDateEnding": "2008-09-30", "reportedCurrency": "USD", "grossProfit": "325000000", "totalRevenue": "2107000000", "costOfRevenue": "1782000000", "costofGoodsAndServicesSold": "1782000000", "operatingIncome": "-355000000", "sellingGeneralAndAdministrative": "109000000", "researchAndDevelopment": "14000000", "operatingExpenses": "669000000", "investmentIncomeNet": "None", "netInterestIncome": "None", "interestIncome": "None", "interestExpense": "136000000", "nonInterestIncome": "None", "otherNonOperatingIncome": "None", "depreciation": "None", "depreciationAndAmortization": "152000000", "incomeBeforeTax": "-421000000", "incomeTaxExpense": "-221000000", "interestAndDebtExpense": "None", "netIncomeFromContinuingOperations": "0", "comprehensiveIncomeNetOfTax": "None", "ebit": "-290000000", "ebitda": "-138000000", "netIncome": "280000000"}, {"fiscalDateEnding": "2008-06-30", "reportedCurrency": "USD", "grossProfit": "335000000", "totalRevenue": "2174000000", "costOfRevenue": "1839000000", "costofGoodsAndServicesSold": "1839000000", "operatingIncome": "-383000000", "sellingGeneralAndAdministrative": "125000000", "researchAndDevelopment": "18000000", "operatingExpenses": "679000000", "investmentIncomeNet": "None", "netInterestIncome": "None", "interestIncome": "None", "interestExpense": "140000000", "nonInterestIncome": "None", "otherNonOperatingIncome": "None", "depreciation": "None", "depreciationAndAmortization": "153000000", "incomeBeforeTax": "-421000000", "incomeTaxExpense": "-214000000", "interestAndDebtExpense": "None", "netIncomeFromContinuingOperations": "0", "comprehensiveIncomeNetOfTax": "None", "ebit": "-390000000", "ebitda": "-237000000", "netIncome": "-96000000"}, {"fiscalDateEnding": "2008-03-31", "reportedCurrency": "USD", "grossProfit": "326000000", "totalRevenue": "2096000000", "costOfRevenue": "1770000000", "costofGoodsAndServicesSold": "1770000000", "operatingIncome": "-245000000", "sellingGeneralAndAdministrative": "211000000", "researchAndDevelopment": "17000000", "operatingExpenses": "517000000", "investmentIncomeNet": "None", "netInterestIncome": "None", "interestIncome": "None", "interestExpense": "108000000", "nonInterestIncome": "None", "otherNonOperatingIncome": "None", "depreciation": "None", "depreciationAndAmortization": "211000000", "incomeBeforeTax": "-366000000", "incomeTaxExpense": "-137000000", "interestAndDebtExpense": "None", "netIncomeFromContinuingOperations": "0", "comprehensiveIncomeNetOfTax": "None", "ebit": "-272000000", "ebitda": "-61000000", "netIncome": "-148000000"}, {"fiscalDateEnding": "2007-12-31", "reportedCurrency": "USD", "grossProfit": "770000000", "totalRevenue": "3937000000", "costOfRevenue": "3167000000", "costofGoodsAndServicesSold": "3167000000", "operatingIncome": "9000000", "sellingGeneralAndAdministrative": "181000000", "researchAndDevelopment": "19000000", "operatingExpenses": "664000000", "investmentIncomeNet": "None", "netInterestIncome": "None", "interestIncome": "None", "interestExpense": "133000000", "nonInterestIncome": "None", "otherNonOperatingIncome": "None", "depreciation": "None", "depreciationAndAmortization": "221000000", "incomeBeforeTax": "-98000000", "incomeTaxExpense": "-54000000", "interestAndDebtExpense": "None", "netIncomeFromContinuingOperations": "0", "comprehensiveIncomeNetOfTax": "None", "ebit": "106000000", "ebitda": "327000000", "netIncome": "-98000000"}, {"fiscalDateEnding": "2007-09-30", "reportedCurrency": "USD", "grossProfit": "850000000", "totalRevenue": "4146000000", "costOfRevenue": "3296000000", "costofGoodsAndServicesSold": "3296000000", "operatingIncome": "183000000", "sellingGeneralAndAdministrative": "357000000", "researchAndDevelopment": "18000000", "operatingExpenses": "632000000", "investmentIncomeNet": "None", "netInterestIncome": "None", "interestIncome": "None", "interestExpense": "143000000", "nonInterestIncome": "None", "otherNonOperatingIncome": "None", "depreciation": "None", "depreciationAndAmortization": "236000000", "incomeBeforeTax": "115000000", "incomeTaxExpense": "41000000", "interestAndDebtExpense": "None", "netIncomeFromContinuingOperations": "0", "comprehensiveIncomeNetOfTax": "None", "ebit": "69000000", "ebitda": "305000000", "netIncome": "101000000"}, {"fiscalDateEnding": "2007-06-30", "reportedCurrency": "USD", "grossProfit": "834000000", "totalRevenue": "4334000000", "costOfRevenue": "3500000000", "costofGoodsAndServicesSold": "3500000000", "operatingIncome": "166000000", "sellingGeneralAndAdministrative": "199000000", "researchAndDevelopment": "18000000", "operatingExpenses": "666000000", "investmentIncomeNet": "None", "netInterestIncome": "None", "interestIncome": "None", "interestExpense": "179000000", "nonInterestIncome": "None", "otherNonOperatingIncome": "None", "depreciation": "None", "depreciationAndAmortization": "228000000", "incomeBeforeTax": "55000000", "incomeTaxExpense": "18000000", "interestAndDebtExpense": "None", "netIncomeFromContinuingOperations": "0", "comprehensiveIncomeNetOfTax": "None", "ebit": "168000000", "ebitda": "396000000", "netIncome": "32000000"}, {"fiscalDateEnding": "2007-03-31", "reportedCurrency": "USD", "grossProfit": "727000000", "totalRevenue": "3891000000", "costOfRevenue": "3164000000", "costofGoodsAndServicesSold": "3164000000", "operatingIncome": "48000000", "sellingGeneralAndAdministrative": "189000000", "researchAndDevelopment": "16000000", "operatingExpenses": "671000000", "investmentIncomeNet": "None", "netInterestIncome": "None", "interestIncome": "None", "interestExpense": "131000000", "nonInterestIncome": "None", "otherNonOperatingIncome": "None", "depreciation": "None", "depreciationAndAmortization": "289000000", "incomeBeforeTax": "-13000000", "incomeTaxExpense": "3000000", "interestAndDebtExpense": "None", "netIncomeFromContinuingOperations": "0", "comprehensiveIncomeNetOfTax": "None", "ebit": "-36000000", "ebitda": "253000000", "netIncome": "755000000"}, {"fiscalDateEnding": "2006-12-31", "reportedCurrency": "USD", "grossProfit": "1104000000", "totalRevenue": "5655000000", "costOfRevenue": "4551000000", "costofGoodsAndServicesSold": "4551000000", "operatingIncome": "769000000", "sellingGeneralAndAdministrative": "501000000", "researchAndDevelopment": "15000000", "operatingExpenses": "396000000", "investmentIncomeNet": "None", "netInterestIncome": "None", "interestIncome": "None", "interestExpense": "151000000", "nonInterestIncome": "None", "otherNonOperatingIncome": "None", "depreciation": "None", "depreciationAndAmortization": "341000000", "incomeBeforeTax": "669000000", "incomeTaxExpense": "213000000", "interestAndDebtExpense": "None", "netIncomeFromContinuingOperations": "0", "comprehensiveIncomeNetOfTax": "None", "ebit": "708000000", "ebitda": "1049000000", "netIncome": "508000000"}, {"fiscalDateEnding": "2006-09-30", "reportedCurrency": "USD", "grossProfit": "1201000000", "totalRevenue": "5328000000", "costOfRevenue": "4127000000", "costofGoodsAndServicesSold": "4127000000", "operatingIncome": "364000000", "sellingGeneralAndAdministrative": "232000000", "researchAndDevelopment": "23000000", "operatingExpenses": "833000000", "investmentIncomeNet": "None", "netInterestIncome": "None", "interestIncome": "None", "interestExpense": "149000000", "nonInterestIncome": "None", "otherNonOperatingIncome": "None", "depreciation": "None", "depreciationAndAmortization": "314000000", "incomeBeforeTax": "274000000", "incomeTaxExpense": "89000000", "interestAndDebtExpense": "None", "netIncomeFromContinuingOperations": "0", "comprehensiveIncomeNetOfTax": "None", "ebit": "338000000", "ebitda": "652000000", "netIncome": "211000000"}, {"fiscalDateEnding": "2006-06-30", "reportedCurrency": "USD", "grossProfit": "1294000000", "totalRevenue": "5687000000", "costOfRevenue": "4393000000", "costofGoodsAndServicesSold": "4393000000", "operatingIncome": "475000000", "sellingGeneralAndAdministrative": "224000000", "researchAndDevelopment": "15000000", "operatingExpenses": "798000000", "investmentIncomeNet": "None", "netInterestIncome": "None", "interestIncome": "None", "interestExpense": "152000000", "nonInterestIncome": "None", "otherNonOperatingIncome": "None", "depreciation": "None", "depreciationAndAmortization": "313000000", "incomeBeforeTax": "382000000", "incomeTaxExpense": "82000000", "interestAndDebtExpense": "None", "netIncomeFromContinuingOperations": "0", "comprehensiveIncomeNetOfTax": "None", "ebit": "489000000", "ebitda": "802000000", "netIncome": "314000000"}, {"fiscalDateEnding": "2006-03-31", "reportedCurrency": "USD", "grossProfit": "1176000000", "totalRevenue": "5376000000", "costOfRevenue": "4200000000", "costofGoodsAndServicesSold": "4200000000", "operatingIncome": "-409000000", "sellingGeneralAndAdministrative": "291000000", "researchAndDevelopment": "16000000", "operatingExpenses": "1584000000", "investmentIncomeNet": "None", "netInterestIncome": "None", "interestIncome": "None", "interestExpense": "152000000", "nonInterestIncome": "None", "otherNonOperatingIncome": "None", "depreciation": "None", "depreciationAndAmortization": "315000000", "incomeBeforeTax": "-492000000", "incomeTaxExpense": "88000000", "interestAndDebtExpense": "None", "netIncomeFromContinuingOperations": "0", "comprehensiveIncomeNetOfTax": "None", "ebit": "340000000", "ebitda": "655000000", "netIncome": "-580000000"}, {"fiscalDateEnding": "2005-12-31", "reportedCurrency": "USD", "grossProfit": "1206000000", "totalRevenue": "5783000000", "costOfRevenue": "4577000000", "costofGoodsAndServicesSold": "4577000000", "operatingIncome": "-379000000", "sellingGeneralAndAdministrative": "300000000", "researchAndDevelopment": "17000000", "operatingExpenses": "1575000000", "investmentIncomeNet": "None", "netInterestIncome": "None", "interestIncome": "None", "interestExpense": "171000000", "nonInterestIncome": "None", "otherNonOperatingIncome": "None", "depreciation": "None", "depreciationAndAmortization": "338000000", "incomeBeforeTax": "-394000000", "incomeTaxExpense": "-153000000", "interestAndDebtExpense": "None", "netIncomeFromContinuingOperations": "0", "comprehensiveIncomeNetOfTax": "None", "ebit": "-369000000", "ebitda": "-31000000", "netIncome": "-211000000"}, {"fiscalDateEnding": "2005-09-30", "reportedCurrency": "USD", "grossProfit": "1269000000", "totalRevenue": "5604000000", "costOfRevenue": "4335000000", "costofGoodsAndServicesSold": "4335000000", "operatingIncome": "433000000", "sellingGeneralAndAdministrative": "236000000", "researchAndDevelopment": "18000000", "operatingExpenses": "834000000", "investmentIncomeNet": "None", "netInterestIncome": "None", "interestIncome": "None", "interestExpense": "193000000", "nonInterestIncome": "None", "otherNonOperatingIncome": "None", "depreciation": "None", "depreciationAndAmortization": "333000000", "incomeBeforeTax": "406000000", "incomeTaxExpense": "120000000", "interestAndDebtExpense": "None", "netIncomeFromContinuingOperations": "0", "comprehensiveIncomeNetOfTax": "None", "ebit": "435000000", "ebitda": "768000000", "netIncome": "285000000"}, {"fiscalDateEnding": "2005-06-30", "reportedCurrency": "USD", "grossProfit": "1465000000", "totalRevenue": "5838000000", "costOfRevenue": "4373000000", "costofGoodsAndServicesSold": "4373000000", "operatingIncome": "670000000", "sellingGeneralAndAdministrative": "218000000", "researchAndDevelopment": "12000000", "operatingExpenses": "791000000", "investmentIncomeNet": "None", "netInterestIncome": "None", "interestIncome": "None", "interestExpense": "179000000", "nonInterestIncome": "None", "otherNonOperatingIncome": "None", "depreciation": "None", "depreciationAndAmortization": "332000000", "incomeBeforeTax": "528000000", "incomeTaxExpense": "229000000", "interestAndDebtExpense": "None", "netIncomeFromContinuingOperations": "0", "comprehensiveIncomeNetOfTax": "None", "ebit": "665000000", "ebitda": "997000000", "netIncome": "420000000"}, {"fiscalDateEnding": "2005-03-31", "reportedCurrency": "USD", "grossProfit": "1326000000", "totalRevenue": "5404000000", "costOfRevenue": "4078000000", "costofGoodsAndServicesSold": "4078000000", "operatingIncome": "520000000", "sellingGeneralAndAdministrative": "280000000", "researchAndDevelopment": "14000000", "operatingExpenses": "796000000", "investmentIncomeNet": "None", "netInterestIncome": "None", "interestIncome": "None", "interestExpense": "241000000", "nonInterestIncome": "None", "otherNonOperatingIncome": "None", "depreciation": "None", "depreciationAndAmortization": "334000000", "incomeBeforeTax": "366000000", "incomeTaxExpense": "128000000", "interestAndDebtExpense": "None", "netIncomeFromContinuingOperations": "0", "comprehensiveIncomeNetOfTax": "None", "ebit": "522000000", "ebitda": "856000000", "netIncome": "239000000"}, {"fiscalDateEnding": "2004-12-31", "reportedCurrency": "USD", "grossProfit": "1066000000", "totalRevenue": "5886000000", "costOfRevenue": "4820000000", "costofGoodsAndServicesSold": "4820000000", "operatingIncome": "506000000", "sellingGeneralAndAdministrative": "356000000", "researchAndDevelopment": "17000000", "operatingExpenses": "543000000", "investmentIncomeNet": "None", "netInterestIncome": "None", "interestIncome": "None", "interestExpense": "241000000", "nonInterestIncome": "None", "otherNonOperatingIncome": "None", "depreciation": "None", "depreciationAndAmortization": "334000000", "incomeBeforeTax": "303000000", "incomeTaxExpense": "104000000", "interestAndDebtExpense": "None", "netIncomeFromContinuingOperations": "0", "comprehensiveIncomeNetOfTax": "None", "ebit": "523000000", "ebitda": "857000000", "netIncome": "199000000"}]}