{"symbol": "PLD", "annualReports": [{"fiscalDateEnding": "2024-12-31", "reportedCurrency": "USD", "grossProfit": "6144369000", "totalRevenue": "8201610000", "costOfRevenue": "2057241000", "costofGoodsAndServicesSold": "2057241000", "operatingIncome": "4415920000", "sellingGeneralAndAdministrative": "418765000", "researchAndDevelopment": "None", "operatingExpenses": "1728449000", "investmentIncomeNet": "None", "netInterestIncome": "-863932000", "interestIncome": "None", "interestExpense": "837296000", "nonInterestIncome": "None", "otherNonOperatingIncome": "None", "depreciation": "None", "depreciationAndAmortization": "2580519000", "incomeBeforeTax": "4114878000", "incomeTaxExpense": "166943000", "interestAndDebtExpense": "None", "netIncomeFromContinuingOperations": "3947935000", "comprehensiveIncomeNetOfTax": "None", "ebit": "4952174000", "ebitda": "7532693000", "netIncome": "3731635000"}, {"fiscalDateEnding": "2023-12-31", "reportedCurrency": "USD", "grossProfit": "6013134000", "totalRevenue": "8023469000", "costOfRevenue": "2010335000", "costofGoodsAndServicesSold": "2010335000", "operatingIncome": "3707792000", "sellingGeneralAndAdministrative": "390406000", "researchAndDevelopment": "0.43", "operatingExpenses": "2305342000", "investmentIncomeNet": "None", "netInterestIncome": "-641332000", "interestIncome": "None", "interestExpense": "618723000", "nonInterestIncome": "None", "otherNonOperatingIncome": "None", "depreciation": "None", "depreciationAndAmortization": "2484891000", "incomeBeforeTax": "3464183000", "incomeTaxExpense": "211038000", "interestAndDebtExpense": "None", "netIncomeFromContinuingOperations": "3253145000", "comprehensiveIncomeNetOfTax": "None", "ebit": "4082906000", "ebitda": "6567797000", "netIncome": "3059214000"}, {"fiscalDateEnding": "2022-12-31", "reportedCurrency": "USD", "grossProfit": "4464598000", "totalRevenue": "5973692000", "costOfRevenue": "1509094000", "costofGoodsAndServicesSold": "1509094000", "operatingIncome": "2574140000", "sellingGeneralAndAdministrative": "331083000", "researchAndDevelopment": "0.62", "operatingExpenses": "2184196000", "investmentIncomeNet": "None", "netInterestIncome": "-309037000", "interestIncome": "243456000", "interestExpense": "291903000", "nonInterestIncome": "None", "otherNonOperatingIncome": "532309000", "depreciation": "None", "depreciationAndAmortization": "3606669000", "incomeBeforeTax": "3690810000", "incomeTaxExpense": "-135402000", "interestAndDebtExpense": "None", "netIncomeFromContinuingOperations": "3555398000", "comprehensiveIncomeNetOfTax": "None", "ebit": "797382000", "ebitda": "4404051000", "netIncome": "3364856000"}, {"fiscalDateEnding": "2021-12-31", "reportedCurrency": "USD", "grossProfit": "3510953000", "totalRevenue": "4759440000", "costOfRevenue": "1248487000", "costofGoodsAndServicesSold": "1248487000", "operatingIncome": "2006401000", "sellingGeneralAndAdministrative": "293167000", "researchAndDevelopment": "0.70", "operatingExpenses": "1893544000", "investmentIncomeNet": "None", "netInterestIncome": "-265357000", "interestIncome": "303305000", "interestExpense": "250094000", "nonInterestIncome": "None", "otherNonOperatingIncome": "382080000", "depreciation": "None", "depreciationAndAmortization": "2972624000", "incomeBeforeTax": "3322848000", "incomeTaxExpense": "174258000", "interestAndDebtExpense": "None", "netIncomeFromContinuingOperations": "3148590000", "comprehensiveIncomeNetOfTax": "None", "ebit": "626982000", "ebitda": "3599606000", "netIncome": "2939723000"}, {"fiscalDateEnding": "2020-12-31", "reportedCurrency": "USD", "grossProfit": "3268631000", "totalRevenue": "4438735000", "costOfRevenue": "1170104000", "costofGoodsAndServicesSold": "1170104000", "operatingIncome": "1685621000", "sellingGeneralAndAdministrative": "274845000", "researchAndDevelopment": "0.39", "operatingExpenses": "1866824000", "investmentIncomeNet": "None", "netInterestIncome": "-313463000", "interestIncome": "183566000", "interestExpense": "299907000", "nonInterestIncome": "None", "otherNonOperatingIncome": "-57349000", "depreciation": "None", "depreciationAndAmortization": "3189401000", "incomeBeforeTax": "1747088000", "incomeTaxExpense": "130458000", "interestAndDebtExpense": "None", "netIncomeFromContinuingOperations": "1616630000", "comprehensiveIncomeNetOfTax": "None", "ebit": "71745000", "ebitda": "3261146000", "netIncome": "1481814000"}, {"fiscalDateEnding": "2019-12-31", "reportedCurrency": "USD", "grossProfit": "2411694000", "totalRevenue": "3330621000", "costOfRevenue": "918927000", "costofGoodsAndServicesSold": "918927000", "operatingIncome": "1203046000", "sellingGeneralAndAdministrative": "266718000", "researchAndDevelopment": "0.53", "operatingExpenses": "1419746000", "investmentIncomeNet": "None", "netInterestIncome": "-215740000", "interestIncome": "24213000", "interestExpense": "226660000", "nonInterestIncome": "None", "otherNonOperatingIncome": "166550000", "depreciation": "None", "depreciationAndAmortization": "2412388000", "incomeBeforeTax": "1776363000", "incomeTaxExpense": "74517000", "interestAndDebtExpense": "None", "netIncomeFromContinuingOperations": "1701846000", "comprehensiveIncomeNetOfTax": "None", "ebit": "-80383000", "ebitda": "2332005000", "netIncome": "1572959000"}, {"fiscalDateEnding": "2018-12-31", "reportedCurrency": "USD", "grossProfit": "2046761000", "totalRevenue": "2804449000", "costOfRevenue": "757688000", "costofGoodsAndServicesSold": "757688000", "operatingIncome": "847002000", "sellingGeneralAndAdministrative": "238985000", "researchAndDevelopment": "0.67", "operatingExpenses": "1199759000", "investmentIncomeNet": "None", "netInterestIncome": "-214478000", "interestIncome": "14663000", "interestExpense": "215898000", "nonInterestIncome": "None", "otherNonOperatingIncome": "1268429000", "depreciation": "None", "depreciationAndAmortization": "1832351000", "incomeBeforeTax": "1886290000", "incomeTaxExpense": "63330000", "interestAndDebtExpense": "None", "netIncomeFromContinuingOperations": "1822960000", "comprehensiveIncomeNetOfTax": "None", "ebit": "260125000", "ebitda": "2092476000", "netIncome": "1649361000"}, {"fiscalDateEnding": "2017-12-31", "reportedCurrency": "USD", "grossProfit": "1893470000", "totalRevenue": "2618134000", "costOfRevenue": "724664000", "costofGoodsAndServicesSold": "724664000", "operatingIncome": "771066000", "sellingGeneralAndAdministrative": "231059000", "researchAndDevelopment": "0.69", "operatingExpenses": "1122404000", "investmentIncomeNet": "None", "netInterestIncome": "-260755000", "interestIncome": "13731000", "interestExpense": "260007000", "nonInterestIncome": "None", "otherNonOperatingIncome": "1318988000", "depreciation": "None", "depreciationAndAmortization": "1920964000", "incomeBeforeTax": "1815568000", "incomeTaxExpense": "54609000", "interestAndDebtExpense": "None", "netIncomeFromContinuingOperations": "1760959000", "comprehensiveIncomeNetOfTax": "None", "ebit": "-22191000", "ebitda": "1898773000", "netIncome": "1652325000"}, {"fiscalDateEnding": "2016-12-31", "reportedCurrency": "USD", "grossProfit": "1835759000", "totalRevenue": "2533135000", "costOfRevenue": "697376000", "costofGoodsAndServicesSold": "697376000", "operatingIncome": "668378000", "sellingGeneralAndAdministrative": "222067000", "researchAndDevelopment": "0.53", "operatingExpenses": "1167381000", "investmentIncomeNet": "None", "netInterestIncome": "-295045000", "interestIncome": "8101000", "interestExpense": "287687000", "nonInterestIncome": "None", "otherNonOperatingIncome": "981872000", "depreciation": "None", "depreciationAndAmortization": "1855175000", "incomeBeforeTax": "1347104000", "incomeTaxExpense": "54564000", "interestAndDebtExpense": "None", "netIncomeFromContinuingOperations": "1292540000", "comprehensiveIncomeNetOfTax": "None", "ebit": "-49505000", "ebitda": "1805670000", "netIncome": "1209932000"}, {"fiscalDateEnding": "2015-12-31", "reportedCurrency": "USD", "grossProfit": "1565442000", "totalRevenue": "2197074000", "costOfRevenue": "631632000", "costofGoodsAndServicesSold": "631632000", "operatingIncome": "380172000", "sellingGeneralAndAdministrative": "238199000", "researchAndDevelopment": "0", "operatingExpenses": "1185270000", "investmentIncomeNet": "None", "netInterestIncome": "None", "interestIncome": "104151000", "interestExpense": "287951000", "nonInterestIncome": "None", "otherNonOperatingIncome": "869796000", "depreciation": "None", "depreciationAndAmortization": "880373000", "incomeBeforeTax": "948605000", "incomeTaxExpense": "23090000", "interestAndDebtExpense": "None", "netIncomeFromContinuingOperations": "925515000", "comprehensiveIncomeNetOfTax": "None", "ebit": "564134000", "ebitda": "1444507000", "netIncome": "869439000"}, {"fiscalDateEnding": "2014-12-31", "reportedCurrency": "USD", "grossProfit": "1233504000", "totalRevenue": "1760787000", "costOfRevenue": "527283000", "costofGoodsAndServicesSold": "527283000", "operatingIncome": "319808000", "sellingGeneralAndAdministrative": "247768000", "researchAndDevelopment": "0", "operatingExpenses": "913696000", "investmentIncomeNet": "None", "netInterestIncome": "None", "interestIncome": "None", "interestExpense": "294769000", "nonInterestIncome": "None", "otherNonOperatingIncome": "702705000", "depreciation": "None", "depreciationAndAmortization": "642461000", "incomeBeforeTax": "713628000", "incomeTaxExpense": "-25656000", "interestAndDebtExpense": "None", "netIncomeFromContinuingOperations": "739284000", "comprehensiveIncomeNetOfTax": "None", "ebit": "454096000", "ebitda": "1096557000", "netIncome": "636183000"}, {"fiscalDateEnding": "2013-12-31", "reportedCurrency": "USD", "grossProfit": "1209269000", "totalRevenue": "1750486000", "costOfRevenue": "541217000", "costofGoodsAndServicesSold": "541217000", "operatingIncome": "304412000", "sellingGeneralAndAdministrative": "229207000", "researchAndDevelopment": "0", "operatingExpenses": "904857000", "investmentIncomeNet": "None", "netInterestIncome": "None", "interestIncome": "None", "interestExpense": "364953000", "nonInterestIncome": "None", "otherNonOperatingIncome": "411177000", "depreciation": "None", "depreciationAndAmortization": "664007000", "incomeBeforeTax": "336262000", "incomeTaxExpense": "106733000", "interestAndDebtExpense": "None", "netIncomeFromContinuingOperations": "229529000", "comprehensiveIncomeNetOfTax": "None", "ebit": "386293000", "ebitda": "1050300000", "netIncome": "342921000"}, {"fiscalDateEnding": "2012-12-31", "reportedCurrency": "USD", "grossProfit": "1436642000", "totalRevenue": "2005961000", "costOfRevenue": "569319000", "costofGoodsAndServicesSold": "569319000", "operatingIncome": "108447000", "sellingGeneralAndAdministrative": "245667000", "researchAndDevelopment": "0", "operatingExpenses": "1012204000", "investmentIncomeNet": "None", "netInterestIncome": "None", "interestIncome": "None", "interestExpense": "490703000", "nonInterestIncome": "None", "otherNonOperatingIncome": "309415000", "depreciation": "None", "depreciationAndAmortization": "767459000", "incomeBeforeTax": "-89622000", "incomeTaxExpense": "3580000", "interestAndDebtExpense": "None", "netIncomeFromContinuingOperations": "-93202000", "comprehensiveIncomeNetOfTax": "None", "ebit": "385617000", "ebitda": "1153076000", "netIncome": "-39720000"}, {"fiscalDateEnding": "2011-12-31", "reportedCurrency": "USD", "grossProfit": "1093677000", "totalRevenue": "1533291000", "costOfRevenue": "439614000", "costofGoodsAndServicesSold": "439614000", "operatingIncome": "127430000", "sellingGeneralAndAdministrative": "195161000", "researchAndDevelopment": "0", "operatingExpenses": "804515000", "investmentIncomeNet": "None", "netInterestIncome": "None", "interestIncome": "None", "interestExpense": "468738000", "nonInterestIncome": "None", "otherNonOperatingIncome": "98625000", "depreciation": "None", "depreciationAndAmortization": "603884000", "incomeBeforeTax": "-242683000", "incomeTaxExpense": "1776000", "interestAndDebtExpense": "None", "netIncomeFromContinuingOperations": "-244459000", "comprehensiveIncomeNetOfTax": "None", "ebit": "172927000", "ebitda": "776811000", "netIncome": "-153414000"}, {"fiscalDateEnding": "2010-12-31", "reportedCurrency": "USD", "grossProfit": "444790000", "totalRevenue": "633500000", "costOfRevenue": "188710000", "costofGoodsAndServicesSold": "188710000", "operatingIncome": "119802000", "sellingGeneralAndAdministrative": "125155000", "researchAndDevelopment": "0", "operatingExpenses": "324988000", "investmentIncomeNet": "None", "netInterestIncome": "None", "interestIncome": "None", "interestExpense": "130338000", "nonInterestIncome": "None", "otherNonOperatingIncome": "None", "depreciation": "None", "depreciationAndAmortization": "196636000", "incomeBeforeTax": "27119000", "incomeTaxExpense": "-27119000", "interestAndDebtExpense": "None", "netIncomeFromContinuingOperations": "None", "comprehensiveIncomeNetOfTax": "None", "ebit": "249748000", "ebitda": "446384000", "netIncome": "27119000"}, {"fiscalDateEnding": "2009-12-31", "reportedCurrency": "USD", "grossProfit": "444786000", "totalRevenue": "633842000", "costOfRevenue": "189056000", "costofGoodsAndServicesSold": "189056000", "operatingIncome": "138330000", "sellingGeneralAndAdministrative": "116315000", "researchAndDevelopment": "None", "operatingExpenses": "306456000", "investmentIncomeNet": "None", "netInterestIncome": "None", "interestIncome": "None", "interestExpense": "121459000", "nonInterestIncome": "None", "otherNonOperatingIncome": "None", "depreciation": "None", "depreciationAndAmortization": "179894000", "incomeBeforeTax": "-43001000", "incomeTaxExpense": "43001000", "interestAndDebtExpense": "None", "netIncomeFromContinuingOperations": "None", "comprehensiveIncomeNetOfTax": "None", "ebit": "130174000", "ebitda": "310068000", "netIncome": "-34271000"}, {"fiscalDateEnding": "2008-12-31", "reportedCurrency": "USD", "grossProfit": "530345000", "totalRevenue": "715045000", "costOfRevenue": "184700000", "costofGoodsAndServicesSold": "184700000", "operatingIncome": "11462000", "sellingGeneralAndAdministrative": "145060000", "researchAndDevelopment": "None", "operatingExpenses": "689825000", "investmentIncomeNet": "None", "netInterestIncome": "None", "interestIncome": "None", "interestExpense": "133533000", "nonInterestIncome": "None", "otherNonOperatingIncome": "None", "depreciation": "None", "depreciationAndAmortization": "169145000", "incomeBeforeTax": "-49310000", "incomeTaxExpense": "49310000", "interestAndDebtExpense": "None", "netIncomeFromContinuingOperations": "None", "comprehensiveIncomeNetOfTax": "None", "ebit": "189097000", "ebitda": "358242000", "netIncome": "-49862000"}, {"fiscalDateEnding": "2007-12-31", "reportedCurrency": "USD", "grossProfit": "570823000", "totalRevenue": "669671000", "costOfRevenue": "98848000", "costofGoodsAndServicesSold": "98848000", "operatingIncome": "196826000", "sellingGeneralAndAdministrative": "129510000", "researchAndDevelopment": "None", "operatingExpenses": "373997000", "investmentIncomeNet": "None", "netInterestIncome": "None", "interestIncome": "None", "interestExpense": "126968000", "nonInterestIncome": "None", "otherNonOperatingIncome": "None", "depreciation": "None", "depreciationAndAmortization": "164883000", "incomeBeforeTax": "314260000", "incomeTaxExpense": "-314260000", "interestAndDebtExpense": "None", "netIncomeFromContinuingOperations": "None", "comprehensiveIncomeNetOfTax": "None", "ebit": "196303000", "ebitda": "361186000", "netIncome": "314260000"}, {"fiscalDateEnding": "2006-12-31", "reportedCurrency": "USD", "grossProfit": "629111000", "totalRevenue": "729896000", "costOfRevenue": "100785000", "costofGoodsAndServicesSold": "100785000", "operatingIncome": "260963000", "sellingGeneralAndAdministrative": "104262000", "researchAndDevelopment": "106389000", "operatingExpenses": "368148000", "investmentIncomeNet": "None", "netInterestIncome": "None", "interestIncome": "None", "interestExpense": "0", "nonInterestIncome": "None", "otherNonOperatingIncome": "None", "depreciation": "None", "depreciationAndAmortization": "186289000", "incomeBeforeTax": "224072000", "incomeTaxExpense": "-224072000", "interestAndDebtExpense": "None", "netIncomeFromContinuingOperations": "None", "comprehensiveIncomeNetOfTax": "None", "ebit": "248268000", "ebitda": "434557000", "netIncome": "224072000"}, {"fiscalDateEnding": "2005-12-31", "reportedCurrency": "USD", "grossProfit": "676149000", "totalRevenue": "676149000", "costOfRevenue": "1409075000", "costofGoodsAndServicesSold": "1409075000", "operatingIncome": "268612000", "sellingGeneralAndAdministrative": "77409000", "researchAndDevelopment": "None", "operatingExpenses": "407537000", "investmentIncomeNet": "None", "netInterestIncome": "None", "interestIncome": "None", "interestExpense": "0", "nonInterestIncome": "None", "otherNonOperatingIncome": "None", "depreciation": "None", "depreciationAndAmortization": "180304000", "incomeBeforeTax": "257807000", "incomeTaxExpense": "-257807000", "interestAndDebtExpense": "None", "netIncomeFromContinuingOperations": "None", "comprehensiveIncomeNetOfTax": "None", "ebit": "252314000", "ebitda": "432618000", "netIncome": "257807000"}], "quarterlyReports": [{"fiscalDateEnding": "2024-12-31", "reportedCurrency": "USD", "grossProfit": "1681011000", "totalRevenue": "2200646000", "costOfRevenue": "519635000", "costofGoodsAndServicesSold": "519635000", "operatingIncome": "1421256000", "sellingGeneralAndAdministrative": "102724000", "researchAndDevelopment": "None", "operatingExpenses": "259755000", "investmentIncomeNet": "None", "netInterestIncome": "-231932000", "interestIncome": "None", "interestExpense": "205296000", "nonInterestIncome": "None", "otherNonOperatingIncome": "None", "depreciation": "None", "depreciationAndAmortization": "656444000", "incomeBeforeTax": "1429046000", "incomeTaxExpense": "86870000", "interestAndDebtExpense": "None", "netIncomeFromContinuingOperations": "1342176000", "comprehensiveIncomeNetOfTax": "None", "ebit": "1088901000", "ebitda": "1745345000", "netIncome": "1278853000"}, {"fiscalDateEnding": "2024-09-30", "reportedCurrency": "USD", "grossProfit": "1547622000", "totalRevenue": "2036389000", "costOfRevenue": "488767000", "costofGoodsAndServicesSold": "488767000", "operatingIncome": "1250971000", "sellingGeneralAndAdministrative": "98154000", "researchAndDevelopment": "None", "operatingExpenses": "296651000", "investmentIncomeNet": "None", "netInterestIncome": "-230113000", "interestIncome": "None", "interestExpense": "230113000", "nonInterestIncome": "None", "otherNonOperatingIncome": "None", "depreciation": "None", "depreciationAndAmortization": "649265000", "incomeBeforeTax": "1067665000", "incomeTaxExpense": "4214000", "interestAndDebtExpense": "None", "netIncomeFromContinuingOperations": "1063451000", "comprehensiveIncomeNetOfTax": "None", "ebit": "1297778000", "ebitda": "1947043000", "netIncome": "1005719000"}, {"fiscalDateEnding": "2024-06-30", "reportedCurrency": "USD", "grossProfit": "854878000", "totalRevenue": "2007954000", "costOfRevenue": "1153076000", "costofGoodsAndServicesSold": "1153076000", "operatingIncome": "736838000", "sellingGeneralAndAdministrative": "106596000", "researchAndDevelopment": "None", "operatingExpenses": "755345000", "investmentIncomeNet": "None", "netInterestIncome": "-208267000", "interestIncome": "None", "interestExpense": "208267000", "nonInterestIncome": "None", "otherNonOperatingIncome": "None", "depreciation": "None", "depreciationAndAmortization": "637305000", "incomeBeforeTax": "954560000", "incomeTaxExpense": "43059000", "interestAndDebtExpense": "None", "netIncomeFromContinuingOperations": "911501000", "comprehensiveIncomeNetOfTax": "None", "ebit": "839175000", "ebitda": "1476480000", "netIncome": "861348000"}, {"fiscalDateEnding": "2024-03-31", "reportedCurrency": "USD", "grossProfit": "786048000", "totalRevenue": "1956621000", "costOfRevenue": "1170573000", "costofGoodsAndServicesSold": "1170573000", "operatingIncome": "662513000", "sellingGeneralAndAdministrative": "111291000", "researchAndDevelopment": "None", "operatingExpenses": "123535000", "investmentIncomeNet": "None", "netInterestIncome": "-193000000", "interestIncome": "None", "interestExpense": "193000000", "nonInterestIncome": "None", "otherNonOperatingIncome": "None", "depreciation": "None", "depreciationAndAmortization": "637505000", "incomeBeforeTax": "663607000", "incomeTaxExpense": "32799999", "interestAndDebtExpense": "None", "netIncomeFromContinuingOperations": "630807000", "comprehensiveIncomeNetOfTax": "None", "ebit": "734985000", "ebitda": "1372490000", "netIncome": "585715000"}, {"fiscalDateEnding": "2023-12-31", "reportedCurrency": "USD", "grossProfit": "763818000", "totalRevenue": "1889247000", "costOfRevenue": "1125429000", "costofGoodsAndServicesSold": "1125429000", "operatingIncome": "607380000", "sellingGeneralAndAdministrative": "98309000", "researchAndDevelopment": "None", "operatingExpenses": "156438000", "investmentIncomeNet": "None", "netInterestIncome": "-174332000", "interestIncome": "None", "interestExpense": "212070000", "nonInterestIncome": "None", "otherNonOperatingIncome": "None", "depreciation": "None", "depreciationAndAmortization": "638346000", "incomeBeforeTax": "734381000", "incomeTaxExpense": "58497000", "interestAndDebtExpense": "None", "netIncomeFromContinuingOperations": "675884000", "comprehensiveIncomeNetOfTax": "None", "ebit": "733282000", "ebitda": "1371628000", "netIncome": "630936000"}, {"fiscalDateEnding": "2023-09-30", "reportedCurrency": "USD", "grossProfit": "1414519000", "totalRevenue": "1914664000", "costOfRevenue": "500145000", "costofGoodsAndServicesSold": "500145000", "operatingIncome": "882108000", "sellingGeneralAndAdministrative": "96673000", "researchAndDevelopment": "None", "operatingExpenses": "751025000", "investmentIncomeNet": "None", "netInterestIncome": "-181053000", "interestIncome": "41724000", "interestExpense": "181053000", "nonInterestIncome": "None", "otherNonOperatingIncome": "None", "depreciation": "None", "depreciationAndAmortization": "642010000", "incomeBeforeTax": "840384000", "incomeTaxExpense": "41243000", "interestAndDebtExpense": "None", "netIncomeFromContinuingOperations": "799141000", "comprehensiveIncomeNetOfTax": "None", "ebit": "734859000", "ebitda": "1376869000", "netIncome": "747627000"}, {"fiscalDateEnding": "2023-06-30", "reportedCurrency": "USD", "grossProfit": "1912127000", "totalRevenue": "2450971000", "costOfRevenue": "538844000", "costofGoodsAndServicesSold": "538844000", "operatingIncome": "1411790000", "sellingGeneralAndAdministrative": "95647000", "researchAndDevelopment": "None", "operatingExpenses": "709975000", "investmentIncomeNet": "None", "netInterestIncome": "-149818000", "interestIncome": "53072000", "interestExpense": "149818000", "nonInterestIncome": "None", "otherNonOperatingIncome": "96746000", "depreciation": "None", "depreciationAndAmortization": "602168000", "incomeBeforeTax": "1358718000", "incomeTaxExpense": "79227000", "interestAndDebtExpense": "None", "netIncomeFromContinuingOperations": "1279491000", "comprehensiveIncomeNetOfTax": "None", "ebit": "1272794000", "ebitda": "1874962000", "netIncome": "1216028000"}, {"fiscalDateEnding": "2023-03-31", "reportedCurrency": "USD", "grossProfit": "1284324000", "totalRevenue": "1768587000", "costOfRevenue": "484263000", "costofGoodsAndServicesSold": "484263000", "operatingIncome": "579043000", "sellingGeneralAndAdministrative": "99777000", "researchAndDevelopment": "None", "operatingExpenses": "709328000", "investmentIncomeNet": "None", "netInterestIncome": "-136000000", "interestIncome": "51618000", "interestExpense": "136000000", "nonInterestIncome": "None", "otherNonOperatingIncome": "87668000", "depreciation": "None", "depreciationAndAmortization": "602367000", "incomeBeforeTax": "530700000", "incomeTaxExpense": "32071000", "interestAndDebtExpense": "None", "netIncomeFromContinuingOperations": "498629000", "comprehensiveIncomeNetOfTax": "None", "ebit": "650775000", "ebitda": "1253142000", "netIncome": "464623000"}, {"fiscalDateEnding": "2022-12-31", "reportedCurrency": "USD", "grossProfit": "1312762000", "totalRevenue": "1751592000", "costOfRevenue": "438830000", "costofGoodsAndServicesSold": "438830000", "operatingIncome": "813449000", "sellingGeneralAndAdministrative": "85420000", "researchAndDevelopment": "None", "operatingExpenses": "499313000", "investmentIncomeNet": "None", "netInterestIncome": "-120796000", "interestIncome": "174407000", "interestExpense": "103662000", "nonInterestIncome": "None", "otherNonOperatingIncome": "-54900000", "depreciation": "None", "depreciationAndAmortization": "612367000", "incomeBeforeTax": "637753000", "incomeTaxExpense": "17687000", "interestAndDebtExpense": "None", "netIncomeFromContinuingOperations": "620066000", "comprehensiveIncomeNetOfTax": "None", "ebit": "741415000", "ebitda": "1353782000", "netIncome": "587214000"}, {"fiscalDateEnding": "2022-09-30", "reportedCurrency": "USD", "grossProfit": "1335630000", "totalRevenue": "1750892000", "costOfRevenue": "415262000", "costofGoodsAndServicesSold": "415262000", "operatingIncome": "914970000", "sellingGeneralAndAdministrative": "87903000", "researchAndDevelopment": "None", "operatingExpenses": "496357000", "investmentIncomeNet": "None", "netInterestIncome": "-63884000", "interestIncome": "192873000", "interestExpense": "63884000", "nonInterestIncome": "None", "otherNonOperatingIncome": "256757000", "depreciation": "None", "depreciationAndAmortization": "401450000", "incomeBeforeTax": "1107843000", "incomeTaxExpense": "38669000", "interestAndDebtExpense": "None", "netIncomeFromContinuingOperations": "1069174000", "comprehensiveIncomeNetOfTax": "None", "ebit": "924198000", "ebitda": "1325648000", "netIncome": "1015464000"}, {"fiscalDateEnding": "2022-06-30", "reportedCurrency": "USD", "grossProfit": "924563000", "totalRevenue": "1252080000", "costOfRevenue": "327517000", "costofGoodsAndServicesSold": "327517000", "operatingIncome": "533317000", "sellingGeneralAndAdministrative": "83114000", "researchAndDevelopment": "None", "operatingExpenses": "497048000", "investmentIncomeNet": "None", "netInterestIncome": "-54066000", "interestIncome": "6227000", "interestExpense": "60293000", "nonInterestIncome": "None", "otherNonOperatingIncome": "223246000", "depreciation": "None", "depreciationAndAmortization": "402313000", "incomeBeforeTax": "696270000", "incomeTaxExpense": "49834000", "interestAndDebtExpense": "None", "netIncomeFromContinuingOperations": "646436000", "comprehensiveIncomeNetOfTax": "None", "ebit": "507109000", "ebitda": "909422000", "netIncome": "611393000"}, {"fiscalDateEnding": "2022-03-31", "reportedCurrency": "USD", "grossProfit": "891643000", "totalRevenue": "1219128000", "costOfRevenue": "327485000", "costofGoodsAndServicesSold": "327485000", "operatingIncome": "488712000", "sellingGeneralAndAdministrative": "74646000", "researchAndDevelopment": "None", "operatingExpenses": "480882000", "investmentIncomeNet": "None", "netInterestIncome": "-62947000", "interestIncome": "1053000", "interestExpense": "64000000", "nonInterestIncome": "None", "otherNonOperatingIncome": "107206000", "depreciation": "None", "depreciationAndAmortization": "396647000", "incomeBeforeTax": "1248944000", "incomeTaxExpense": "29222000", "interestAndDebtExpense": "None", "netIncomeFromContinuingOperations": "1219722000", "comprehensiveIncomeNetOfTax": "None", "ebit": "487723000", "ebitda": "884370000", "netIncome": "1150785000"}, {"fiscalDateEnding": "2021-12-31", "reportedCurrency": "USD", "grossProfit": "955308000", "totalRevenue": "1277233000", "costOfRevenue": "321925000", "costofGoodsAndServicesSold": "321925000", "operatingIncome": "1335336000", "sellingGeneralAndAdministrative": "73823000", "researchAndDevelopment": "None", "operatingExpenses": "478032000", "investmentIncomeNet": "None", "netInterestIncome": "-66641000", "interestIncome": "132491000", "interestExpense": "46763000", "nonInterestIncome": "None", "otherNonOperatingIncome": "195388000", "depreciation": "None", "depreciationAndAmortization": "396825000", "incomeBeforeTax": "1340764000", "incomeTaxExpense": "39911000", "interestAndDebtExpense": "None", "netIncomeFromContinuingOperations": "1300853000", "comprehensiveIncomeNetOfTax": "None", "ebit": "498439000", "ebitda": "895264000", "netIncome": "1248662000"}, {"fiscalDateEnding": "2021-09-30", "reportedCurrency": "USD", "grossProfit": "874053000", "totalRevenue": "1183049000", "costOfRevenue": "308996000", "costofGoodsAndServicesSold": "308996000", "operatingIncome": "765660000", "sellingGeneralAndAdministrative": "66970000", "researchAndDevelopment": "None", "operatingExpenses": "462189000", "investmentIncomeNet": "None", "netInterestIncome": "-64484000", "interestIncome": "91506000", "interestExpense": "64484000", "nonInterestIncome": "None", "otherNonOperatingIncome": "155144000", "depreciation": "None", "depreciationAndAmortization": "390806000", "incomeBeforeTax": "857166000", "incomeTaxExpense": "59435000", "interestAndDebtExpense": "None", "netIncomeFromContinuingOperations": "797731000", "comprehensiveIncomeNetOfTax": "None", "ebit": "503682000", "ebitda": "894488000", "netIncome": "723538000"}, {"fiscalDateEnding": "2021-06-30", "reportedCurrency": "USD", "grossProfit": "860610000", "totalRevenue": "1150842000", "costOfRevenue": "290232000", "costofGoodsAndServicesSold": "290232000", "operatingIncome": "700866000", "sellingGeneralAndAdministrative": "74342000", "researchAndDevelopment": "None", "operatingExpenses": "474272000", "investmentIncomeNet": "None", "netInterestIncome": "-67697000", "interestIncome": "1358000", "interestExpense": "68412000", "nonInterestIncome": "None", "otherNonOperatingIncome": "67054000", "depreciation": "None", "depreciationAndAmortization": "392736000", "incomeBeforeTax": "699508000", "incomeTaxExpense": "49195000", "interestAndDebtExpense": "None", "netIncomeFromContinuingOperations": "650313000", "comprehensiveIncomeNetOfTax": "None", "ebit": "458757000", "ebitda": "851493000", "netIncome": "600176000"}, {"fiscalDateEnding": "2021-03-31", "reportedCurrency": "USD", "grossProfit": "820982000", "totalRevenue": "1148316000", "costOfRevenue": "327334000", "costofGoodsAndServicesSold": "327334000", "operatingIncome": "532197000", "sellingGeneralAndAdministrative": "78032000", "researchAndDevelopment": "None", "operatingExpenses": "479051000", "investmentIncomeNet": "None", "netInterestIncome": "-66254000", "interestIncome": "80666000", "interestExpense": "71000000", "nonInterestIncome": "None", "otherNonOperatingIncome": "-35506000", "depreciation": "None", "depreciationAndAmortization": "397575000", "incomeBeforeTax": "425410000", "incomeTaxExpense": "25717000", "interestAndDebtExpense": "None", "netIncomeFromContinuingOperations": "399693000", "comprehensiveIncomeNetOfTax": "None", "ebit": "408980000", "ebitda": "806555000", "netIncome": "367347000"}, {"fiscalDateEnding": "2020-12-31", "reportedCurrency": "USD", "grossProfit": "820620000", "totalRevenue": "1111597000", "costOfRevenue": "290977000", "costofGoodsAndServicesSold": "290977000", "operatingIncome": "482380000", "sellingGeneralAndAdministrative": "66144000", "researchAndDevelopment": "None", "operatingExpenses": "487647000", "investmentIncomeNet": "None", "netInterestIncome": "-70994000", "interestIncome": "109809000", "interestExpense": "57438000", "nonInterestIncome": "None", "otherNonOperatingIncome": "-56637000", "depreciation": "None", "depreciationAndAmortization": "417066000", "incomeBeforeTax": "348887000", "incomeTaxExpense": "40880000", "interestAndDebtExpense": "None", "netIncomeFromContinuingOperations": "308007000", "comprehensiveIncomeNetOfTax": "None", "ebit": "413499000", "ebitda": "830565000", "netIncome": "281894000"}, {"fiscalDateEnding": "2020-09-30", "reportedCurrency": "USD", "grossProfit": "791492000", "totalRevenue": "1082773000", "costOfRevenue": "291281000", "costofGoodsAndServicesSold": "291281000", "operatingIncome": "556520000", "sellingGeneralAndAdministrative": "74348000", "researchAndDevelopment": "None", "operatingExpenses": "478106000", "investmentIncomeNet": "None", "netInterestIncome": "-86577000", "interestIncome": "113579000", "interestExpense": "86577000", "nonInterestIncome": "None", "otherNonOperatingIncome": "-131134000", "depreciation": "None", "depreciationAndAmortization": "400738000", "incomeBeforeTax": "344675000", "incomeTaxExpense": "12154000", "interestAndDebtExpense": "None", "netIncomeFromContinuingOperations": "332521000", "comprehensiveIncomeNetOfTax": "None", "ebit": "387358000", "ebitda": "788096000", "netIncome": "302694000"}, {"fiscalDateEnding": "2020-06-30", "reportedCurrency": "USD", "grossProfit": "952470000", "totalRevenue": "1266124000", "costOfRevenue": "313654000", "costofGoodsAndServicesSold": "313654000", "operatingIncome": "611987000", "sellingGeneralAndAdministrative": "64664000", "researchAndDevelopment": "None", "operatingExpenses": "470838000", "investmentIncomeNet": "None", "netInterestIncome": "-80271000", "interestIncome": "1027000", "interestExpense": "81298000", "nonInterestIncome": "None", "otherNonOperatingIncome": "-29240000", "depreciation": "None", "depreciationAndAmortization": "398195000", "incomeBeforeTax": "501449000", "incomeTaxExpense": "46511000", "interestAndDebtExpense": "None", "netIncomeFromContinuingOperations": "454938000", "comprehensiveIncomeNetOfTax": "None", "ebit": "535774000", "ebitda": "933969000", "netIncome": "406173000"}, {"fiscalDateEnding": "2020-03-31", "reportedCurrency": "USD", "grossProfit": "704049000", "totalRevenue": "978241000", "costOfRevenue": "274192000", "costofGoodsAndServicesSold": "274192000", "operatingIncome": "468057000", "sellingGeneralAndAdministrative": "69689000", "researchAndDevelopment": "None", "operatingExpenses": "430233000", "investmentIncomeNet": "None", "netInterestIncome": "-75630000", "interestIncome": "370000", "interestExpense": "76000000", "nonInterestIncome": "None", "otherNonOperatingIncome": "159662000", "depreciation": "None", "depreciationAndAmortization": "345970000", "incomeBeforeTax": "552077000", "incomeTaxExpense": "30913000", "interestAndDebtExpense": "None", "netIncomeFromContinuingOperations": "521164000", "comprehensiveIncomeNetOfTax": "None", "ebit": "362546000", "ebitda": "708516000", "netIncome": "491053000"}, {"fiscalDateEnding": "2019-12-31", "reportedCurrency": "USD", "grossProfit": "595827000", "totalRevenue": "826016000", "costOfRevenue": "230189000", "costofGoodsAndServicesSold": "230189000", "operatingIncome": "559640000", "sellingGeneralAndAdministrative": "65542000", "researchAndDevelopment": "None", "operatingExpenses": "358288000", "investmentIncomeNet": "None", "netInterestIncome": "-48616000", "interestIncome": "11337000", "interestExpense": "46660000", "nonInterestIncome": "None", "otherNonOperatingIncome": "67598000", "depreciation": "None", "depreciationAndAmortization": "289240000", "incomeBeforeTax": "447529000", "incomeTaxExpense": "21287000", "interestAndDebtExpense": "None", "netIncomeFromContinuingOperations": "426242000", "comprehensiveIncomeNetOfTax": "None", "ebit": "286193000", "ebitda": "575433000", "netIncome": "386991000"}, {"fiscalDateEnding": "2019-09-30", "reportedCurrency": "USD", "grossProfit": "697913000", "totalRevenue": "942181000", "costOfRevenue": "244268000", "costofGoodsAndServicesSold": "244268000", "operatingIncome": "471480000", "sellingGeneralAndAdministrative": "65199000", "researchAndDevelopment": "None", "operatingExpenses": "349747000", "investmentIncomeNet": "None", "netInterestIncome": "-59590000", "interestIncome": "654000", "interestExpense": "60244000", "nonInterestIncome": "None", "otherNonOperatingIncome": "92863000", "depreciation": "None", "depreciationAndAmortization": "282254000", "incomeBeforeTax": "504099000", "incomeTaxExpense": "13086000", "interestAndDebtExpense": "None", "netIncomeFromContinuingOperations": "491013000", "comprehensiveIncomeNetOfTax": "None", "ebit": "394468000", "ebitda": "676722000", "netIncome": "452146000"}, {"fiscalDateEnding": "2019-06-30", "reportedCurrency": "USD", "grossProfit": "572028000", "totalRevenue": "790372000", "costOfRevenue": "218344000", "costofGoodsAndServicesSold": "218344000", "operatingIncome": "442056000", "sellingGeneralAndAdministrative": "66276000", "researchAndDevelopment": "None", "operatingExpenses": "354167000", "investmentIncomeNet": "None", "netInterestIncome": "-54810000", "interestIncome": "4312000", "interestExpense": "59122000", "nonInterestIncome": "None", "otherNonOperatingIncome": "-4598000", "depreciation": "None", "depreciationAndAmortization": "284376000", "incomeBeforeTax": "437458000", "incomeTaxExpense": "26632000", "interestAndDebtExpense": "None", "netIncomeFromContinuingOperations": "410826000", "comprehensiveIncomeNetOfTax": "None", "ebit": "215902000", "ebitda": "500278000", "netIncome": "385276000"}, {"fiscalDateEnding": "2019-03-31", "reportedCurrency": "USD", "grossProfit": "545926000", "totalRevenue": "772052000", "costOfRevenue": "226126000", "costofGoodsAndServicesSold": "226126000", "operatingIncome": "376590000", "sellingGeneralAndAdministrative": "69701000", "researchAndDevelopment": "None", "operatingExpenses": "357544000", "investmentIncomeNet": "None", "netInterestIncome": "-53090000", "interestIncome": "7910000", "interestExpense": "61000000", "nonInterestIncome": "None", "otherNonOperatingIncome": "10687000", "depreciation": "None", "depreciationAndAmortization": "284009000", "incomeBeforeTax": "387277000", "incomeTaxExpense": "13512000", "interestAndDebtExpense": "None", "netIncomeFromContinuingOperations": "373765000", "comprehensiveIncomeNetOfTax": "None", "ebit": "245048000", "ebitda": "529057000", "netIncome": "348546000"}, {"fiscalDateEnding": "2018-12-31", "reportedCurrency": "USD", "grossProfit": "586951000", "totalRevenue": "807085000", "costOfRevenue": "220134000", "costofGoodsAndServicesSold": "220134000", "operatingIncome": "241080000", "sellingGeneralAndAdministrative": "56698000", "researchAndDevelopment": "0", "operatingExpenses": "345871000", "investmentIncomeNet": "None", "netInterestIncome": "None", "interestIncome": "None", "interestExpense": "48898000", "nonInterestIncome": "None", "otherNonOperatingIncome": "529524000", "depreciation": "None", "depreciationAndAmortization": "286758000", "incomeBeforeTax": "709208000", "incomeTaxExpense": "18718000", "interestAndDebtExpense": "None", "netIncomeFromContinuingOperations": "690490000", "comprehensiveIncomeNetOfTax": "None", "ebit": "357501000", "ebitda": "644259000", "netIncome": "598060000"}, {"fiscalDateEnding": "2018-09-30", "reportedCurrency": "USD", "grossProfit": "499858000", "totalRevenue": "682432000", "costOfRevenue": "182574000", "costofGoodsAndServicesSold": "182574000", "operatingIncome": "181521000", "sellingGeneralAndAdministrative": "62244000", "researchAndDevelopment": "0", "operatingExpenses": "318337000", "investmentIncomeNet": "None", "netInterestIncome": "None", "interestIncome": "None", "interestExpense": "64186000", "nonInterestIncome": "None", "otherNonOperatingIncome": "272141000", "depreciation": "None", "depreciationAndAmortization": "252702000", "incomeBeforeTax": "389476000", "incomeTaxExpense": "13956000", "interestAndDebtExpense": "None", "netIncomeFromContinuingOperations": "375520000", "comprehensiveIncomeNetOfTax": "None", "ebit": "238155000", "ebitda": "490857000", "netIncome": "347836000"}, {"fiscalDateEnding": "2018-06-30", "reportedCurrency": "USD", "grossProfit": "453097000", "totalRevenue": "621276000", "costOfRevenue": "168179000", "costofGoodsAndServicesSold": "168179000", "operatingIncome": "187294000", "sellingGeneralAndAdministrative": "57615000", "researchAndDevelopment": "0", "operatingExpenses": "265803000", "investmentIncomeNet": "None", "netInterestIncome": "None", "interestIncome": "None", "interestExpense": "56314000", "nonInterestIncome": "None", "otherNonOperatingIncome": "248115000", "depreciation": "None", "depreciationAndAmortization": "203673000", "incomeBeforeTax": "379095000", "incomeTaxExpense": "14104000", "interestAndDebtExpense": "None", "netIncomeFromContinuingOperations": "364991000", "comprehensiveIncomeNetOfTax": "None", "ebit": "249843000", "ebitda": "453516000", "netIncome": "336087000"}, {"fiscalDateEnding": "2018-03-31", "reportedCurrency": "USD", "grossProfit": "506855000", "totalRevenue": "693656000", "costOfRevenue": "186801000", "costofGoodsAndServicesSold": "186801000", "operatingIncome": "237107000", "sellingGeneralAndAdministrative": "62428000", "researchAndDevelopment": "0", "operatingExpenses": "269748000", "investmentIncomeNet": "None", "netInterestIncome": "None", "interestIncome": "None", "interestExpense": "47000000", "nonInterestIncome": "None", "otherNonOperatingIncome": "218649000", "depreciation": "None", "depreciationAndAmortization": "204081000", "incomeBeforeTax": "408511000", "incomeTaxExpense": "16552000", "interestAndDebtExpense": "None", "netIncomeFromContinuingOperations": "391959000", "comprehensiveIncomeNetOfTax": "None", "ebit": "299763000", "ebitda": "503844000", "netIncome": "367378000"}, {"fiscalDateEnding": "2017-12-31", "reportedCurrency": "USD", "grossProfit": "444224000", "totalRevenue": "619922000", "costOfRevenue": "175698000", "costofGoodsAndServicesSold": "175698000", "operatingIncome": "158417000", "sellingGeneralAndAdministrative": "59709000", "researchAndDevelopment": "0", "operatingExpenses": "285807000", "investmentIncomeNet": "None", "netInterestIncome": "None", "interestIncome": "None", "interestExpense": "48007000", "nonInterestIncome": "None", "otherNonOperatingIncome": "254767000", "depreciation": "None", "depreciationAndAmortization": "222501000", "incomeBeforeTax": "351154000", "incomeTaxExpense": "12281000", "interestAndDebtExpense": "None", "netIncomeFromContinuingOperations": "338873000", "comprehensiveIncomeNetOfTax": "None", "ebit": "234717000", "ebitda": "457218000", "netIncome": "300886000"}, {"fiscalDateEnding": "2017-09-30", "reportedCurrency": "USD", "grossProfit": "438143000", "totalRevenue": "602874000", "costOfRevenue": "164731000", "costofGoodsAndServicesSold": "164731000", "operatingIncome": "175491000", "sellingGeneralAndAdministrative": "57656000", "researchAndDevelopment": "0", "operatingExpenses": "262652000", "investmentIncomeNet": "None", "netInterestIncome": "None", "interestIncome": "None", "interestExpense": "64190000", "nonInterestIncome": "None", "otherNonOperatingIncome": "820063000", "depreciation": "None", "depreciationAndAmortization": "201903000", "incomeBeforeTax": "931364000", "incomeTaxExpense": "17947000", "interestAndDebtExpense": "None", "netIncomeFromContinuingOperations": "913417000", "comprehensiveIncomeNetOfTax": "None", "ebit": "230557000", "ebitda": "432460000", "netIncome": "877893000"}, {"fiscalDateEnding": "2017-06-30", "reportedCurrency": "USD", "grossProfit": "566403000", "totalRevenue": "766183000", "costOfRevenue": "199780000", "costofGoodsAndServicesSold": "199780000", "operatingIncome": "275272000", "sellingGeneralAndAdministrative": "60077000", "researchAndDevelopment": "0", "operatingExpenses": "291131000", "investmentIncomeNet": "None", "netInterestIncome": "None", "interestIncome": "None", "interestExpense": "75354000", "nonInterestIncome": "None", "otherNonOperatingIncome": "102843000", "depreciation": "None", "depreciationAndAmortization": "228145000", "incomeBeforeTax": "302761000", "incomeTaxExpense": "14781000", "interestAndDebtExpense": "None", "netIncomeFromContinuingOperations": "287980000", "comprehensiveIncomeNetOfTax": "None", "ebit": "343868000", "ebitda": "572013000", "netIncome": "268617000"}, {"fiscalDateEnding": "2017-03-31", "reportedCurrency": "USD", "grossProfit": "444700000", "totalRevenue": "629155000", "costOfRevenue": "184455000", "costofGoodsAndServicesSold": "184455000", "operatingIncome": "161886000", "sellingGeneralAndAdministrative": "53617000", "researchAndDevelopment": "0", "operatingExpenses": "282814000", "investmentIncomeNet": "None", "netInterestIncome": "None", "interestIncome": "None", "interestExpense": "73000000", "nonInterestIncome": "None", "otherNonOperatingIncome": "141315000", "depreciation": "None", "depreciationAndAmortization": "226591000", "incomeBeforeTax": "230289000", "incomeTaxExpense": "9600000", "interestAndDebtExpense": "None", "netIncomeFromContinuingOperations": "220689000", "comprehensiveIncomeNetOfTax": "None", "ebit": "210491000", "ebitda": "437082000", "netIncome": "204929000"}, {"fiscalDateEnding": "2016-12-31", "reportedCurrency": "USD", "grossProfit": "448342000", "totalRevenue": "620115000", "costOfRevenue": "171773000", "costofGoodsAndServicesSold": "171773000", "operatingIncome": "164208000", "sellingGeneralAndAdministrative": "56433000", "researchAndDevelopment": "0", "operatingExpenses": "284134000", "investmentIncomeNet": "None", "netInterestIncome": "None", "interestIncome": "None", "interestExpense": "65687000", "nonInterestIncome": "None", "otherNonOperatingIncome": "391029000", "depreciation": "None", "depreciationAndAmortization": "225736000", "incomeBeforeTax": "484668000", "incomeTaxExpense": "17966000", "interestAndDebtExpense": "None", "netIncomeFromContinuingOperations": "466702000", "comprehensiveIncomeNetOfTax": "None", "ebit": "224893000", "ebitda": "450629000", "netIncome": "442197000"}, {"fiscalDateEnding": "2016-09-30", "reportedCurrency": "USD", "grossProfit": "519427000", "totalRevenue": "704565000", "costOfRevenue": "185138000", "costofGoodsAndServicesSold": "185138000", "operatingIncome": "232624000", "sellingGeneralAndAdministrative": "58157000", "researchAndDevelopment": "0", "operatingExpenses": "286803000", "investmentIncomeNet": "None", "netInterestIncome": "None", "interestIncome": "None", "interestExpense": "75310000", "nonInterestIncome": "None", "otherNonOperatingIncome": "165847000", "depreciation": "None", "depreciationAndAmortization": "224867000", "incomeBeforeTax": "323161000", "incomeTaxExpense": "15919000", "interestAndDebtExpense": "None", "netIncomeFromContinuingOperations": "307242000", "comprehensiveIncomeNetOfTax": "None", "ebit": "278481000", "ebitda": "503348000", "netIncome": "280926000"}, {"fiscalDateEnding": "2016-06-30", "reportedCurrency": "USD", "grossProfit": "433564000", "totalRevenue": "602155000", "costOfRevenue": "168591000", "costofGoodsAndServicesSold": "168591000", "operatingIncome": "142348000", "sellingGeneralAndAdministrative": "56934000", "researchAndDevelopment": "0", "operatingExpenses": "291216000", "investmentIncomeNet": "None", "netInterestIncome": "None", "interestIncome": "None", "interestExpense": "76455000", "nonInterestIncome": "None", "otherNonOperatingIncome": "235040000", "depreciation": "None", "depreciationAndAmortization": "230382000", "incomeBeforeTax": "300933000", "incomeTaxExpense": "5142000", "interestAndDebtExpense": "None", "netIncomeFromContinuingOperations": "295791000", "comprehensiveIncomeNetOfTax": "None", "ebit": "183802000", "ebitda": "414184000", "netIncome": "277079000"}, {"fiscalDateEnding": "2016-03-31", "reportedCurrency": "USD", "grossProfit": "434426000", "totalRevenue": "606300000", "costOfRevenue": "171874000", "costofGoodsAndServicesSold": "171874000", "operatingIncome": "129198000", "sellingGeneralAndAdministrative": "50543000", "researchAndDevelopment": "0", "operatingExpenses": "305228000", "investmentIncomeNet": "None", "netInterestIncome": "None", "interestIncome": "None", "interestExpense": "77000000", "nonInterestIncome": "None", "otherNonOperatingIncome": "189956000", "depreciation": "None", "depreciationAndAmortization": "250000000", "incomeBeforeTax": "238342000", "incomeTaxExpense": "15537000", "interestAndDebtExpense": "None", "netIncomeFromContinuingOperations": "222805000", "comprehensiveIncomeNetOfTax": "None", "ebit": "187509000", "ebitda": "437509000", "netIncome": "209730000"}, {"fiscalDateEnding": "2015-12-31", "reportedCurrency": "USD", "grossProfit": "466197000", "totalRevenue": "643201000", "costOfRevenue": "177004000", "costofGoodsAndServicesSold": "177004000", "operatingIncome": "105551000", "sellingGeneralAndAdministrative": "65509000", "researchAndDevelopment": "0", "operatingExpenses": "360646000", "investmentIncomeNet": "None", "netInterestIncome": "None", "interestIncome": "None", "interestExpense": "79151000", "nonInterestIncome": "None", "otherNonOperatingIncome": "105891000", "depreciation": "None", "depreciationAndAmortization": "272906000", "incomeBeforeTax": "128777000", "incomeTaxExpense": "2020000", "interestAndDebtExpense": "None", "netIncomeFromContinuingOperations": "126757000", "comprehensiveIncomeNetOfTax": "None", "ebit": "158430000", "ebitda": "431336000", "netIncome": "119995000"}, {"fiscalDateEnding": "2015-09-30", "reportedCurrency": "USD", "grossProfit": "419003000", "totalRevenue": "580622000", "costOfRevenue": "161619000", "costofGoodsAndServicesSold": "161619000", "operatingIncome": "103392000", "sellingGeneralAndAdministrative": "59375000", "researchAndDevelopment": "0", "operatingExpenses": "315611000", "investmentIncomeNet": "None", "netInterestIncome": "None", "interestIncome": "None", "interestExpense": "81035000", "nonInterestIncome": "None", "otherNonOperatingIncome": "299157000", "depreciation": "None", "depreciationAndAmortization": "247471000", "incomeBeforeTax": "321514000", "incomeTaxExpense": "14328000", "interestAndDebtExpense": "None", "netIncomeFromContinuingOperations": "307186000", "comprehensiveIncomeNetOfTax": "None", "ebit": "136949000", "ebitda": "384420000", "netIncome": "260650000"}, {"fiscalDateEnding": "2015-06-30", "reportedCurrency": "USD", "grossProfit": "364690000", "totalRevenue": "510404000", "costOfRevenue": "145714000", "costofGoodsAndServicesSold": "145714000", "operatingIncome": "87348000", "sellingGeneralAndAdministrative": "57027000", "researchAndDevelopment": "0", "operatingExpenses": "277342000", "investmentIncomeNet": "None", "netInterestIncome": "None", "interestIncome": "None", "interestExpense": "68902000", "nonInterestIncome": "None", "otherNonOperatingIncome": "126665000", "depreciation": "None", "depreciationAndAmortization": "190188000", "incomeBeforeTax": "145111000", "incomeTaxExpense": "4851000", "interestAndDebtExpense": "None", "netIncomeFromContinuingOperations": "140260000", "comprehensiveIncomeNetOfTax": "None", "ebit": "153832000", "ebitda": "344020000", "netIncome": "141918000"}, {"fiscalDateEnding": "2015-03-31", "reportedCurrency": "USD", "grossProfit": "315552000", "totalRevenue": "462847000", "costOfRevenue": "147295000", "costofGoodsAndServicesSold": "147295000", "operatingIncome": "83881000", "sellingGeneralAndAdministrative": "56288000", "researchAndDevelopment": "0", "operatingExpenses": "231671000", "investmentIncomeNet": "None", "netInterestIncome": "None", "interestIncome": "None", "interestExpense": "65400000", "nonInterestIncome": "None", "otherNonOperatingIncome": "338083000", "depreciation": "None", "depreciationAndAmortization": "169808000", "incomeBeforeTax": "353203000", "incomeTaxExpense": "1891000", "interestAndDebtExpense": "None", "netIncomeFromContinuingOperations": "351312000", "comprehensiveIncomeNetOfTax": "None", "ebit": "114923000", "ebitda": "284731000", "netIncome": "346876000"}, {"fiscalDateEnding": "2014-12-31", "reportedCurrency": "USD", "grossProfit": "320441000", "totalRevenue": "450865000", "costOfRevenue": "130424000", "costofGoodsAndServicesSold": "130424000", "operatingIncome": "74956000", "sellingGeneralAndAdministrative": "65987000", "researchAndDevelopment": "0", "operatingExpenses": "245485000", "investmentIncomeNet": "None", "netInterestIncome": "None", "interestIncome": "None", "interestExpense": "70423000", "nonInterestIncome": "None", "otherNonOperatingIncome": "426506000", "depreciation": "None", "depreciationAndAmortization": "171402000", "incomeBeforeTax": "427370000", "incomeTaxExpense": "-354000", "interestAndDebtExpense": "None", "netIncomeFromContinuingOperations": "427724000", "comprehensiveIncomeNetOfTax": "None", "ebit": "129824000", "ebitda": "301226000", "netIncome": "410287000"}, {"fiscalDateEnding": "2014-09-30", "reportedCurrency": "USD", "grossProfit": "290385000", "totalRevenue": "415151000", "costOfRevenue": "124766000", "costofGoodsAndServicesSold": "124766000", "operatingIncome": "78112000", "sellingGeneralAndAdministrative": "58203000", "researchAndDevelopment": "0", "operatingExpenses": "212273000", "investmentIncomeNet": "None", "netInterestIncome": "None", "interestIncome": "None", "interestExpense": "69086000", "nonInterestIncome": "None", "otherNonOperatingIncome": "114837000", "depreciation": "None", "depreciationAndAmortization": "149202000", "incomeBeforeTax": "123863000", "incomeTaxExpense": "-23264000", "interestAndDebtExpense": "None", "netIncomeFromContinuingOperations": "147127000", "comprehensiveIncomeNetOfTax": "None", "ebit": "192949000", "ebitda": "342151000", "netIncome": "137915000"}, {"fiscalDateEnding": "2014-06-30", "reportedCurrency": "USD", "grossProfit": "322676000", "totalRevenue": "460089000", "costOfRevenue": "137413000", "costofGoodsAndServicesSold": "137413000", "operatingIncome": "95274000", "sellingGeneralAndAdministrative": "60375000", "researchAndDevelopment": "0", "operatingExpenses": "227402000", "investmentIncomeNet": "None", "netInterestIncome": "None", "interestIncome": "None", "interestExpense": "80184000", "nonInterestIncome": "None", "otherNonOperatingIncome": "128422000", "depreciation": "None", "depreciationAndAmortization": "161577000", "incomeBeforeTax": "143512000", "incomeTaxExpense": "-8918000", "interestAndDebtExpense": "None", "netIncomeFromContinuingOperations": "152430000", "comprehensiveIncomeNetOfTax": "None", "ebit": "223696000", "ebitda": "385273000", "netIncome": "81180000"}, {"fiscalDateEnding": "2014-03-31", "reportedCurrency": "USD", "grossProfit": "300002000", "totalRevenue": "434682000", "costOfRevenue": "134680000", "costofGoodsAndServicesSold": "134680000", "operatingIncome": "71466000", "sellingGeneralAndAdministrative": "63203000", "researchAndDevelopment": "0", "operatingExpenses": "228536000", "investmentIncomeNet": "None", "netInterestIncome": "None", "interestIncome": "None", "interestExpense": "82056000", "nonInterestIncome": "None", "otherNonOperatingIncome": "32940000", "depreciation": "None", "depreciationAndAmortization": "160280000", "incomeBeforeTax": "18883000", "incomeTaxExpense": "6880000", "interestAndDebtExpense": "None", "netIncomeFromContinuingOperations": "12003000", "comprehensiveIncomeNetOfTax": "None", "ebit": "100983000", "ebitda": "261263000", "netIncome": "6801000"}, {"fiscalDateEnding": "2013-12-31", "reportedCurrency": "USD", "grossProfit": "295739000", "totalRevenue": "416746000", "costOfRevenue": "121007000", "costofGoodsAndServicesSold": "121007000", "operatingIncome": "67206000", "sellingGeneralAndAdministrative": "63067000", "researchAndDevelopment": "0", "operatingExpenses": "228533000", "investmentIncomeNet": "None", "netInterestIncome": "None", "interestIncome": "None", "interestExpense": "83036000", "nonInterestIncome": "None", "otherNonOperatingIncome": "48037000", "depreciation": "None", "depreciationAndAmortization": "167922000", "incomeBeforeTax": "28299000", "incomeTaxExpense": "22199000", "interestAndDebtExpense": "None", "netIncomeFromContinuingOperations": "4173000", "comprehensiveIncomeNetOfTax": "None", "ebit": "111335000", "ebitda": "279257000", "netIncome": "61192000"}, {"fiscalDateEnding": "2013-09-30", "reportedCurrency": "USD", "grossProfit": "299250000", "totalRevenue": "430185000", "costOfRevenue": "130935000", "costofGoodsAndServicesSold": "130935000", "operatingIncome": "78957000", "sellingGeneralAndAdministrative": "55034000", "researchAndDevelopment": "0", "operatingExpenses": "220293000", "investmentIncomeNet": "None", "netInterestIncome": "None", "interestIncome": "None", "interestExpense": "84885000", "nonInterestIncome": "None", "otherNonOperatingIncome": "-29229000", "depreciation": "None", "depreciationAndAmortization": "159242000", "incomeBeforeTax": "-35157000", "incomeTaxExpense": "12180000", "interestAndDebtExpense": "None", "netIncomeFromContinuingOperations": "-47337000", "comprehensiveIncomeNetOfTax": "None", "ebit": "91666000", "ebitda": "250908000", "netIncome": "-5399000"}, {"fiscalDateEnding": "2013-06-30", "reportedCurrency": "USD", "grossProfit": "281887000", "totalRevenue": "419474000", "costOfRevenue": "137587000", "costofGoodsAndServicesSold": "137587000", "operatingIncome": "61242000", "sellingGeneralAndAdministrative": "54909000", "researchAndDevelopment": "0", "operatingExpenses": "220645000", "investmentIncomeNet": "None", "netInterestIncome": "None", "interestIncome": "None", "interestExpense": "92508000", "nonInterestIncome": "None", "otherNonOperatingIncome": "33596000", "depreciation": "None", "depreciationAndAmortization": "159412000", "incomeBeforeTax": "2330000", "incomeTaxExpense": "20488000", "interestAndDebtExpense": "None", "netIncomeFromContinuingOperations": "-18158000", "comprehensiveIncomeNetOfTax": "None", "ebit": "92110000", "ebitda": "251522000", "netIncome": "2299000"}, {"fiscalDateEnding": "2013-03-31", "reportedCurrency": "USD", "grossProfit": "336788000", "totalRevenue": "490616000", "costOfRevenue": "153828000", "costofGoodsAndServicesSold": "153828000", "operatingIncome": "98972000", "sellingGeneralAndAdministrative": "56197000", "researchAndDevelopment": "0", "operatingExpenses": "237816000", "investmentIncomeNet": "None", "netInterestIncome": "None", "interestIncome": "None", "interestExpense": "111740000", "nonInterestIncome": "None", "otherNonOperatingIncome": "358773000", "depreciation": "None", "depreciationAndAmortization": "177431000", "incomeBeforeTax": "342717000", "incomeTaxExpense": "51866000", "interestAndDebtExpense": "None", "netIncomeFromContinuingOperations": "290851000", "comprehensiveIncomeNetOfTax": "None", "ebit": "452524000", "ebitda": "629955000", "netIncome": "284829000"}, {"fiscalDateEnding": "2012-12-31", "reportedCurrency": "USD", "grossProfit": "355962000", "totalRevenue": "494916000", "costOfRevenue": "138954000", "costofGoodsAndServicesSold": "138954000", "operatingIncome": "-161532000", "sellingGeneralAndAdministrative": "60608000", "researchAndDevelopment": "0", "operatingExpenses": "267039000", "investmentIncomeNet": "None", "netInterestIncome": "None", "interestIncome": "None", "interestExpense": "106214000", "nonInterestIncome": "None", "otherNonOperatingIncome": "19375000", "depreciation": "None", "depreciationAndAmortization": "189561000", "incomeBeforeTax": "-265152000", "incomeTaxExpense": "3364000", "interestAndDebtExpense": "None", "netIncomeFromContinuingOperations": "-275425000", "comprehensiveIncomeNetOfTax": "None", "ebit": "-158938000", "ebitda": "30623000", "netIncome": "-218408000"}, {"fiscalDateEnding": "2012-09-30", "reportedCurrency": "USD", "grossProfit": "365555000", "totalRevenue": "512105000", "costOfRevenue": "146550000", "costofGoodsAndServicesSold": "146550000", "operatingIncome": "79030000", "sellingGeneralAndAdministrative": "55886000", "researchAndDevelopment": "0", "operatingExpenses": "256088000", "investmentIncomeNet": "None", "netInterestIncome": "None", "interestIncome": "None", "interestExpense": "123161000", "nonInterestIncome": "None", "otherNonOperatingIncome": "18090000", "depreciation": "None", "depreciationAndAmortization": "198296000", "incomeBeforeTax": "-26041000", "incomeTaxExpense": "-19983000", "interestAndDebtExpense": "None", "netIncomeFromContinuingOperations": "-6058000", "comprehensiveIncomeNetOfTax": "None", "ebit": "66957000", "ebitda": "265253000", "netIncome": "-36221000"}, {"fiscalDateEnding": "2012-06-30", "reportedCurrency": "USD", "grossProfit": "373642000", "totalRevenue": "520748000", "costOfRevenue": "147106000", "costofGoodsAndServicesSold": "147106000", "operatingIncome": "107044000", "sellingGeneralAndAdministrative": "51415000", "researchAndDevelopment": "0", "operatingExpenses": "238185000", "investmentIncomeNet": "None", "netInterestIncome": "None", "interestIncome": "None", "interestExpense": "127946000", "nonInterestIncome": "None", "otherNonOperatingIncome": "22574000", "depreciation": "None", "depreciationAndAmortization": "187777000", "incomeBeforeTax": "1672000", "incomeTaxExpense": "8075000", "interestAndDebtExpense": "None", "netIncomeFromContinuingOperations": "-6403000", "comprehensiveIncomeNetOfTax": "None", "ebit": "124178000", "ebitda": "311955000", "netIncome": "1929000"}, {"fiscalDateEnding": "2012-03-31", "reportedCurrency": "USD", "grossProfit": "358087000", "totalRevenue": "500064000", "costOfRevenue": "141977000", "costofGoodsAndServicesSold": "141977000", "operatingIncome": "90879000", "sellingGeneralAndAdministrative": "60159000", "researchAndDevelopment": "0", "operatingExpenses": "253295000", "investmentIncomeNet": "None", "netInterestIncome": "None", "interestIncome": "None", "interestExpense": "133447000", "nonInterestIncome": "None", "otherNonOperatingIncome": "249376000", "depreciation": "None", "depreciationAndAmortization": "191825000", "incomeBeforeTax": "206808000", "incomeTaxExpense": "12124000", "interestAndDebtExpense": "None", "netIncomeFromContinuingOperations": "194684000", "comprehensiveIncomeNetOfTax": "None", "ebit": "329551000", "ebitda": "521376000", "netIncome": "212979000"}, {"fiscalDateEnding": "2011-12-31", "reportedCurrency": "USD", "grossProfit": "327982000", "totalRevenue": "457608000", "costOfRevenue": "129626000", "costofGoodsAndServicesSold": "129626000", "operatingIncome": "45091000", "sellingGeneralAndAdministrative": "50797000", "researchAndDevelopment": "0", "operatingExpenses": "242882000", "investmentIncomeNet": "None", "netInterestIncome": "None", "interestIncome": "None", "interestExpense": "129159000", "nonInterestIncome": "None", "otherNonOperatingIncome": "-2743000", "depreciation": "None", "depreciationAndAmortization": "198304000", "incomeBeforeTax": "-102971000", "incomeTaxExpense": "-8184000", "interestAndDebtExpense": "None", "netIncomeFromContinuingOperations": "-143486000", "comprehensiveIncomeNetOfTax": "None", "ebit": "26188000", "ebitda": "224492000", "netIncome": "-35183000"}, {"fiscalDateEnding": "2011-09-30", "reportedCurrency": "USD", "grossProfit": "357319000", "totalRevenue": "501393000", "costOfRevenue": "144074000", "costofGoodsAndServicesSold": "144074000", "operatingIncome": "90766000", "sellingGeneralAndAdministrative": "53341000", "researchAndDevelopment": "0", "operatingExpenses": "253870000", "investmentIncomeNet": "None", "netInterestIncome": "None", "interestIncome": "None", "interestExpense": "136064000", "nonInterestIncome": "None", "otherNonOperatingIncome": "96241000", "depreciation": "None", "depreciationAndAmortization": "199361000", "incomeBeforeTax": "50943000", "incomeTaxExpense": "-2838000", "interestAndDebtExpense": "None", "netIncomeFromContinuingOperations": "53781000", "comprehensiveIncomeNetOfTax": "None", "ebit": "174250000", "ebitda": "373611000", "netIncome": "65315000"}, {"fiscalDateEnding": "2011-06-30", "reportedCurrency": "USD", "grossProfit": "243165000", "totalRevenue": "335901000", "costOfRevenue": "92736000", "costofGoodsAndServicesSold": "92736000", "operatingIncome": "-40393000", "sellingGeneralAndAdministrative": "51840000", "researchAndDevelopment": "0", "operatingExpenses": "174919000", "investmentIncomeNet": "None", "netInterestIncome": "None", "interestIncome": "None", "interestExpense": "113059000", "nonInterestIncome": "None", "otherNonOperatingIncome": "5127000", "depreciation": "None", "depreciationAndAmortization": "157177000", "incomeBeforeTax": "-148325000", "incomeTaxExpense": "6429000", "interestAndDebtExpense": "None", "netIncomeFromContinuingOperations": "-154754000", "comprehensiveIncomeNetOfTax": "None", "ebit": "-74590000", "ebitda": "82587000", "netIncome": "-143829000"}, {"fiscalDateEnding": "2011-03-31", "reportedCurrency": "USD", "grossProfit": "113706000", "totalRevenue": "165768000", "costOfRevenue": "52062000", "costofGoodsAndServicesSold": "52062000", "operatingIncome": "23175000", "sellingGeneralAndAdministrative": "30902000", "researchAndDevelopment": "0", "operatingExpenses": "86834000", "investmentIncomeNet": "None", "netInterestIncome": "None", "interestIncome": "None", "interestExpense": "34942000", "nonInterestIncome": "None", "otherNonOperatingIncome": "None", "depreciation": "None", "depreciationAndAmortization": "54986000", "incomeBeforeTax": "-2729000", "incomeTaxExpense": "-14857000", "interestAndDebtExpense": "None", "netIncomeFromContinuingOperations": "0", "comprehensiveIncomeNetOfTax": "None", "ebit": "29331000", "ebitda": "84317000", "netIncome": "12128000"}, {"fiscalDateEnding": "2010-12-31", "reportedCurrency": "USD", "grossProfit": "118282000", "totalRevenue": "164512000", "costOfRevenue": "46230000", "costofGoodsAndServicesSold": "46230000", "operatingIncome": "31353000", "sellingGeneralAndAdministrative": "33784000", "researchAndDevelopment": "0", "operatingExpenses": "86929000", "investmentIncomeNet": "None", "netInterestIncome": "None", "interestIncome": "None", "interestExpense": "32974000", "nonInterestIncome": "None", "otherNonOperatingIncome": "None", "depreciation": "None", "depreciationAndAmortization": "45946000", "incomeBeforeTax": "9152000", "incomeTaxExpense": "-9152000", "interestAndDebtExpense": "None", "netIncomeFromContinuingOperations": "0", "comprehensiveIncomeNetOfTax": "None", "ebit": "34424000", "ebitda": "80370000", "netIncome": "9152000"}, {"fiscalDateEnding": "2010-09-30", "reportedCurrency": "USD", "grossProfit": "111893000", "totalRevenue": "158696000", "costOfRevenue": "46803000", "costofGoodsAndServicesSold": "46803000", "operatingIncome": "31112000", "sellingGeneralAndAdministrative": "28715000", "researchAndDevelopment": "0", "operatingExpenses": "80781000", "investmentIncomeNet": "None", "netInterestIncome": "None", "interestIncome": "None", "interestExpense": "32125000", "nonInterestIncome": "None", "otherNonOperatingIncome": "None", "depreciation": "None", "depreciationAndAmortization": "46525000", "incomeBeforeTax": "10927000", "incomeTaxExpense": "-10927000", "interestAndDebtExpense": "None", "netIncomeFromContinuingOperations": "0", "comprehensiveIncomeNetOfTax": "None", "ebit": "43052000", "ebitda": "89577000", "netIncome": "10927000"}, {"fiscalDateEnding": "2010-06-30", "reportedCurrency": "USD", "grossProfit": "110144000", "totalRevenue": "158618000", "costOfRevenue": "48474000", "costofGoodsAndServicesSold": "48474000", "operatingIncome": "32891000", "sellingGeneralAndAdministrative": "30093000", "researchAndDevelopment": "0", "operatingExpenses": "77253000", "investmentIncomeNet": "None", "netInterestIncome": "None", "interestIncome": "None", "interestExpense": "32626000", "nonInterestIncome": "None", "otherNonOperatingIncome": "None", "depreciation": "None", "depreciationAndAmortization": "43515000", "incomeBeforeTax": "7191000", "incomeTaxExpense": "-7191000", "interestAndDebtExpense": "None", "netIncomeFromContinuingOperations": "0", "comprehensiveIncomeNetOfTax": "None", "ebit": "39817000", "ebitda": "83332000", "netIncome": "7191000"}, {"fiscalDateEnding": "2010-03-31", "reportedCurrency": "USD", "grossProfit": "108243000", "totalRevenue": "157952000", "costOfRevenue": "49709000", "costofGoodsAndServicesSold": "49709000", "operatingIncome": "23180000", "sellingGeneralAndAdministrative": "32265000", "researchAndDevelopment": "0", "operatingExpenses": "82090000", "investmentIncomeNet": "None", "netInterestIncome": "None", "interestIncome": "None", "interestExpense": "32613000", "nonInterestIncome": "None", "otherNonOperatingIncome": "None", "depreciation": "None", "depreciationAndAmortization": "48634000", "incomeBeforeTax": "-466000", "incomeTaxExpense": "-315000", "interestAndDebtExpense": "None", "netIncomeFromContinuingOperations": "0", "comprehensiveIncomeNetOfTax": "None", "ebit": "24034000", "ebitda": "72668000", "netIncome": "-151000"}, {"fiscalDateEnding": "2009-12-31", "reportedCurrency": "USD", "grossProfit": "112996000", "totalRevenue": "162614000", "costOfRevenue": "49618000", "costofGoodsAndServicesSold": "49618000", "operatingIncome": "27403000", "sellingGeneralAndAdministrative": "31655000", "researchAndDevelopment": "0", "operatingExpenses": "85593000", "investmentIncomeNet": "None", "netInterestIncome": "None", "interestIncome": "None", "interestExpense": "30616000", "nonInterestIncome": "None", "otherNonOperatingIncome": "None", "depreciation": "None", "depreciationAndAmortization": "48133000", "incomeBeforeTax": "-13117000", "incomeTaxExpense": "13117000", "interestAndDebtExpense": "None", "netIncomeFromContinuingOperations": "0", "comprehensiveIncomeNetOfTax": "None", "ebit": "31031000", "ebitda": "79164000", "netIncome": "-13117000"}, {"fiscalDateEnding": "2009-09-30", "reportedCurrency": "USD", "grossProfit": "110914000", "totalRevenue": "157535000", "costOfRevenue": "46621000", "costofGoodsAndServicesSold": "46621000", "operatingIncome": "33303000", "sellingGeneralAndAdministrative": "27156000", "researchAndDevelopment": "0", "operatingExpenses": "77611000", "investmentIncomeNet": "None", "netInterestIncome": "None", "interestIncome": "None", "interestExpense": "28855000", "nonInterestIncome": "None", "otherNonOperatingIncome": "None", "depreciation": "None", "depreciationAndAmortization": "45704000", "incomeBeforeTax": "67140000", "incomeTaxExpense": "-67140000", "interestAndDebtExpense": "None", "netIncomeFromContinuingOperations": "0", "comprehensiveIncomeNetOfTax": "None", "ebit": "32259000", "ebitda": "77963000", "netIncome": "67140000"}, {"fiscalDateEnding": "2009-06-30", "reportedCurrency": "USD", "grossProfit": "104857000", "totalRevenue": "147370000", "costOfRevenue": "42513000", "costofGoodsAndServicesSold": "42513000", "operatingIncome": "34764000", "sellingGeneralAndAdministrative": "33744000", "researchAndDevelopment": "0", "operatingExpenses": "70093000", "investmentIncomeNet": "None", "netInterestIncome": "None", "interestIncome": "None", "interestExpense": "29329000", "nonInterestIncome": "None", "otherNonOperatingIncome": "None", "depreciation": "None", "depreciationAndAmortization": "36817000", "incomeBeforeTax": "21374000", "incomeTaxExpense": "-21374000", "interestAndDebtExpense": "None", "netIncomeFromContinuingOperations": "0", "comprehensiveIncomeNetOfTax": "None", "ebit": "38632000", "ebitda": "75449000", "netIncome": "21374000"}, {"fiscalDateEnding": "2009-03-31", "reportedCurrency": "USD", "grossProfit": "115961000", "totalRevenue": "165529000", "costOfRevenue": "49568000", "costofGoodsAndServicesSold": "49568000", "operatingIncome": "-122967000", "sellingGeneralAndAdministrative": "31510000", "researchAndDevelopment": "0", "operatingExpenses": "73611000", "investmentIncomeNet": "None", "netInterestIncome": "None", "interestIncome": "None", "interestExpense": "32521000", "nonInterestIncome": "None", "otherNonOperatingIncome": "None", "depreciation": "None", "depreciationAndAmortization": "38709000", "incomeBeforeTax": "-129301000", "incomeTaxExpense": "-10903000", "interestAndDebtExpense": "None", "netIncomeFromContinuingOperations": "0", "comprehensiveIncomeNetOfTax": "None", "ebit": "-105294000", "ebitda": "-66585000", "netIncome": "-118398000"}, {"fiscalDateEnding": "2008-12-31", "reportedCurrency": "USD", "grossProfit": "120811000", "totalRevenue": "167136000", "costOfRevenue": "46325000", "costofGoodsAndServicesSold": "46325000", "operatingIncome": "37933000", "sellingGeneralAndAdministrative": "40780000", "researchAndDevelopment": "0", "operatingExpenses": "82878000", "investmentIncomeNet": "None", "netInterestIncome": "None", "interestIncome": "None", "interestExpense": "32578000", "nonInterestIncome": "None", "otherNonOperatingIncome": "None", "depreciation": "None", "depreciationAndAmortization": "38153000", "incomeBeforeTax": "-197412000", "incomeTaxExpense": "197412000", "interestAndDebtExpense": "None", "netIncomeFromContinuingOperations": "0", "comprehensiveIncomeNetOfTax": "None", "ebit": "39432000", "ebitda": "77585000", "netIncome": "-197412000"}, {"fiscalDateEnding": "2008-09-30", "reportedCurrency": "USD", "grossProfit": "118338000", "totalRevenue": "162495000", "costOfRevenue": "44157000", "costofGoodsAndServicesSold": "44157000", "operatingIncome": "37714000", "sellingGeneralAndAdministrative": "34415000", "researchAndDevelopment": "0", "operatingExpenses": "80624000", "investmentIncomeNet": "None", "netInterestIncome": "None", "interestIncome": "None", "interestExpense": "32319000", "nonInterestIncome": "None", "otherNonOperatingIncome": "None", "depreciation": "None", "depreciationAndAmortization": "44021000", "incomeBeforeTax": "28151000", "incomeTaxExpense": "-28151000", "interestAndDebtExpense": "None", "netIncomeFromContinuingOperations": "0", "comprehensiveIncomeNetOfTax": "None", "ebit": "37630000", "ebitda": "81651000", "netIncome": "28151000"}, {"fiscalDateEnding": "2008-06-30", "reportedCurrency": "USD", "grossProfit": "161191000", "totalRevenue": "209299000", "costOfRevenue": "48108000", "costofGoodsAndServicesSold": "48108000", "operatingIncome": "84750000", "sellingGeneralAndAdministrative": "33794000", "researchAndDevelopment": "0", "operatingExpenses": "76441000", "investmentIncomeNet": "None", "netInterestIncome": "None", "interestIncome": "None", "interestExpense": "36555000", "nonInterestIncome": "None", "otherNonOperatingIncome": "None", "depreciation": "None", "depreciationAndAmortization": "34749000", "incomeBeforeTax": "77019000", "incomeTaxExpense": "-77019000", "interestAndDebtExpense": "None", "netIncomeFromContinuingOperations": "0", "comprehensiveIncomeNetOfTax": "None", "ebit": "86032000", "ebitda": "120781000", "netIncome": "77019000"}, {"fiscalDateEnding": "2008-03-31", "reportedCurrency": "USD", "grossProfit": "176486000", "totalRevenue": "176486000", "costOfRevenue": "1277377000", "costofGoodsAndServicesSold": "1277377000", "operatingIncome": "53363000", "sellingGeneralAndAdministrative": "35153000", "researchAndDevelopment": "17820000", "operatingExpenses": "97809000", "investmentIncomeNet": "None", "netInterestIncome": "None", "interestIncome": "None", "interestExpense": "29957000", "nonInterestIncome": "None", "otherNonOperatingIncome": "None", "depreciation": "None", "depreciationAndAmortization": "41673000", "incomeBeforeTax": "42932000", "incomeTaxExpense": "-42932000", "interestAndDebtExpense": "None", "netIncomeFromContinuingOperations": "0", "comprehensiveIncomeNetOfTax": "None", "ebit": "42932000", "ebitda": "84605000", "netIncome": "42932000"}, {"fiscalDateEnding": "2007-12-31", "reportedCurrency": "USD", "grossProfit": "169841000", "totalRevenue": "169841000", "costOfRevenue": "623157000", "costofGoodsAndServicesSold": "623157000", "operatingIncome": "48645000", "sellingGeneralAndAdministrative": "34251000", "researchAndDevelopment": "0", "operatingExpenses": "22348000", "investmentIncomeNet": "None", "netInterestIncome": "None", "interestIncome": "None", "interestExpense": "121095000", "nonInterestIncome": "None", "otherNonOperatingIncome": "None", "depreciation": "None", "depreciationAndAmortization": "41132000", "incomeBeforeTax": "97199000", "incomeTaxExpense": "-97199000", "interestAndDebtExpense": "None", "netIncomeFromContinuingOperations": "0", "comprehensiveIncomeNetOfTax": "None", "ebit": "48645000", "ebitda": "89777000", "netIncome": "97199000"}, {"fiscalDateEnding": "2007-09-30", "reportedCurrency": "USD", "grossProfit": "147067000", "totalRevenue": "166304000", "costOfRevenue": "19237000", "costofGoodsAndServicesSold": "19237000", "operatingIncome": "46061000", "sellingGeneralAndAdministrative": "35145000", "researchAndDevelopment": "48298000", "operatingExpenses": "120243000", "investmentIncomeNet": "None", "netInterestIncome": "None", "interestIncome": "None", "interestExpense": "29326000", "nonInterestIncome": "None", "otherNonOperatingIncome": "None", "depreciation": "None", "depreciationAndAmortization": "40982000", "incomeBeforeTax": "73110000", "incomeTaxExpense": "-73110000", "interestAndDebtExpense": "None", "netIncomeFromContinuingOperations": "0", "comprehensiveIncomeNetOfTax": "None", "ebit": "45373000", "ebitda": "86355000", "netIncome": "73110000"}, {"fiscalDateEnding": "2007-06-30", "reportedCurrency": "USD", "grossProfit": "152563000", "totalRevenue": "171432000", "costOfRevenue": "18869000", "costofGoodsAndServicesSold": "18869000", "operatingIncome": "54969000", "sellingGeneralAndAdministrative": "30260000", "researchAndDevelopment": "28996000", "operatingExpenses": "116463000", "investmentIncomeNet": "None", "netInterestIncome": "None", "interestIncome": "None", "interestExpense": "33151000", "nonInterestIncome": "None", "otherNonOperatingIncome": "None", "depreciation": "None", "depreciationAndAmortization": "41487000", "incomeBeforeTax": "118269000", "incomeTaxExpense": "-118269000", "interestAndDebtExpense": "None", "netIncomeFromContinuingOperations": "0", "comprehensiveIncomeNetOfTax": "None", "ebit": "51670000", "ebitda": "93157000", "netIncome": "118269000"}, {"fiscalDateEnding": "2007-03-31", "reportedCurrency": "USD", "grossProfit": "149131000", "totalRevenue": "168007000", "costOfRevenue": "18876000", "costofGoodsAndServicesSold": "18876000", "operatingIncome": "51467000", "sellingGeneralAndAdministrative": "29854000", "researchAndDevelopment": "12192000", "operatingExpenses": "116540000", "investmentIncomeNet": "None", "netInterestIncome": "None", "interestIncome": "None", "interestExpense": "33865000", "nonInterestIncome": "None", "otherNonOperatingIncome": "None", "depreciation": "None", "depreciationAndAmortization": "41282000", "incomeBeforeTax": "25682000", "incomeTaxExpense": "-25682000", "interestAndDebtExpense": "None", "netIncomeFromContinuingOperations": "0", "comprehensiveIncomeNetOfTax": "None", "ebit": "49101000", "ebitda": "90383000", "netIncome": "25682000"}, {"fiscalDateEnding": "2006-12-31", "reportedCurrency": "USD", "grossProfit": "180918000", "totalRevenue": "180918000", "costOfRevenue": "365935000", "costofGoodsAndServicesSold": "365935000", "operatingIncome": "66192000", "sellingGeneralAndAdministrative": "30219000", "researchAndDevelopment": "0", "operatingExpenses": "-50554000", "investmentIncomeNet": "None", "netInterestIncome": "None", "interestIncome": "None", "interestExpense": "104966000", "nonInterestIncome": "None", "otherNonOperatingIncome": "None", "depreciation": "None", "depreciationAndAmortization": "44465000", "incomeBeforeTax": "87755000", "incomeTaxExpense": "-87755000", "interestAndDebtExpense": "None", "netIncomeFromContinuingOperations": "0", "comprehensiveIncomeNetOfTax": "None", "ebit": "130687000", "ebitda": "175152000", "netIncome": "87755000"}, {"fiscalDateEnding": "2006-09-30", "reportedCurrency": "USD", "grossProfit": "167366000", "totalRevenue": "187695000", "costOfRevenue": "20329000", "costofGoodsAndServicesSold": "20329000", "operatingIncome": "65703000", "sellingGeneralAndAdministrative": "25851000", "researchAndDevelopment": "0", "operatingExpenses": "145509000", "investmentIncomeNet": "None", "netInterestIncome": "None", "interestIncome": "None", "interestExpense": "44535000", "nonInterestIncome": "None", "otherNonOperatingIncome": "None", "depreciation": "None", "depreciationAndAmortization": "49268000", "incomeBeforeTax": "33387000", "incomeTaxExpense": "-33387000", "interestAndDebtExpense": "None", "netIncomeFromContinuingOperations": "0", "comprehensiveIncomeNetOfTax": "None", "ebit": "61308000", "ebitda": "110576000", "netIncome": "33387000"}, {"fiscalDateEnding": "2006-06-30", "reportedCurrency": "USD", "grossProfit": "159927000", "totalRevenue": "180273000", "costOfRevenue": "20346000", "costofGoodsAndServicesSold": "20346000", "operatingIncome": "60581000", "sellingGeneralAndAdministrative": "25144000", "researchAndDevelopment": "0", "operatingExpenses": "119692000", "investmentIncomeNet": "None", "netInterestIncome": "None", "interestIncome": "None", "interestExpense": "44075000", "nonInterestIncome": "None", "otherNonOperatingIncome": "None", "depreciation": "None", "depreciationAndAmortization": "49196000", "incomeBeforeTax": "75353000", "incomeTaxExpense": "-75353000", "interestAndDebtExpense": "None", "netIncomeFromContinuingOperations": "0", "comprehensiveIncomeNetOfTax": "None", "ebit": "57745000", "ebitda": "106941000", "netIncome": "75353000"}, {"fiscalDateEnding": "2006-03-31", "reportedCurrency": "USD", "grossProfit": "161050000", "totalRevenue": "181513000", "costOfRevenue": "20463000", "costofGoodsAndServicesSold": "20463000", "operatingIncome": "68257000", "sellingGeneralAndAdministrative": "23048000", "researchAndDevelopment": "0", "operatingExpenses": "113256000", "investmentIncomeNet": "None", "netInterestIncome": "None", "interestIncome": "None", "interestExpense": "39789000", "nonInterestIncome": "None", "otherNonOperatingIncome": "None", "depreciation": "None", "depreciationAndAmortization": "43360000", "incomeBeforeTax": "27577000", "incomeTaxExpense": "-27577000", "interestAndDebtExpense": "None", "netIncomeFromContinuingOperations": "0", "comprehensiveIncomeNetOfTax": "None", "ebit": "65219000", "ebitda": "108579000", "netIncome": "27577000"}, {"fiscalDateEnding": "2005-12-31", "reportedCurrency": "USD", "grossProfit": "158599000", "totalRevenue": "158599000", "costOfRevenue": "310496000", "costofGoodsAndServicesSold": "310496000", "operatingIncome": "72341000", "sellingGeneralAndAdministrative": "20339000", "researchAndDevelopment": "0", "operatingExpenses": "86258000", "investmentIncomeNet": "None", "netInterestIncome": "None", "interestIncome": "None", "interestExpense": "86109000", "nonInterestIncome": "None", "otherNonOperatingIncome": "None", "depreciation": "None", "depreciationAndAmortization": "48010000", "incomeBeforeTax": "141183000", "incomeTaxExpense": "-141183000", "interestAndDebtExpense": "None", "netIncomeFromContinuingOperations": "0", "comprehensiveIncomeNetOfTax": "None", "ebit": "72341000", "ebitda": "120351000", "netIncome": "141183000"}, {"fiscalDateEnding": "2005-09-30", "reportedCurrency": "USD", "grossProfit": "154776000", "totalRevenue": "175422000", "costOfRevenue": "20646000", "costofGoodsAndServicesSold": "20646000", "operatingIncome": "67311000", "sellingGeneralAndAdministrative": "19665000", "researchAndDevelopment": "0", "operatingExpenses": "108111000", "investmentIncomeNet": "None", "netInterestIncome": "None", "interestIncome": "None", "interestExpense": "40760000", "nonInterestIncome": "None", "otherNonOperatingIncome": "None", "depreciation": "None", "depreciationAndAmortization": "43242000", "incomeBeforeTax": "29068000", "incomeTaxExpense": "-29068000", "interestAndDebtExpense": "None", "netIncomeFromContinuingOperations": "0", "comprehensiveIncomeNetOfTax": "None", "ebit": "29068000", "ebitda": "72310000", "netIncome": "29068000"}, {"fiscalDateEnding": "2005-06-30", "reportedCurrency": "USD", "grossProfit": "151783000", "totalRevenue": "172277000", "costOfRevenue": "20494000", "costofGoodsAndServicesSold": "20494000", "operatingIncome": "64885000", "sellingGeneralAndAdministrative": "18629000", "researchAndDevelopment": "0", "operatingExpenses": "107392000", "investmentIncomeNet": "None", "netInterestIncome": "None", "interestIncome": "None", "interestExpense": "40971000", "nonInterestIncome": "None", "otherNonOperatingIncome": "None", "depreciation": "None", "depreciationAndAmortization": "45567000", "incomeBeforeTax": "40789000", "incomeTaxExpense": "-40789000", "interestAndDebtExpense": "None", "netIncomeFromContinuingOperations": "0", "comprehensiveIncomeNetOfTax": "None", "ebit": "40789000", "ebitda": "86356000", "netIncome": "40789000"}, {"fiscalDateEnding": "2005-03-31", "reportedCurrency": "USD", "grossProfit": "152529000", "totalRevenue": "172374000", "costOfRevenue": "19845000", "costofGoodsAndServicesSold": "19845000", "operatingIncome": "65297000", "sellingGeneralAndAdministrative": "18799000", "researchAndDevelopment": "0", "operatingExpenses": "107077000", "investmentIncomeNet": "None", "netInterestIncome": "None", "interestIncome": "None", "interestExpense": "40896000", "nonInterestIncome": "None", "otherNonOperatingIncome": "None", "depreciation": "None", "depreciationAndAmortization": "43485000", "incomeBeforeTax": "46767000", "incomeTaxExpense": "-46767000", "interestAndDebtExpense": "None", "netIncomeFromContinuingOperations": "0", "comprehensiveIncomeNetOfTax": "None", "ebit": "53624000", "ebitda": "97109000", "netIncome": "46767000"}, {"fiscalDateEnding": "2004-12-31", "reportedCurrency": "USD", "grossProfit": "160612000", "totalRevenue": "160612000", "costOfRevenue": "436887000", "costofGoodsAndServicesSold": "436887000", "operatingIncome": "66667000", "sellingGeneralAndAdministrative": "13250000", "researchAndDevelopment": "0", "operatingExpenses": "93945000", "investmentIncomeNet": "None", "netInterestIncome": "None", "interestIncome": "None", "interestExpense": "48332000", "nonInterestIncome": "None", "otherNonOperatingIncome": "None", "depreciation": "None", "depreciationAndAmortization": "39028000", "incomeBeforeTax": "57934000", "incomeTaxExpense": "-57934000", "interestAndDebtExpense": "None", "netIncomeFromContinuingOperations": "0", "comprehensiveIncomeNetOfTax": "None", "ebit": "66667000", "ebitda": "105695000", "netIncome": "57934000"}]}