{"symbol": "MCD", "annualReports": [{"fiscalDateEnding": "2024-12-31", "reportedCurrency": "USD", "grossProfit": "14710000000", "totalRevenue": "25920000000", "costOfRevenue": "11210000000", "costofGoodsAndServicesSold": "11210000000", "operatingIncome": "11712000000", "sellingGeneralAndAdministrative": "2412000000", "researchAndDevelopment": "None", "operatingExpenses": "2998000000", "investmentIncomeNet": "None", "netInterestIncome": "-1403000000", "interestIncome": "103000000", "interestExpense": "1506000000", "nonInterestIncome": "None", "otherNonOperatingIncome": "None", "depreciation": "None", "depreciationAndAmortization": "2097000000", "incomeBeforeTax": "10345000000", "incomeTaxExpense": "2121000000", "interestAndDebtExpense": "None", "netIncomeFromContinuingOperations": "8224000000", "comprehensiveIncomeNetOfTax": "None", "ebit": "11851000000", "ebitda": "13948000000", "netIncome": "8223000000"}, {"fiscalDateEnding": "2023-12-31", "reportedCurrency": "USD", "grossProfit": "14564000000", "totalRevenue": "25495000000", "costOfRevenue": "10931000000", "costofGoodsAndServicesSold": "10931000000", "operatingIncome": "11647000000", "sellingGeneralAndAdministrative": "2424600000", "researchAndDevelopment": "None", "operatingExpenses": "2917000000", "investmentIncomeNet": "None", "netInterestIncome": "-1175400000", "interestIncome": "148100000", "interestExpense": "1361000000", "nonInterestIncome": "None", "otherNonOperatingIncome": "None", "depreciation": "None", "depreciationAndAmortization": "1978000000", "incomeBeforeTax": "10522000000", "incomeTaxExpense": "2053000000", "interestAndDebtExpense": "None", "netIncomeFromContinuingOperations": "8333200000", "comprehensiveIncomeNetOfTax": "None", "ebit": "11883000000", "ebitda": "13861000000", "netIncome": "8469000000"}, {"fiscalDateEnding": "2022-12-31", "reportedCurrency": "USD", "grossProfit": "13207000000", "totalRevenue": "23182000000", "costOfRevenue": "9975000000", "costofGoodsAndServicesSold": "9975000000", "operatingIncome": "9371000000", "sellingGeneralAndAdministrative": "2492200000", "researchAndDevelopment": "None", "operatingExpenses": "3836000000", "investmentIncomeNet": "None", "netInterestIncome": "-1207000000", "interestIncome": "1207000000", "interestExpense": "1207000000", "nonInterestIncome": "None", "otherNonOperatingIncome": "-338600000", "depreciation": "None", "depreciationAndAmortization": "1871000000", "incomeBeforeTax": "7825000000", "incomeTaxExpense": "1648000000", "interestAndDebtExpense": "None", "netIncomeFromContinuingOperations": "6177400000", "comprehensiveIncomeNetOfTax": "None", "ebit": "9032000000", "ebitda": "10903000000", "netIncome": "6177000000"}, {"fiscalDateEnding": "2021-12-31", "reportedCurrency": "USD", "grossProfit": "12580200000", "totalRevenue": "23222900000", "costOfRevenue": "10642700000", "costofGoodsAndServicesSold": "10642700000", "operatingIncome": "10356000000", "sellingGeneralAndAdministrative": "2377800000", "researchAndDevelopment": "None", "operatingExpenses": "2224200000", "investmentIncomeNet": "None", "netInterestIncome": "-1176600000", "interestIncome": "1185800000", "interestExpense": "1185800000", "nonInterestIncome": "None", "otherNonOperatingIncome": "-42300000", "depreciation": "None", "depreciationAndAmortization": "1868100000", "incomeBeforeTax": "9127900000", "incomeTaxExpense": "1582700000", "interestAndDebtExpense": "None", "netIncomeFromContinuingOperations": "7545200000", "comprehensiveIncomeNetOfTax": "None", "ebit": "10313700000", "ebitda": "12181800000", "netIncome": "7545200000"}, {"fiscalDateEnding": "2020-12-31", "reportedCurrency": "USD", "grossProfit": "9752100000", "totalRevenue": "19207800000", "costOfRevenue": "9455700000", "costofGoodsAndServicesSold": "9455700000", "operatingIncome": "7324000000", "sellingGeneralAndAdministrative": "2245000000", "researchAndDevelopment": "None", "operatingExpenses": "2545600000", "investmentIncomeNet": "None", "netInterestIncome": "-1200400000", "interestIncome": "1218100000", "interestExpense": "1218100000", "nonInterestIncome": "None", "otherNonOperatingIncome": "34800000", "depreciation": "None", "depreciationAndAmortization": "1751400000", "incomeBeforeTax": "6140700000", "incomeTaxExpense": "1410200000", "interestAndDebtExpense": "None", "netIncomeFromContinuingOperations": "4730500000", "comprehensiveIncomeNetOfTax": "None", "ebit": "7474000000", "ebitda": "9225400000", "netIncome": "4730500000"}, {"fiscalDateEnding": "2019-12-31", "reportedCurrency": "USD", "grossProfit": "11115300000", "totalRevenue": "21076500000", "costOfRevenue": "9961200000", "costofGoodsAndServicesSold": "9961200000", "operatingIncome": "9069800000", "sellingGeneralAndAdministrative": "2229400000", "researchAndDevelopment": "None", "operatingExpenses": "2229400000", "investmentIncomeNet": "None", "netInterestIncome": "-1084900000", "interestIncome": "37000000", "interestExpense": "1121900000", "nonInterestIncome": "None", "otherNonOperatingIncome": "70200000", "depreciation": "None", "depreciationAndAmortization": "1617900000", "incomeBeforeTax": "8018100000", "incomeTaxExpense": "1992700000", "interestAndDebtExpense": "None", "netIncomeFromContinuingOperations": "6025400000", "comprehensiveIncomeNetOfTax": "None", "ebit": "7444300000", "ebitda": "9062200000", "netIncome": "6025400000"}, {"fiscalDateEnding": "2018-12-31", "reportedCurrency": "USD", "grossProfit": "10786000000", "totalRevenue": "21025200000", "costOfRevenue": "10239200000", "costofGoodsAndServicesSold": "10239200000", "operatingIncome": "8822600000", "sellingGeneralAndAdministrative": "2200200000", "researchAndDevelopment": "None", "operatingExpenses": "2200200000", "investmentIncomeNet": "None", "netInterestIncome": "-977200000", "interestIncome": "4000000", "interestExpense": "981200000", "nonInterestIncome": "None", "otherNonOperatingIncome": "-25300000", "depreciation": "None", "depreciationAndAmortization": "1482000000", "incomeBeforeTax": "7816100000", "incomeTaxExpense": "1891800000", "interestAndDebtExpense": "None", "netIncomeFromContinuingOperations": "5924300000", "comprehensiveIncomeNetOfTax": "None", "ebit": "7235100000", "ebitda": "8717100000", "netIncome": "5924300000"}, {"fiscalDateEnding": "2017-12-31", "reportedCurrency": "USD", "grossProfit": "10620800000", "totalRevenue": "22820400000", "costOfRevenue": "12199600000", "costofGoodsAndServicesSold": "12199600000", "operatingIncome": "9552700000", "sellingGeneralAndAdministrative": "2231300000", "researchAndDevelopment": "None", "operatingExpenses": "2231300000", "investmentIncomeNet": "None", "netInterestIncome": "-914300000", "interestIncome": "7000000", "interestExpense": "921300000", "nonInterestIncome": "None", "otherNonOperatingIncome": "-57900000", "depreciation": "None", "depreciationAndAmortization": "1363400000", "incomeBeforeTax": "8573500000", "incomeTaxExpense": "3381200000", "interestAndDebtExpense": "None", "netIncomeFromContinuingOperations": "5192300000", "comprehensiveIncomeNetOfTax": "None", "ebit": "7178300000", "ebitda": "8541700000", "netIncome": "5192300000"}, {"fiscalDateEnding": "2016-12-31", "reportedCurrency": "USD", "grossProfit": "10204700000", "totalRevenue": "24621900000", "costOfRevenue": "14417200000", "costofGoodsAndServicesSold": "14417200000", "operatingIncome": "7744500000", "sellingGeneralAndAdministrative": "2384500000", "researchAndDevelopment": "0", "operatingExpenses": "2384500000", "investmentIncomeNet": "None", "netInterestIncome": "-880800000", "interestIncome": "4000000", "interestExpense": "884800000", "nonInterestIncome": "None", "otherNonOperatingIncome": "6300000", "depreciation": "None", "depreciationAndAmortization": "1516500000", "incomeBeforeTax": "6866000000", "incomeTaxExpense": "2179500000", "interestAndDebtExpense": "None", "netIncomeFromContinuingOperations": "4686500000", "comprehensiveIncomeNetOfTax": "None", "ebit": "6340300000", "ebitda": "7856800000", "netIncome": "4686500000"}, {"fiscalDateEnding": "2015-12-31", "reportedCurrency": "USD", "grossProfit": "9789200000", "totalRevenue": "25413000000", "costOfRevenue": "15623800000", "costofGoodsAndServicesSold": "15623800000", "operatingIncome": "7145500000", "sellingGeneralAndAdministrative": "2434300000", "researchAndDevelopment": "0", "operatingExpenses": "2434300000", "investmentIncomeNet": "None", "netInterestIncome": "None", "interestIncome": "573300000", "interestExpense": "638300000", "nonInterestIncome": "None", "otherNonOperatingIncome": "48500000", "depreciation": "None", "depreciationAndAmortization": "1555700000", "incomeBeforeTax": "6555700000", "incomeTaxExpense": "2026400000", "interestAndDebtExpense": "None", "netIncomeFromContinuingOperations": "4529300000", "comprehensiveIncomeNetOfTax": "None", "ebit": "5644900000", "ebitda": "7200600000", "netIncome": "4529300000"}, {"fiscalDateEnding": "2014-12-31", "reportedCurrency": "USD", "grossProfit": "10455700000", "totalRevenue": "27441300000", "costOfRevenue": "16985600000", "costofGoodsAndServicesSold": "16985600000", "operatingIncome": "7949200000", "sellingGeneralAndAdministrative": "2487900000", "researchAndDevelopment": "0", "operatingExpenses": "2487900000", "investmentIncomeNet": "None", "netInterestIncome": "None", "interestIncome": "None", "interestExpense": "570500000", "nonInterestIncome": "None", "otherNonOperatingIncome": "-6700000", "depreciation": "None", "depreciationAndAmortization": "1644500000", "incomeBeforeTax": "7372000000", "incomeTaxExpense": "2614200000", "interestAndDebtExpense": "None", "netIncomeFromContinuingOperations": "4757800000", "comprehensiveIncomeNetOfTax": "None", "ebit": "6327400000", "ebitda": "7971900000", "netIncome": "4757800000"}, {"fiscalDateEnding": "2013-12-31", "reportedCurrency": "USD", "grossProfit": "10902700000", "totalRevenue": "28105700000", "costOfRevenue": "17203000000", "costofGoodsAndServicesSold": "17203000000", "operatingIncome": "8764300000", "sellingGeneralAndAdministrative": "2385600000", "researchAndDevelopment": "0", "operatingExpenses": "2385600000", "investmentIncomeNet": "None", "netInterestIncome": "None", "interestIncome": "None", "interestExpense": "521900000", "nonInterestIncome": "None", "otherNonOperatingIncome": "-37900000", "depreciation": "None", "depreciationAndAmortization": "1585100000", "incomeBeforeTax": "8204500000", "incomeTaxExpense": "2618600000", "interestAndDebtExpense": "None", "netIncomeFromContinuingOperations": "5585900000", "comprehensiveIncomeNetOfTax": "None", "ebit": "6980300000", "ebitda": "8565400000", "netIncome": "5585900000"}, {"fiscalDateEnding": "2012-12-31", "reportedCurrency": "USD", "grossProfit": "10816300000", "totalRevenue": "27567000000", "costOfRevenue": "16750700000", "costofGoodsAndServicesSold": "16750700000", "operatingIncome": "8604600000", "sellingGeneralAndAdministrative": "2455200000", "researchAndDevelopment": "0", "operatingExpenses": "2455200000", "investmentIncomeNet": "None", "netInterestIncome": "None", "interestIncome": "None", "interestExpense": "516600000", "nonInterestIncome": "None", "otherNonOperatingIncome": "-9000000", "depreciation": "None", "depreciationAndAmortization": "1488500000", "incomeBeforeTax": "8079000000", "incomeTaxExpense": "2614200000", "interestAndDebtExpense": "None", "netIncomeFromContinuingOperations": "5464800000", "comprehensiveIncomeNetOfTax": "None", "ebit": "7016000000", "ebitda": "8504500000", "netIncome": "5464800000"}, {"fiscalDateEnding": "2011-12-31", "reportedCurrency": "USD", "grossProfit": "10686600000", "totalRevenue": "27006000000", "costOfRevenue": "16319400000", "costofGoodsAndServicesSold": "16319400000", "operatingIncome": "8529700000", "sellingGeneralAndAdministrative": "2393700000", "researchAndDevelopment": "0", "operatingExpenses": "2160800000", "investmentIncomeNet": "None", "netInterestIncome": "None", "interestIncome": "None", "interestExpense": "492800000", "nonInterestIncome": "None", "otherNonOperatingIncome": "-24700000", "depreciation": "None", "depreciationAndAmortization": "1415000000", "incomeBeforeTax": "8012200000", "incomeTaxExpense": "2509100000", "interestAndDebtExpense": "None", "netIncomeFromContinuingOperations": "5503100000", "comprehensiveIncomeNetOfTax": "None", "ebit": "7110800000", "ebitda": "8525800000", "netIncome": "5503100000"}, {"fiscalDateEnding": "2010-12-31", "reportedCurrency": "USD", "grossProfit": "9637300000", "totalRevenue": "24074600000", "costOfRevenue": "14437300000", "costofGoodsAndServicesSold": "14437300000", "operatingIncome": "7473100000", "sellingGeneralAndAdministrative": "2333300000", "researchAndDevelopment": "0", "operatingExpenses": "2135100000", "investmentIncomeNet": "None", "netInterestIncome": "None", "interestIncome": "None", "interestExpense": "450900000", "nonInterestIncome": "None", "otherNonOperatingIncome": "-21900000", "depreciation": "None", "depreciationAndAmortization": "1276200000", "incomeBeforeTax": "7000300000", "incomeTaxExpense": "2054000000", "interestAndDebtExpense": "None", "netIncomeFromContinuingOperations": "4946300000", "comprehensiveIncomeNetOfTax": "None", "ebit": "6226000000", "ebitda": "7502200000", "netIncome": "4946300000"}, {"fiscalDateEnding": "2009-12-31", "reportedCurrency": "USD", "grossProfit": "8791800000", "totalRevenue": "22744700000", "costOfRevenue": "13952900000", "costofGoodsAndServicesSold": "13952900000", "operatingIncome": "6841000000", "sellingGeneralAndAdministrative": "2234200000", "researchAndDevelopment": "0", "operatingExpenses": "2011900000", "investmentIncomeNet": "None", "netInterestIncome": "None", "interestIncome": "None", "interestExpense": "473200000", "nonInterestIncome": "None", "otherNonOperatingIncome": "119200000", "depreciation": "None", "depreciationAndAmortization": "1216200000", "incomeBeforeTax": "6487000000", "incomeTaxExpense": "1936000000", "interestAndDebtExpense": "None", "netIncomeFromContinuingOperations": "4551000000", "comprehensiveIncomeNetOfTax": "None", "ebit": "5658600000", "ebitda": "6874800000", "netIncome": "4551000000"}, {"fiscalDateEnding": "2008-12-31", "reportedCurrency": "USD", "grossProfit": "8639200000", "totalRevenue": "23522400000", "costOfRevenue": "14883200000", "costofGoodsAndServicesSold": "14883200000", "operatingIncome": "6442900000", "sellingGeneralAndAdministrative": "2355500000", "researchAndDevelopment": "None", "operatingExpenses": "3426600000", "investmentIncomeNet": "None", "netInterestIncome": "None", "interestIncome": "None", "interestExpense": "522600000", "nonInterestIncome": "None", "otherNonOperatingIncome": "None", "depreciation": "None", "depreciationAndAmortization": "1207800000", "incomeBeforeTax": "6158000000", "incomeTaxExpense": "1844800000", "interestAndDebtExpense": "None", "netIncomeFromContinuingOperations": "None", "comprehensiveIncomeNetOfTax": "None", "ebit": "5710500000", "ebitda": "6918300000", "netIncome": "4313200000"}, {"fiscalDateEnding": "2007-12-31", "reportedCurrency": "USD", "grossProfit": "7905200000", "totalRevenue": "22786600000", "costOfRevenue": "14881400000", "costofGoodsAndServicesSold": "14881400000", "operatingIncome": "3879000000", "sellingGeneralAndAdministrative": "2367000000", "researchAndDevelopment": "None", "operatingExpenses": "4115100000", "investmentIncomeNet": "None", "netInterestIncome": "None", "interestIncome": "None", "interestExpense": "410100000", "nonInterestIncome": "None", "otherNonOperatingIncome": "None", "depreciation": "None", "depreciationAndAmortization": "1214100000", "incomeBeforeTax": "3572100000", "incomeTaxExpense": "1237100000", "interestAndDebtExpense": "None", "netIncomeFromContinuingOperations": "None", "comprehensiveIncomeNetOfTax": "None", "ebit": "5461700000", "ebitda": "6675800000", "netIncome": "2395100000"}, {"fiscalDateEnding": "2006-12-31", "reportedCurrency": "USD", "grossProfit": "6984300000", "totalRevenue": "21586400000", "costOfRevenue": "14602100000", "costofGoodsAndServicesSold": "14602100000", "operatingIncome": "4445100000", "sellingGeneralAndAdministrative": "2337900000", "researchAndDevelopment": "None", "operatingExpenses": "2577500000", "investmentIncomeNet": "None", "netInterestIncome": "None", "interestIncome": "None", "interestExpense": "402000000", "nonInterestIncome": "None", "otherNonOperatingIncome": "None", "depreciation": "None", "depreciationAndAmortization": "1249900000", "incomeBeforeTax": "4166400000", "incomeTaxExpense": "1293400000", "interestAndDebtExpense": "None", "netIncomeFromContinuingOperations": "None", "comprehensiveIncomeNetOfTax": "None", "ebit": "4561600000", "ebitda": "5811500000", "netIncome": "3544200000"}, {"fiscalDateEnding": "2005-12-31", "reportedCurrency": "USD", "grossProfit": "6324200000", "totalRevenue": "20460200000", "costOfRevenue": "14136000000", "costofGoodsAndServicesSold": "14136000000", "operatingIncome": "4021600000", "sellingGeneralAndAdministrative": "2220600000", "researchAndDevelopment": "None", "operatingExpenses": "2302600000", "investmentIncomeNet": "None", "netInterestIncome": "None", "interestIncome": "None", "interestExpense": "356100000", "nonInterestIncome": "None", "otherNonOperatingIncome": "None", "depreciation": "None", "depreciationAndAmortization": "1249500000", "incomeBeforeTax": "3701600000", "incomeTaxExpense": "1099400000", "interestAndDebtExpense": "None", "netIncomeFromContinuingOperations": "None", "comprehensiveIncomeNetOfTax": "None", "ebit": "4120300000", "ebitda": "5369800000", "netIncome": "2602200000"}], "quarterlyReports": [{"fiscalDateEnding": "2024-12-31", "reportedCurrency": "USD", "grossProfit": "3679000000", "totalRevenue": "6388000000", "costOfRevenue": "2709000000", "costofGoodsAndServicesSold": "2709000000", "operatingIncome": "2868000000", "sellingGeneralAndAdministrative": "664000000", "researchAndDevelopment": "None", "operatingExpenses": "811000000", "investmentIncomeNet": "None", "netInterestIncome": "-362000000", "interestIncome": "18000000", "interestExpense": "380000000", "nonInterestIncome": "None", "otherNonOperatingIncome": "None", "depreciation": "None", "depreciationAndAmortization": "553000000", "incomeBeforeTax": "2538000000", "incomeTaxExpense": "521000000", "interestAndDebtExpense": "None", "netIncomeFromContinuingOperations": "2017000000", "comprehensiveIncomeNetOfTax": "None", "ebit": "2918000000", "ebitda": "3471000000", "netIncome": "2016000000"}, {"fiscalDateEnding": "2024-09-30", "reportedCurrency": "USD", "grossProfit": "3876000000", "totalRevenue": "6874000000", "costOfRevenue": "2998000000", "costofGoodsAndServicesSold": "2998000000", "operatingIncome": "3188000000", "sellingGeneralAndAdministrative": "536000000", "researchAndDevelopment": "None", "operatingExpenses": "688000000", "investmentIncomeNet": "None", "netInterestIncome": "-363000000", "interestIncome": "18000000", "interestExpense": "381000000", "nonInterestIncome": "None", "otherNonOperatingIncome": "None", "depreciation": "None", "depreciationAndAmortization": "532000000", "incomeBeforeTax": "2843000000", "incomeTaxExpense": "588000000", "interestAndDebtExpense": "None", "netIncomeFromContinuingOperations": "2255000000", "comprehensiveIncomeNetOfTax": "None", "ebit": "3224000000", "ebitda": "3756000000", "netIncome": "2255000000"}, {"fiscalDateEnding": "2024-06-30", "reportedCurrency": "USD", "grossProfit": "3718000000", "totalRevenue": "6490000000", "costOfRevenue": "2772000000", "costofGoodsAndServicesSold": "2772000000", "operatingIncome": "2920000000", "sellingGeneralAndAdministrative": "590000000", "researchAndDevelopment": "None", "operatingExpenses": "798000000", "investmentIncomeNet": "None", "netInterestIncome": "-353000000", "interestIncome": "20000000", "interestExpense": "373000000", "nonInterestIncome": "None", "otherNonOperatingIncome": "None", "depreciation": "None", "depreciationAndAmortization": "502000000", "incomeBeforeTax": "2555000000", "incomeTaxExpense": "533000000", "interestAndDebtExpense": "None", "netIncomeFromContinuingOperations": "2022000000", "comprehensiveIncomeNetOfTax": "None", "ebit": "2928000000", "ebitda": "3430000000", "netIncome": "2022000000"}, {"fiscalDateEnding": "2024-03-31", "reportedCurrency": "USD", "grossProfit": "3439000000", "totalRevenue": "6169000000", "costOfRevenue": "2730000000", "costofGoodsAndServicesSold": "2730000000", "operatingIncome": "2736000000", "sellingGeneralAndAdministrative": "622000000", "researchAndDevelopment": "None", "operatingExpenses": "703000000", "investmentIncomeNet": "None", "netInterestIncome": "-325000000", "interestIncome": "47000000", "interestExpense": "372000000", "nonInterestIncome": "None", "otherNonOperatingIncome": "None", "depreciation": "None", "depreciationAndAmortization": "510000000", "incomeBeforeTax": "2409000000", "incomeTaxExpense": "479000000", "interestAndDebtExpense": "None", "netIncomeFromContinuingOperations": "1930000000", "comprehensiveIncomeNetOfTax": "None", "ebit": "2781000000", "ebitda": "3291000000", "netIncome": "1929000000"}, {"fiscalDateEnding": "2023-12-31", "reportedCurrency": "USD", "grossProfit": "3563700000", "totalRevenue": "6406200000", "costOfRevenue": "2842500000", "costofGoodsAndServicesSold": "2842500000", "operatingIncome": "2832800000", "sellingGeneralAndAdministrative": "553300000", "researchAndDevelopment": "None", "operatingExpenses": "730900000", "investmentIncomeNet": "None", "netInterestIncome": "-296300000", "interestIncome": "63900000", "interestExpense": "360200000", "nonInterestIncome": "None", "otherNonOperatingIncome": "None", "depreciation": "None", "depreciationAndAmortization": "497500000", "incomeBeforeTax": "2515000000", "incomeTaxExpense": "476000000", "interestAndDebtExpense": "None", "netIncomeFromContinuingOperations": "2039000000", "comprehensiveIncomeNetOfTax": "None", "ebit": "2832500000", "ebitda": "3330000000", "netIncome": "2039000000"}, {"fiscalDateEnding": "2023-09-30", "reportedCurrency": "USD", "grossProfit": "3863700000", "totalRevenue": "6692200000", "costOfRevenue": "2828500000", "costofGoodsAndServicesSold": "2828500000", "operatingIncome": "3208300000", "sellingGeneralAndAdministrative": "583500000", "researchAndDevelopment": "None", "operatingExpenses": "655400000", "investmentIncomeNet": "None", "netInterestIncome": "-340700000", "interestIncome": "340700000", "interestExpense": "340700000", "nonInterestIncome": "None", "otherNonOperatingIncome": "None", "depreciation": "None", "depreciationAndAmortization": "498000000", "incomeBeforeTax": "2923500000", "incomeTaxExpense": "606400000", "interestAndDebtExpense": "None", "netIncomeFromContinuingOperations": "2317100000", "comprehensiveIncomeNetOfTax": "None", "ebit": "2862900000", "ebitda": "3360900000", "netIncome": "2317100000"}, {"fiscalDateEnding": "2023-06-30", "reportedCurrency": "USD", "grossProfit": "3731000000", "totalRevenue": "6497500000", "costOfRevenue": "2766500000", "costofGoodsAndServicesSold": "2766500000", "operatingIncome": "3104100000", "sellingGeneralAndAdministrative": "567500000", "researchAndDevelopment": "None", "operatingExpenses": "626900000", "investmentIncomeNet": "None", "netInterestIncome": "-330200000", "interestIncome": "330200000", "interestExpense": "330200000", "nonInterestIncome": "None", "otherNonOperatingIncome": "42800000", "depreciation": "None", "depreciationAndAmortization": "95200000", "incomeBeforeTax": "2816700000", "incomeTaxExpense": "506300000", "interestAndDebtExpense": "None", "netIncomeFromContinuingOperations": "2310400000", "comprehensiveIncomeNetOfTax": "None", "ebit": "3146900000", "ebitda": "3242100000", "netIncome": "2310400000"}, {"fiscalDateEnding": "2023-03-31", "reportedCurrency": "USD", "grossProfit": "3313600000", "totalRevenue": "5897800000", "costOfRevenue": "2584200000", "costofGoodsAndServicesSold": "2584200000", "operatingIncome": "2532400000", "sellingGeneralAndAdministrative": "553300000", "researchAndDevelopment": "None", "operatingExpenses": "781200000", "investmentIncomeNet": "None", "netInterestIncome": "-329700000", "interestIncome": "329700000", "interestExpense": "329700000", "nonInterestIncome": "None", "otherNonOperatingIncome": "64300000", "depreciation": "None", "depreciationAndAmortization": "99300000", "incomeBeforeTax": "2267000000", "incomeTaxExpense": "464700000", "interestAndDebtExpense": "None", "netIncomeFromContinuingOperations": "1802300000", "comprehensiveIncomeNetOfTax": "None", "ebit": "2596700000", "ebitda": "2696000000", "netIncome": "1802000000"}, {"fiscalDateEnding": "2022-12-31", "reportedCurrency": "USD", "grossProfit": "3408900000", "totalRevenue": "5926500000", "costOfRevenue": "2517600000", "costofGoodsAndServicesSold": "2517600000", "operatingIncome": "2582700000", "sellingGeneralAndAdministrative": "720300000", "researchAndDevelopment": "None", "operatingExpenses": "811700000", "investmentIncomeNet": "None", "netInterestIncome": "-322900000", "interestIncome": "322900000", "interestExpense": "322900000", "nonInterestIncome": "None", "otherNonOperatingIncome": "79100000", "depreciation": "None", "depreciationAndAmortization": "91400000", "incomeBeforeTax": "2338900000", "incomeTaxExpense": "435500000", "interestAndDebtExpense": "None", "netIncomeFromContinuingOperations": "1903400000", "comprehensiveIncomeNetOfTax": "None", "ebit": "2655700000", "ebitda": "2747100000", "netIncome": "1903400000"}, {"fiscalDateEnding": "2022-09-30", "reportedCurrency": "USD", "grossProfit": "3446100000", "totalRevenue": "5872100000", "costOfRevenue": "2426000000", "costofGoodsAndServicesSold": "2426000000", "operatingIncome": "2763900000", "sellingGeneralAndAdministrative": "633800000", "researchAndDevelopment": "None", "operatingExpenses": "682200000", "investmentIncomeNet": "None", "netInterestIncome": "-306200000", "interestIncome": "306200000", "interestExpense": "306200000", "nonInterestIncome": "None", "otherNonOperatingIncome": "78500000", "depreciation": "None", "depreciationAndAmortization": "93300000", "incomeBeforeTax": "2536200000", "incomeTaxExpense": "554600000", "interestAndDebtExpense": "None", "netIncomeFromContinuingOperations": "1981600000", "comprehensiveIncomeNetOfTax": "None", "ebit": "2842400000", "ebitda": "2935700000", "netIncome": "1981600000"}, {"fiscalDateEnding": "2022-06-30", "reportedCurrency": "USD", "grossProfit": "3302100000", "totalRevenue": "5718400000", "costOfRevenue": "2416300000", "costofGoodsAndServicesSold": "2416300000", "operatingIncome": "1711800000", "sellingGeneralAndAdministrative": "611200000", "researchAndDevelopment": "None", "operatingExpenses": "1590300000", "investmentIncomeNet": "None", "netInterestIncome": "-290600000", "interestIncome": "4600000", "interestExpense": "290600000", "nonInterestIncome": "None", "otherNonOperatingIncome": "-12100000", "depreciation": "None", "depreciationAndAmortization": "93000000", "incomeBeforeTax": "1409100000", "incomeTaxExpense": "221100000", "interestAndDebtExpense": "None", "netIncomeFromContinuingOperations": "1188000000", "comprehensiveIncomeNetOfTax": "None", "ebit": "1699700000", "ebitda": "1792700000", "netIncome": "1188000000"}, {"fiscalDateEnding": "2022-03-31", "reportedCurrency": "USD", "grossProfit": "3050100000", "totalRevenue": "5665600000", "costOfRevenue": "2615500000", "costofGoodsAndServicesSold": "2615500000", "operatingIncome": "2312600000", "sellingGeneralAndAdministrative": "584300000", "researchAndDevelopment": "None", "operatingExpenses": "677000000", "investmentIncomeNet": "None", "netInterestIncome": "-284700000", "interestIncome": "2600000", "interestExpense": "287300000", "nonInterestIncome": "None", "otherNonOperatingIncome": "-484100000", "depreciation": "None", "depreciationAndAmortization": "92700000", "incomeBeforeTax": "1541200000", "incomeTaxExpense": "436800000", "interestAndDebtExpense": "None", "netIncomeFromContinuingOperations": "1104400000", "comprehensiveIncomeNetOfTax": "None", "ebit": "1909000000", "ebitda": "2001700000", "netIncome": "1104400000"}, {"fiscalDateEnding": "2021-12-31", "reportedCurrency": "USD", "grossProfit": "3261000000", "totalRevenue": "6009100000", "costOfRevenue": "2748100000", "costofGoodsAndServicesSold": "2748100000", "operatingIncome": "2397100000", "sellingGeneralAndAdministrative": "755400000", "researchAndDevelopment": "None", "operatingExpenses": "841900000", "investmentIncomeNet": "None", "netInterestIncome": "-292900000", "interestIncome": "295600000", "interestExpense": "295600000", "nonInterestIncome": "None", "otherNonOperatingIncome": "6300000", "depreciation": "None", "depreciationAndAmortization": "86500000", "incomeBeforeTax": "2107800000", "incomeTaxExpense": "469000000", "interestAndDebtExpense": "None", "netIncomeFromContinuingOperations": "1638800000", "comprehensiveIncomeNetOfTax": "None", "ebit": "2470300000", "ebitda": "2556800000", "netIncome": "1638800000"}, {"fiscalDateEnding": "2021-09-30", "reportedCurrency": "USD", "grossProfit": "3431400000", "totalRevenue": "6201300000", "costOfRevenue": "2769900000", "costofGoodsAndServicesSold": "2769900000", "operatingIncome": "2986500000", "sellingGeneralAndAdministrative": "559600000", "researchAndDevelopment": "None", "operatingExpenses": "444900000", "investmentIncomeNet": "None", "netInterestIncome": "-293700000", "interestIncome": "293700000", "interestExpense": "293700000", "nonInterestIncome": "None", "otherNonOperatingIncome": "-1400000", "depreciation": "None", "depreciationAndAmortization": "84100000", "incomeBeforeTax": "2691400000", "incomeTaxExpense": "541500000", "interestAndDebtExpense": "None", "netIncomeFromContinuingOperations": "2149900000", "comprehensiveIncomeNetOfTax": "None", "ebit": "2985100000", "ebitda": "3069200000", "netIncome": "2149900000"}, {"fiscalDateEnding": "2021-06-30", "reportedCurrency": "USD", "grossProfit": "3219500000", "totalRevenue": "5887900000", "costOfRevenue": "2668400000", "costofGoodsAndServicesSold": "2668400000", "operatingIncome": "2691100000", "sellingGeneralAndAdministrative": "572400000", "researchAndDevelopment": "None", "operatingExpenses": "528400000", "investmentIncomeNet": "None", "netInterestIncome": "-296500000", "interestIncome": "296500000", "interestExpense": "296500000", "nonInterestIncome": "None", "otherNonOperatingIncome": "-18600000", "depreciation": "None", "depreciationAndAmortization": "83100000", "incomeBeforeTax": "2376000000", "incomeTaxExpense": "156700000", "interestAndDebtExpense": "None", "netIncomeFromContinuingOperations": "2219300000", "comprehensiveIncomeNetOfTax": "None", "ebit": "2672500000", "ebitda": "2755600000", "netIncome": "2219300000"}, {"fiscalDateEnding": "2021-03-31", "reportedCurrency": "USD", "grossProfit": "2668300000", "totalRevenue": "5124600000", "costOfRevenue": "2456300000", "costofGoodsAndServicesSold": "2456300000", "operatingIncome": "2281300000", "sellingGeneralAndAdministrative": "557600000", "researchAndDevelopment": "None", "operatingExpenses": "387000000", "investmentIncomeNet": "None", "netInterestIncome": "-300000000", "interestIncome": "300000000", "interestExpense": "300000000", "nonInterestIncome": "None", "otherNonOperatingIncome": "-28600000", "depreciation": "None", "depreciationAndAmortization": "76000000", "incomeBeforeTax": "1952700000", "incomeTaxExpense": "415500000", "interestAndDebtExpense": "None", "netIncomeFromContinuingOperations": "1537200000", "comprehensiveIncomeNetOfTax": "None", "ebit": "2252700000", "ebitda": "2328700000", "netIncome": "1537200000"}, {"fiscalDateEnding": "2020-12-31", "reportedCurrency": "USD", "grossProfit": "2780200000", "totalRevenue": "5313800000", "costOfRevenue": "2533600000", "costofGoodsAndServicesSold": "2533600000", "operatingIncome": "2142900000", "sellingGeneralAndAdministrative": "698000000", "researchAndDevelopment": "None", "operatingExpenses": "778300000", "investmentIncomeNet": "None", "netInterestIncome": "-305000000", "interestIncome": "308900000", "interestExpense": "308900000", "nonInterestIncome": "None", "otherNonOperatingIncome": "-4000000", "depreciation": "None", "depreciationAndAmortization": "80300000", "incomeBeforeTax": "1830000000", "incomeTaxExpense": "452800000", "interestAndDebtExpense": "None", "netIncomeFromContinuingOperations": "1377200000", "comprehensiveIncomeNetOfTax": "None", "ebit": "2062500000", "ebitda": "2142800000", "netIncome": "1377200000"}, {"fiscalDateEnding": "2020-09-30", "reportedCurrency": "USD", "grossProfit": "2904700000", "totalRevenue": "5418100000", "costOfRevenue": "2513400000", "costofGoodsAndServicesSold": "2513400000", "operatingIncome": "2526400000", "sellingGeneralAndAdministrative": "454700000", "researchAndDevelopment": "None", "operatingExpenses": "378300000", "investmentIncomeNet": "None", "netInterestIncome": "-306700000", "interestIncome": "307300000", "interestExpense": "310100000", "nonInterestIncome": "None", "otherNonOperatingIncome": "800000", "depreciation": "None", "depreciationAndAmortization": "440100000", "incomeBeforeTax": "2217100000", "incomeTaxExpense": "454500000", "interestAndDebtExpense": "None", "netIncomeFromContinuingOperations": "1762600000", "comprehensiveIncomeNetOfTax": "None", "ebit": "2527200000", "ebitda": "2967300000", "netIncome": "1762600000"}, {"fiscalDateEnding": "2020-06-30", "reportedCurrency": "USD", "grossProfit": "1725300000", "totalRevenue": "3761500000", "costOfRevenue": "2036200000", "costofGoodsAndServicesSold": "2036200000", "operatingIncome": "961100000", "sellingGeneralAndAdministrative": "576000000", "researchAndDevelopment": "None", "operatingExpenses": "764200000", "investmentIncomeNet": "None", "netInterestIncome": "-314100000", "interestIncome": "313500000", "interestExpense": "319100000", "nonInterestIncome": "None", "otherNonOperatingIncome": "6700000", "depreciation": "None", "depreciationAndAmortization": "71000000", "incomeBeforeTax": "648700000", "incomeTaxExpense": "164900000", "interestAndDebtExpense": "None", "netIncomeFromContinuingOperations": "483800000", "comprehensiveIncomeNetOfTax": "None", "ebit": "967800000", "ebitda": "1038800000", "netIncome": "483800000"}, {"fiscalDateEnding": "2020-03-31", "reportedCurrency": "USD", "grossProfit": "2341900000", "totalRevenue": "4714400000", "costOfRevenue": "2372500000", "costofGoodsAndServicesSold": "2372500000", "operatingIncome": "1693600000", "sellingGeneralAndAdministrative": "516300000", "researchAndDevelopment": "None", "operatingExpenses": "648300000", "investmentIncomeNet": "None", "netInterestIncome": "-274600000", "interestIncome": "5400000", "interestExpense": "280000000", "nonInterestIncome": "None", "otherNonOperatingIncome": "31300000", "depreciation": "None", "depreciationAndAmortization": "73500000", "incomeBeforeTax": "1444900000", "incomeTaxExpense": "338000000", "interestAndDebtExpense": "None", "netIncomeFromContinuingOperations": "1106900000", "comprehensiveIncomeNetOfTax": "None", "ebit": "1724900000", "ebitda": "1798400000", "netIncome": "1106900000"}, {"fiscalDateEnding": "2019-12-31", "reportedCurrency": "USD", "grossProfit": "2846100000", "totalRevenue": "5349000000", "costOfRevenue": "2502900000", "costofGoodsAndServicesSold": "2502900000", "operatingIncome": "2376400000", "sellingGeneralAndAdministrative": "653600000", "researchAndDevelopment": "None", "operatingExpenses": "653600000", "investmentIncomeNet": "None", "netInterestIncome": "-275600000", "interestIncome": "7400000", "interestExpense": "283000000", "nonInterestIncome": "None", "otherNonOperatingIncome": "17200000", "depreciation": "None", "depreciationAndAmortization": "413600000", "incomeBeforeTax": "2026800000", "incomeTaxExpense": "454600000", "interestAndDebtExpense": "None", "netIncomeFromContinuingOperations": "1572200000", "comprehensiveIncomeNetOfTax": "None", "ebit": "1828700000", "ebitda": "2242300000", "netIncome": "1572200000"}, {"fiscalDateEnding": "2019-09-30", "reportedCurrency": "USD", "grossProfit": "2903400000", "totalRevenue": "5430600000", "costOfRevenue": "2527200000", "costofGoodsAndServicesSold": "2527200000", "operatingIncome": "2409300000", "sellingGeneralAndAdministrative": "543600000", "researchAndDevelopment": "None", "operatingExpenses": "543600000", "investmentIncomeNet": "None", "netInterestIncome": "-271700000", "interestIncome": "8900000", "interestExpense": "280600000", "nonInterestIncome": "None", "otherNonOperatingIncome": "23500000", "depreciation": "None", "depreciationAndAmortization": "413400000", "incomeBeforeTax": "2152200000", "incomeTaxExpense": "544300000", "interestAndDebtExpense": "None", "netIncomeFromContinuingOperations": "1607900000", "comprehensiveIncomeNetOfTax": "None", "ebit": "1993900000", "ebitda": "2407300000", "netIncome": "1607900000"}, {"fiscalDateEnding": "2019-06-30", "reportedCurrency": "USD", "grossProfit": "2829500000", "totalRevenue": "5341300000", "costOfRevenue": "2511800000", "costofGoodsAndServicesSold": "2511800000", "operatingIncome": "2273900000", "sellingGeneralAndAdministrative": "533100000", "researchAndDevelopment": "None", "operatingExpenses": "533100000", "investmentIncomeNet": "None", "netInterestIncome": "-273500000", "interestIncome": "10700000", "interestExpense": "284200000", "nonInterestIncome": "None", "otherNonOperatingIncome": "18100000", "depreciation": "None", "depreciationAndAmortization": "398300000", "incomeBeforeTax": "2007800000", "incomeTaxExpense": "490900000", "interestAndDebtExpense": "None", "netIncomeFromContinuingOperations": "1516900000", "comprehensiveIncomeNetOfTax": "None", "ebit": "1939900000", "ebitda": "2338200000", "netIncome": "1516900000"}, {"fiscalDateEnding": "2019-03-31", "reportedCurrency": "USD", "grossProfit": "2536300000", "totalRevenue": "4955600000", "costOfRevenue": "2419300000", "costofGoodsAndServicesSold": "2419300000", "operatingIncome": "2094000000", "sellingGeneralAndAdministrative": "499100000", "researchAndDevelopment": "None", "operatingExpenses": "499100000", "investmentIncomeNet": "None", "netInterestIncome": "-264100000", "interestIncome": "10000000", "interestExpense": "274100000", "nonInterestIncome": "None", "otherNonOperatingIncome": "11400000", "depreciation": "None", "depreciationAndAmortization": "392600000", "incomeBeforeTax": "1831300000", "incomeTaxExpense": "502900000", "interestAndDebtExpense": "None", "netIncomeFromContinuingOperations": "1328400000", "comprehensiveIncomeNetOfTax": "None", "ebit": "1681800000", "ebitda": "2074400000", "netIncome": "1328400000"}, {"fiscalDateEnding": "2018-12-31", "reportedCurrency": "USD", "grossProfit": "2696700000", "totalRevenue": "5163000000", "costOfRevenue": "2466300000", "costofGoodsAndServicesSold": "2466300000", "operatingIncome": "2323700000", "sellingGeneralAndAdministrative": "609800000", "researchAndDevelopment": "0", "operatingExpenses": "609800000", "investmentIncomeNet": "None", "netInterestIncome": "None", "interestIncome": "None", "interestExpense": "255000000", "nonInterestIncome": "None", "otherNonOperatingIncome": "6000000", "depreciation": "None", "depreciationAndAmortization": "379000000", "incomeBeforeTax": "1751400000", "incomeTaxExpense": "336100000", "interestAndDebtExpense": "None", "netIncomeFromContinuingOperations": "1415300000", "comprehensiveIncomeNetOfTax": "None", "ebit": "1738900000", "ebitda": "2117900000", "netIncome": "1415300000"}, {"fiscalDateEnding": "2018-09-30", "reportedCurrency": "USD", "grossProfit": "2822100000", "totalRevenue": "5369400000", "costOfRevenue": "2547300000", "costofGoodsAndServicesSold": "2547300000", "operatingIncome": "2417700000", "sellingGeneralAndAdministrative": "515200000", "researchAndDevelopment": "0", "operatingExpenses": "515200000", "investmentIncomeNet": "None", "netInterestIncome": "None", "interestIncome": "None", "interestExpense": "251300000", "nonInterestIncome": "None", "otherNonOperatingIncome": "-8900000", "depreciation": "None", "depreciationAndAmortization": "375100000", "incomeBeforeTax": "2158700000", "incomeTaxExpense": "521400000", "interestAndDebtExpense": "None", "netIncomeFromContinuingOperations": "1637300000", "comprehensiveIncomeNetOfTax": "None", "ebit": "1959800000", "ebitda": "2334900000", "netIncome": "1637300000"}, {"fiscalDateEnding": "2018-06-30", "reportedCurrency": "USD", "grossProfit": "2739500000", "totalRevenue": "5353900000", "costOfRevenue": "2614400000", "costofGoodsAndServicesSold": "2614400000", "operatingIncome": "2262300000", "sellingGeneralAndAdministrative": "542100000", "researchAndDevelopment": "0", "operatingExpenses": "542100000", "investmentIncomeNet": "None", "netInterestIncome": "None", "interestIncome": "None", "interestExpense": "240200000", "nonInterestIncome": "None", "otherNonOperatingIncome": "-4000000", "depreciation": "None", "depreciationAndAmortization": "365000000", "incomeBeforeTax": "2018100000", "incomeTaxExpense": "521800000", "interestAndDebtExpense": "None", "netIncomeFromContinuingOperations": "1496300000", "comprehensiveIncomeNetOfTax": "None", "ebit": "1866100000", "ebitda": "2231100000", "netIncome": "1496300000"}, {"fiscalDateEnding": "2018-03-31", "reportedCurrency": "USD", "grossProfit": "2527700000", "totalRevenue": "5138900000", "costOfRevenue": "2611200000", "costofGoodsAndServicesSold": "2611200000", "operatingIncome": "2143100000", "sellingGeneralAndAdministrative": "533100000", "researchAndDevelopment": "0", "operatingExpenses": "533100000", "investmentIncomeNet": "None", "netInterestIncome": "None", "interestIncome": "None", "interestExpense": "236800000", "nonInterestIncome": "None", "otherNonOperatingIncome": "-18400000", "depreciation": "None", "depreciationAndAmortization": "362900000", "incomeBeforeTax": "1887900000", "incomeTaxExpense": "512500000", "interestAndDebtExpense": "None", "netIncomeFromContinuingOperations": "1375400000", "comprehensiveIncomeNetOfTax": "None", "ebit": "1672400000", "ebitda": "2035300000", "netIncome": "1375400000"}, {"fiscalDateEnding": "2017-12-31", "reportedCurrency": "USD", "grossProfit": "2665500000", "totalRevenue": "5340200000", "costOfRevenue": "2674700000", "costofGoodsAndServicesSold": "2674700000", "operatingIncome": "3211100000", "sellingGeneralAndAdministrative": "617600000", "researchAndDevelopment": "0", "operatingExpenses": "617600000", "investmentIncomeNet": "None", "netInterestIncome": "None", "interestIncome": "None", "interestExpense": "235100000", "nonInterestIncome": "None", "otherNonOperatingIncome": "-24000000", "depreciation": "None", "depreciationAndAmortization": "342800000", "incomeBeforeTax": "1885100000", "incomeTaxExpense": "1186400000", "interestAndDebtExpense": "None", "netIncomeFromContinuingOperations": "698700000", "comprehensiveIncomeNetOfTax": "None", "ebit": "1779000000", "ebitda": "2121800000", "netIncome": "698700000"}, {"fiscalDateEnding": "2017-09-30", "reportedCurrency": "USD", "grossProfit": "2817500000", "totalRevenue": "5754600000", "costOfRevenue": "2937100000", "costofGoodsAndServicesSold": "2937100000", "operatingIncome": "3079400000", "sellingGeneralAndAdministrative": "567000000", "researchAndDevelopment": "0", "operatingExpenses": "567000000", "investmentIncomeNet": "None", "netInterestIncome": "None", "interestIncome": "None", "interestExpense": "236700000", "nonInterestIncome": "None", "otherNonOperatingIncome": "-23200000", "depreciation": "None", "depreciationAndAmortization": "355800000", "incomeBeforeTax": "2819500000", "incomeTaxExpense": "935800000", "interestAndDebtExpense": "None", "netIncomeFromContinuingOperations": "1883700000", "comprehensiveIncomeNetOfTax": "None", "ebit": "1917800000", "ebitda": "2273600000", "netIncome": "1883700000"}, {"fiscalDateEnding": "2017-06-30", "reportedCurrency": "USD", "grossProfit": "2708400000", "totalRevenue": "6049700000", "costOfRevenue": "3341300000", "costofGoodsAndServicesSold": "3341300000", "operatingIncome": "2295100000", "sellingGeneralAndAdministrative": "525400000", "researchAndDevelopment": "0", "operatingExpenses": "525400000", "investmentIncomeNet": "None", "netInterestIncome": "None", "interestIncome": "None", "interestExpense": "230900000", "nonInterestIncome": "None", "otherNonOperatingIncome": "-2800000", "depreciation": "None", "depreciationAndAmortization": "339500000", "incomeBeforeTax": "2061400000", "incomeTaxExpense": "666300000", "interestAndDebtExpense": "None", "netIncomeFromContinuingOperations": "1395100000", "comprehensiveIncomeNetOfTax": "None", "ebit": "1867600000", "ebitda": "2207100000", "netIncome": "1395100000"}, {"fiscalDateEnding": "2017-03-31", "reportedCurrency": "USD", "grossProfit": "2429400000", "totalRevenue": "5675900000", "costOfRevenue": "3246500000", "costofGoodsAndServicesSold": "3246500000", "operatingIncome": "2034000000", "sellingGeneralAndAdministrative": "521300000", "researchAndDevelopment": "0", "operatingExpenses": "521300000", "investmentIncomeNet": "None", "netInterestIncome": "None", "interestIncome": "None", "interestExpense": "220400000", "nonInterestIncome": "None", "otherNonOperatingIncome": "-7900000", "depreciation": "None", "depreciationAndAmortization": "325300000", "incomeBeforeTax": "1807500000", "incomeTaxExpense": "592700000", "interestAndDebtExpense": "None", "netIncomeFromContinuingOperations": "1214800000", "comprehensiveIncomeNetOfTax": "None", "ebit": "1615700000", "ebitda": "1941000000", "netIncome": "1214800000"}, {"fiscalDateEnding": "2016-12-31", "reportedCurrency": "USD", "grossProfit": "2558200000", "totalRevenue": "6028900000", "costOfRevenue": "3470700000", "costofGoodsAndServicesSold": "3470700000", "operatingIncome": "1855000000", "sellingGeneralAndAdministrative": "627500000", "researchAndDevelopment": "0", "operatingExpenses": "627500000", "investmentIncomeNet": "None", "netInterestIncome": "None", "interestIncome": "None", "interestExpense": "223600000", "nonInterestIncome": "None", "otherNonOperatingIncome": "-12900000", "depreciation": "None", "depreciationAndAmortization": "378900000", "incomeBeforeTax": "1734900000", "incomeTaxExpense": "541500000", "interestAndDebtExpense": "None", "netIncomeFromContinuingOperations": "1219600000", "comprehensiveIncomeNetOfTax": "None", "ebit": "1569600000", "ebitda": "1948500000", "netIncome": "1193400000"}, {"fiscalDateEnding": "2016-09-30", "reportedCurrency": "USD", "grossProfit": "2747000000", "totalRevenue": "6424100000", "costOfRevenue": "3677100000", "costofGoodsAndServicesSold": "3677100000", "operatingIncome": "2137300000", "sellingGeneralAndAdministrative": "582900000", "researchAndDevelopment": "0", "operatingExpenses": "582900000", "investmentIncomeNet": "None", "netInterestIncome": "None", "interestIncome": "None", "interestExpense": "222200000", "nonInterestIncome": "None", "otherNonOperatingIncome": "-11400000", "depreciation": "None", "depreciationAndAmortization": "370600000", "incomeBeforeTax": "1904500000", "incomeTaxExpense": "629100000", "interestAndDebtExpense": "None", "netIncomeFromContinuingOperations": "1275400000", "comprehensiveIncomeNetOfTax": "None", "ebit": "1814100000", "ebitda": "2184700000", "netIncome": "1275400000"}, {"fiscalDateEnding": "2016-06-30", "reportedCurrency": "USD", "grossProfit": "2586000000", "totalRevenue": "6265000000", "costOfRevenue": "3679000000", "costofGoodsAndServicesSold": "3679000000", "operatingIncome": "1857900000", "sellingGeneralAndAdministrative": "596100000", "researchAndDevelopment": "0", "operatingExpenses": "596100000", "investmentIncomeNet": "None", "netInterestIncome": "None", "interestIncome": "None", "interestExpense": "223900000", "nonInterestIncome": "None", "otherNonOperatingIncome": "16200000", "depreciation": "None", "depreciationAndAmortization": "383300000", "incomeBeforeTax": "1650200000", "incomeTaxExpense": "557300000", "interestAndDebtExpense": "None", "netIncomeFromContinuingOperations": "1092900000", "comprehensiveIncomeNetOfTax": "None", "ebit": "1609400000", "ebitda": "1992700000", "netIncome": "1092900000"}, {"fiscalDateEnding": "2016-03-31", "reportedCurrency": "USD", "grossProfit": "2313500000", "totalRevenue": "5903900000", "costOfRevenue": "3590400000", "costofGoodsAndServicesSold": "3590400000", "operatingIncome": "1780300000", "sellingGeneralAndAdministrative": "578000000", "researchAndDevelopment": "0", "operatingExpenses": "578000000", "investmentIncomeNet": "None", "netInterestIncome": "None", "interestIncome": "None", "interestExpense": "218300000", "nonInterestIncome": "None", "otherNonOperatingIncome": "14400000", "depreciation": "None", "depreciationAndAmortization": "383700000", "incomeBeforeTax": "1576400000", "incomeTaxExpense": "477800000", "interestAndDebtExpense": "None", "netIncomeFromContinuingOperations": "1098600000", "comprehensiveIncomeNetOfTax": "None", "ebit": "1350400000", "ebitda": "1734100000", "netIncome": "1098600000"}, {"fiscalDateEnding": "2015-12-31", "reportedCurrency": "USD", "grossProfit": "2506500000", "totalRevenue": "6341300000", "costOfRevenue": "3834800000", "costofGoodsAndServicesSold": "3834800000", "operatingIncome": "1622000000", "sellingGeneralAndAdministrative": "675100000", "researchAndDevelopment": "0", "operatingExpenses": "675100000", "investmentIncomeNet": "None", "netInterestIncome": "None", "interestIncome": "None", "interestExpense": "180900000", "nonInterestIncome": "None", "otherNonOperatingIncome": "11300000", "depreciation": "None", "depreciationAndAmortization": "389700000", "incomeBeforeTax": "1710800000", "incomeTaxExpense": "504600000", "interestAndDebtExpense": "None", "netIncomeFromContinuingOperations": "1206200000", "comprehensiveIncomeNetOfTax": "None", "ebit": "1391700000", "ebitda": "1781400000", "netIncome": "1206200000"}, {"fiscalDateEnding": "2015-09-30", "reportedCurrency": "USD", "grossProfit": "2591300000", "totalRevenue": "6615100000", "costOfRevenue": "4023800000", "costofGoodsAndServicesSold": "4023800000", "operatingIncome": "2030300000", "sellingGeneralAndAdministrative": "584000000", "researchAndDevelopment": "0", "operatingExpenses": "584000000", "investmentIncomeNet": "None", "netInterestIncome": "None", "interestIncome": "None", "interestExpense": "160900000", "nonInterestIncome": "None", "otherNonOperatingIncome": "9000000", "depreciation": "None", "depreciationAndAmortization": "387700000", "incomeBeforeTax": "1878400000", "incomeTaxExpense": "569200000", "interestAndDebtExpense": "None", "netIncomeFromContinuingOperations": "1309200000", "comprehensiveIncomeNetOfTax": "None", "ebit": "1609700000", "ebitda": "1997400000", "netIncome": "1309200000"}, {"fiscalDateEnding": "2015-06-30", "reportedCurrency": "USD", "grossProfit": "2490400000", "totalRevenue": "6497700000", "costOfRevenue": "4007300000", "costofGoodsAndServicesSold": "4007300000", "operatingIncome": "1849300000", "sellingGeneralAndAdministrative": "592400000", "researchAndDevelopment": "0", "operatingExpenses": "592400000", "investmentIncomeNet": "None", "netInterestIncome": "None", "interestIncome": "None", "interestExpense": "149200000", "nonInterestIncome": "None", "otherNonOperatingIncome": "12300000", "depreciation": "None", "depreciationAndAmortization": "392200000", "incomeBeforeTax": "1712400000", "incomeTaxExpense": "510000000", "interestAndDebtExpense": "None", "netIncomeFromContinuingOperations": "1202400000", "comprehensiveIncomeNetOfTax": "None", "ebit": "1474800000", "ebitda": "1867000000", "netIncome": "1202400000"}, {"fiscalDateEnding": "2015-03-31", "reportedCurrency": "USD", "grossProfit": "2201000000", "totalRevenue": "5958900000", "costOfRevenue": "3757900000", "costofGoodsAndServicesSold": "3757900000", "operatingIncome": "1385500000", "sellingGeneralAndAdministrative": "582800000", "researchAndDevelopment": "0", "operatingExpenses": "582800000", "investmentIncomeNet": "None", "netInterestIncome": "None", "interestIncome": "None", "interestExpense": "147300000", "nonInterestIncome": "None", "otherNonOperatingIncome": "15900000", "depreciation": "None", "depreciationAndAmortization": "386100000", "incomeBeforeTax": "1254100000", "incomeTaxExpense": "442600000", "interestAndDebtExpense": "None", "netIncomeFromContinuingOperations": "811500000", "comprehensiveIncomeNetOfTax": "None", "ebit": "1168700000", "ebitda": "1554800000", "netIncome": "811500000"}, {"fiscalDateEnding": "2014-12-31", "reportedCurrency": "USD", "grossProfit": "2474100000", "totalRevenue": "6572200000", "costOfRevenue": "4098100000", "costofGoodsAndServicesSold": "4098100000", "operatingIncome": "1793000000", "sellingGeneralAndAdministrative": "662500000", "researchAndDevelopment": "0", "operatingExpenses": "662500000", "investmentIncomeNet": "None", "netInterestIncome": "None", "interestIncome": "None", "interestExpense": "147800000", "nonInterestIncome": "None", "otherNonOperatingIncome": "-7800000", "depreciation": "None", "depreciationAndAmortization": "407500000", "incomeBeforeTax": "1596100000", "incomeTaxExpense": "498600000", "interestAndDebtExpense": "None", "netIncomeFromContinuingOperations": "1097500000", "comprehensiveIncomeNetOfTax": "None", "ebit": "1390000000", "ebitda": "1797500000", "netIncome": "1097500000"}, {"fiscalDateEnding": "2014-09-30", "reportedCurrency": "USD", "grossProfit": "2681200000", "totalRevenue": "6987100000", "costOfRevenue": "4305900000", "costofGoodsAndServicesSold": "4305900000", "operatingIncome": "2072500000", "sellingGeneralAndAdministrative": "575800000", "researchAndDevelopment": "0", "operatingExpenses": "575800000", "investmentIncomeNet": "None", "netInterestIncome": "None", "interestIncome": "None", "interestExpense": "149300000", "nonInterestIncome": "None", "otherNonOperatingIncome": "-2100000", "depreciation": "None", "depreciationAndAmortization": "413400000", "incomeBeforeTax": "1921100000", "incomeTaxExpense": "852700000", "interestAndDebtExpense": "None", "netIncomeFromContinuingOperations": "1068400000", "comprehensiveIncomeNetOfTax": "None", "ebit": "1669600000", "ebitda": "2083000000", "netIncome": "1068400000"}, {"fiscalDateEnding": "2014-06-30", "reportedCurrency": "USD", "grossProfit": "2784300000", "totalRevenue": "7181700000", "costOfRevenue": "4397400000", "costofGoodsAndServicesSold": "4397400000", "operatingIncome": "2189000000", "sellingGeneralAndAdministrative": "629200000", "researchAndDevelopment": "0", "operatingExpenses": "629200000", "investmentIncomeNet": "None", "netInterestIncome": "None", "interestIncome": "None", "interestExpense": "137900000", "nonInterestIncome": "None", "otherNonOperatingIncome": "20400000", "depreciation": "None", "depreciationAndAmortization": "413200000", "incomeBeforeTax": "2071500000", "incomeTaxExpense": "684400000", "interestAndDebtExpense": "None", "netIncomeFromContinuingOperations": "1387100000", "comprehensiveIncomeNetOfTax": "None", "ebit": "1771200000", "ebitda": "2184400000", "netIncome": "1387100000"}, {"fiscalDateEnding": "2014-03-31", "reportedCurrency": "USD", "grossProfit": "2516100000", "totalRevenue": "6700300000", "costOfRevenue": "4184200000", "costofGoodsAndServicesSold": "4184200000", "operatingIncome": "1936000000", "sellingGeneralAndAdministrative": "620400000", "researchAndDevelopment": "0", "operatingExpenses": "620400000", "investmentIncomeNet": "None", "netInterestIncome": "None", "interestIncome": "None", "interestExpense": "135500000", "nonInterestIncome": "None", "otherNonOperatingIncome": "-17200000", "depreciation": "None", "depreciationAndAmortization": "410400000", "incomeBeforeTax": "1783300000", "incomeTaxExpense": "578500000", "interestAndDebtExpense": "None", "netIncomeFromContinuingOperations": "1204800000", "comprehensiveIncomeNetOfTax": "None", "ebit": "1496600000", "ebitda": "1907000000", "netIncome": "1204800000"}, {"fiscalDateEnding": "2013-12-31", "reportedCurrency": "USD", "grossProfit": "2742800000", "totalRevenue": "7093200000", "costOfRevenue": "4350400000", "costofGoodsAndServicesSold": "4350400000", "operatingIncome": "2362200000", "sellingGeneralAndAdministrative": "627800000", "researchAndDevelopment": "0", "operatingExpenses": "627800000", "investmentIncomeNet": "None", "netInterestIncome": "None", "interestIncome": "None", "interestExpense": "133500000", "nonInterestIncome": "None", "otherNonOperatingIncome": "-11700000", "depreciation": "None", "depreciationAndAmortization": "408600000", "incomeBeforeTax": "2055200000", "incomeTaxExpense": "658200000", "interestAndDebtExpense": "None", "netIncomeFromContinuingOperations": "1397000000", "comprehensiveIncomeNetOfTax": "None", "ebit": "1703900000", "ebitda": "2112500000", "netIncome": "1397000000"}, {"fiscalDateEnding": "2013-09-30", "reportedCurrency": "USD", "grossProfit": "2910600000", "totalRevenue": "7323400000", "costOfRevenue": "4412800000", "costofGoodsAndServicesSold": "4412800000", "operatingIncome": "2416700000", "sellingGeneralAndAdministrative": "554300000", "researchAndDevelopment": "0", "operatingExpenses": "554300000", "investmentIncomeNet": "None", "netInterestIncome": "None", "interestIncome": "None", "interestExpense": "130500000", "nonInterestIncome": "None", "otherNonOperatingIncome": "-13600000", "depreciation": "None", "depreciationAndAmortization": "394500000", "incomeBeforeTax": "2272600000", "incomeTaxExpense": "750400000", "interestAndDebtExpense": "None", "netIncomeFromContinuingOperations": "1522200000", "comprehensiveIncomeNetOfTax": "None", "ebit": "1975500000", "ebitda": "2370000000", "netIncome": "1522200000"}, {"fiscalDateEnding": "2013-06-30", "reportedCurrency": "USD", "grossProfit": "2765200000", "totalRevenue": "7083800000", "costOfRevenue": "4318600000", "costofGoodsAndServicesSold": "4318600000", "operatingIncome": "2197700000", "sellingGeneralAndAdministrative": "607000000", "researchAndDevelopment": "0", "operatingExpenses": "607000000", "investmentIncomeNet": "None", "netInterestIncome": "None", "interestIncome": "None", "interestExpense": "129800000", "nonInterestIncome": "None", "otherNonOperatingIncome": "-8000000", "depreciation": "None", "depreciationAndAmortization": "390900000", "incomeBeforeTax": "2059900000", "incomeTaxExpense": "663400000", "interestAndDebtExpense": "None", "netIncomeFromContinuingOperations": "1396500000", "comprehensiveIncomeNetOfTax": "None", "ebit": "1789800000", "ebitda": "2180700000", "netIncome": "1396500000"}, {"fiscalDateEnding": "2013-03-31", "reportedCurrency": "USD", "grossProfit": "2484100000", "totalRevenue": "6605300000", "costOfRevenue": "4121200000", "costofGoodsAndServicesSold": "4121200000", "operatingIncome": "1949500000", "sellingGeneralAndAdministrative": "596500000", "researchAndDevelopment": "0", "operatingExpenses": "596500000", "investmentIncomeNet": "None", "netInterestIncome": "None", "interestIncome": "None", "interestExpense": "128100000", "nonInterestIncome": "None", "otherNonOperatingIncome": "-4600000", "depreciation": "None", "depreciationAndAmortization": "391100000", "incomeBeforeTax": "1816800000", "incomeTaxExpense": "546600000", "interestAndDebtExpense": "None", "netIncomeFromContinuingOperations": "1270200000", "comprehensiveIncomeNetOfTax": "None", "ebit": "1511100000", "ebitda": "1902200000", "netIncome": "1270200000"}, {"fiscalDateEnding": "2012-12-31", "reportedCurrency": "USD", "grossProfit": "2728300000", "totalRevenue": "6952100000", "costOfRevenue": "4223800000", "costofGoodsAndServicesSold": "4223800000", "operatingIncome": "2347300000", "sellingGeneralAndAdministrative": "624500000", "researchAndDevelopment": "0", "operatingExpenses": "624500000", "investmentIncomeNet": "None", "netInterestIncome": "None", "interestIncome": "None", "interestExpense": "129600000", "nonInterestIncome": "None", "otherNonOperatingIncome": "-200000", "depreciation": "None", "depreciationAndAmortization": "386000000", "incomeBeforeTax": "2068000000", "incomeTaxExpense": "671900000", "interestAndDebtExpense": "None", "netIncomeFromContinuingOperations": "1396100000", "comprehensiveIncomeNetOfTax": "None", "ebit": "1750200000", "ebitda": "2136200000", "netIncome": "1396100000"}, {"fiscalDateEnding": "2012-09-30", "reportedCurrency": "USD", "grossProfit": "2854600000", "totalRevenue": "7152400000", "costOfRevenue": "4297800000", "costofGoodsAndServicesSold": "4297800000", "operatingIncome": "2287200000", "sellingGeneralAndAdministrative": "620900000", "researchAndDevelopment": "0", "operatingExpenses": "567500000", "investmentIncomeNet": "None", "netInterestIncome": "None", "interestIncome": "None", "interestExpense": "128100000", "nonInterestIncome": "None", "otherNonOperatingIncome": "-5500000", "depreciation": "None", "depreciationAndAmortization": "371900000", "incomeBeforeTax": "2153600000", "incomeTaxExpense": "698600000", "interestAndDebtExpense": "None", "netIncomeFromContinuingOperations": "1455000000", "comprehensiveIncomeNetOfTax": "None", "ebit": "1915300000", "ebitda": "2287200000", "netIncome": "1455000000"}, {"fiscalDateEnding": "2012-06-30", "reportedCurrency": "USD", "grossProfit": "2715900000", "totalRevenue": "6915900000", "costOfRevenue": "4200000000", "costofGoodsAndServicesSold": "4200000000", "operatingIncome": "2155000000", "sellingGeneralAndAdministrative": "617300000", "researchAndDevelopment": "0", "operatingExpenses": "560900000", "investmentIncomeNet": "None", "netInterestIncome": "None", "interestIncome": "None", "interestExpense": "130000000", "nonInterestIncome": "None", "otherNonOperatingIncome": "-15100000", "depreciation": "None", "depreciationAndAmortization": "365900000", "incomeBeforeTax": "2009900000", "incomeTaxExpense": "662900000", "interestAndDebtExpense": "None", "netIncomeFromContinuingOperations": "1347000000", "comprehensiveIncomeNetOfTax": "None", "ebit": "1789100000", "ebitda": "2155000000", "netIncome": "1347000000"}, {"fiscalDateEnding": "2012-03-31", "reportedCurrency": "USD", "grossProfit": "2517500000", "totalRevenue": "6546600000", "costOfRevenue": "4029100000", "costofGoodsAndServicesSold": "4029100000", "operatingIncome": "1964600000", "sellingGeneralAndAdministrative": "592500000", "researchAndDevelopment": "0", "operatingExpenses": "552900000", "investmentIncomeNet": "None", "netInterestIncome": "None", "interestIncome": "None", "interestExpense": "128900000", "nonInterestIncome": "None", "otherNonOperatingIncome": "11800000", "depreciation": "None", "depreciationAndAmortization": "364700000", "incomeBeforeTax": "1847500000", "incomeTaxExpense": "580800000", "interestAndDebtExpense": "None", "netIncomeFromContinuingOperations": "1266700000", "comprehensiveIncomeNetOfTax": "None", "ebit": "1599900000", "ebitda": "1964600000", "netIncome": "1266700000"}, {"fiscalDateEnding": "2011-12-31", "reportedCurrency": "USD", "grossProfit": "2713600000", "totalRevenue": "6822700000", "costOfRevenue": "4109100000", "costofGoodsAndServicesSold": "4109100000", "operatingIncome": "2186400000", "sellingGeneralAndAdministrative": "661200000", "researchAndDevelopment": "0", "operatingExpenses": "428300000", "investmentIncomeNet": "None", "netInterestIncome": "None", "interestIncome": "None", "interestExpense": "126900000", "nonInterestIncome": "None", "otherNonOperatingIncome": "-9400000", "depreciation": "None", "depreciationAndAmortization": "367500000", "incomeBeforeTax": "1983700000", "incomeTaxExpense": "607100000", "interestAndDebtExpense": "None", "netIncomeFromContinuingOperations": "1376600000", "comprehensiveIncomeNetOfTax": "None", "ebit": "2324600000", "ebitda": "2692100000", "netIncome": "1376600000"}, {"fiscalDateEnding": "2011-09-30", "reportedCurrency": "USD", "grossProfit": "2906800000", "totalRevenue": "7166300000", "costOfRevenue": "4259500000", "costofGoodsAndServicesSold": "4259500000", "operatingIncome": "2394700000", "sellingGeneralAndAdministrative": "580900000", "researchAndDevelopment": "0", "operatingExpenses": "512100000", "investmentIncomeNet": "None", "netInterestIncome": "None", "interestIncome": "None", "interestExpense": "124000000", "nonInterestIncome": "None", "otherNonOperatingIncome": "-7500000", "depreciation": "None", "depreciationAndAmortization": "358300000", "incomeBeforeTax": "2263200000", "incomeTaxExpense": "755900000", "interestAndDebtExpense": "None", "netIncomeFromContinuingOperations": "1507300000", "comprehensiveIncomeNetOfTax": "None", "ebit": "2036400000", "ebitda": "2394700000", "netIncome": "1507300000"}, {"fiscalDateEnding": "2011-06-30", "reportedCurrency": "USD", "grossProfit": "2725600000", "totalRevenue": "6905400000", "costOfRevenue": "4179800000", "costofGoodsAndServicesSold": "4179800000", "operatingIncome": "2189100000", "sellingGeneralAndAdministrative": "588000000", "researchAndDevelopment": "0", "operatingExpenses": "534100000", "investmentIncomeNet": "None", "netInterestIncome": "None", "interestIncome": "None", "interestExpense": "121800000", "nonInterestIncome": "None", "otherNonOperatingIncome": "-900000", "depreciation": "None", "depreciationAndAmortization": "350100000", "incomeBeforeTax": "2066400000", "incomeTaxExpense": "656200000", "interestAndDebtExpense": "None", "netIncomeFromContinuingOperations": "1410200000", "comprehensiveIncomeNetOfTax": "None", "ebit": "1841400000", "ebitda": "2191500000", "netIncome": "1410200000"}, {"fiscalDateEnding": "2011-03-31", "reportedCurrency": "USD", "grossProfit": "2340600000", "totalRevenue": "6111600000", "costOfRevenue": "3771000000", "costofGoodsAndServicesSold": "3771000000", "operatingIncome": "1825900000", "sellingGeneralAndAdministrative": "563600000", "researchAndDevelopment": "0", "operatingExpenses": "514700000", "investmentIncomeNet": "None", "netInterestIncome": "None", "interestIncome": "None", "interestExpense": "120100000", "nonInterestIncome": "None", "otherNonOperatingIncome": "-6900000", "depreciation": "None", "depreciationAndAmortization": "339100000", "incomeBeforeTax": "1698900000", "incomeTaxExpense": "489900000", "interestAndDebtExpense": "None", "netIncomeFromContinuingOperations": "1209000000", "comprehensiveIncomeNetOfTax": "None", "ebit": "1486800000", "ebitda": "1825900000", "netIncome": "1209000000"}, {"fiscalDateEnding": "2010-12-31", "reportedCurrency": "USD", "grossProfit": "2474500000", "totalRevenue": "6214100000", "costOfRevenue": "3739600000", "costofGoodsAndServicesSold": "3739600000", "operatingIncome": "1816000000", "sellingGeneralAndAdministrative": "665800000", "researchAndDevelopment": "0", "operatingExpenses": "629400000", "investmentIncomeNet": "None", "netInterestIncome": "None", "interestIncome": "None", "interestExpense": "117000000", "nonInterestIncome": "None", "otherNonOperatingIncome": "-6600000", "depreciation": "None", "depreciationAndAmortization": "334100000", "incomeBeforeTax": "1733600000", "incomeTaxExpense": "491300000", "interestAndDebtExpense": "None", "netIncomeFromContinuingOperations": "1242300000", "comprehensiveIncomeNetOfTax": "None", "ebit": "1831300000", "ebitda": "2165400000", "netIncome": "1242300000"}, {"fiscalDateEnding": "2010-09-30", "reportedCurrency": "USD", "grossProfit": "2606500000", "totalRevenue": "6304900000", "costOfRevenue": "3698400000", "costofGoodsAndServicesSold": "3698400000", "operatingIncome": "2096500000", "sellingGeneralAndAdministrative": "556300000", "researchAndDevelopment": "0", "operatingExpenses": "506400000", "investmentIncomeNet": "None", "netInterestIncome": "None", "interestIncome": "None", "interestExpense": "114800000", "nonInterestIncome": "None", "otherNonOperatingIncome": "-7200000", "depreciation": "None", "depreciationAndAmortization": "312700000", "incomeBeforeTax": "1974500000", "incomeTaxExpense": "586100000", "interestAndDebtExpense": "None", "netIncomeFromContinuingOperations": "1388400000", "comprehensiveIncomeNetOfTax": "None", "ebit": "1787400000", "ebitda": "2100100000", "netIncome": "1388400000"}, {"fiscalDateEnding": "2010-06-30", "reportedCurrency": "USD", "grossProfit": "2396400000", "totalRevenue": "5945500000", "costOfRevenue": "3549100000", "costofGoodsAndServicesSold": "3549100000", "operatingIncome": "1845300000", "sellingGeneralAndAdministrative": "564900000", "researchAndDevelopment": "0", "operatingExpenses": "544300000", "investmentIncomeNet": "None", "netInterestIncome": "None", "interestIncome": "None", "interestExpense": "108100000", "nonInterestIncome": "None", "otherNonOperatingIncome": "-1900000", "depreciation": "None", "depreciationAndAmortization": "311500000", "incomeBeforeTax": "1735300000", "incomeTaxExpense": "509500000", "interestAndDebtExpense": "None", "netIncomeFromContinuingOperations": "1225800000", "comprehensiveIncomeNetOfTax": "None", "ebit": "1540600000", "ebitda": "1852100000", "netIncome": "1225800000"}, {"fiscalDateEnding": "2010-03-31", "reportedCurrency": "USD", "grossProfit": "2159900000", "totalRevenue": "5610100000", "costOfRevenue": "3450200000", "costofGoodsAndServicesSold": "3450200000", "operatingIncome": "1674100000", "sellingGeneralAndAdministrative": "546300000", "researchAndDevelopment": "0", "operatingExpenses": "455000000", "investmentIncomeNet": "None", "netInterestIncome": "None", "interestIncome": "None", "interestExpense": "111000000", "nonInterestIncome": "None", "otherNonOperatingIncome": "-6200000", "depreciation": "None", "depreciationAndAmortization": "317900000", "incomeBeforeTax": "1556900000", "incomeTaxExpense": "467100000", "interestAndDebtExpense": "None", "netIncomeFromContinuingOperations": "1089800000", "comprehensiveIncomeNetOfTax": "None", "ebit": "1374600000", "ebitda": "1692500000", "netIncome": "1089800000"}, {"fiscalDateEnding": "2009-12-31", "reportedCurrency": "USD", "grossProfit": "2353400000", "totalRevenue": "5973400000", "costOfRevenue": "3620000000", "costofGoodsAndServicesSold": "3620000000", "operatingIncome": "1825400000", "sellingGeneralAndAdministrative": "655800000", "researchAndDevelopment": "0", "operatingExpenses": "589100000", "investmentIncomeNet": "None", "netInterestIncome": "None", "interestIncome": "None", "interestExpense": "115200000", "nonInterestIncome": "None", "otherNonOperatingIncome": "None", "depreciation": "None", "depreciationAndAmortization": "317700000", "incomeBeforeTax": "1701000000", "incomeTaxExpense": "484200000", "interestAndDebtExpense": "None", "netIncomeFromContinuingOperations": "0", "comprehensiveIncomeNetOfTax": "None", "ebit": "1749500000", "ebitda": "2067200000", "netIncome": "1216800000"}, {"fiscalDateEnding": "2009-09-30", "reportedCurrency": "USD", "grossProfit": "2408300000", "totalRevenue": "6046700000", "costOfRevenue": "3638400000", "costofGoodsAndServicesSold": "3638400000", "operatingIncome": "1932800000", "sellingGeneralAndAdministrative": "549600000", "researchAndDevelopment": "0", "operatingExpenses": "477000000", "investmentIncomeNet": "None", "netInterestIncome": "None", "interestIncome": "None", "interestExpense": "117800000", "nonInterestIncome": "None", "otherNonOperatingIncome": "6600000", "depreciation": "None", "depreciationAndAmortization": "311900000", "incomeBeforeTax": "1821600000", "incomeTaxExpense": "560600000", "interestAndDebtExpense": "None", "netIncomeFromContinuingOperations": "1261000000", "comprehensiveIncomeNetOfTax": "None", "ebit": "1619400000", "ebitda": "1931300000", "netIncome": "1261000000"}, {"fiscalDateEnding": "2009-06-30", "reportedCurrency": "USD", "grossProfit": "2169900000", "totalRevenue": "5647200000", "costOfRevenue": "3477300000", "costofGoodsAndServicesSold": "3477300000", "operatingIncome": "1681500000", "sellingGeneralAndAdministrative": "531500000", "researchAndDevelopment": "0", "operatingExpenses": "487200000", "investmentIncomeNet": "None", "netInterestIncome": "None", "interestIncome": "None", "interestExpense": "119300000", "nonInterestIncome": "None", "otherNonOperatingIncome": "29800000", "depreciation": "None", "depreciationAndAmortization": "304400000", "incomeBeforeTax": "1592000000", "incomeTaxExpense": "498300000", "interestAndDebtExpense": "None", "netIncomeFromContinuingOperations": "1093700000", "comprehensiveIncomeNetOfTax": "None", "ebit": "1378300000", "ebitda": "1682700000", "netIncome": "1093700000"}, {"fiscalDateEnding": "2009-03-31", "reportedCurrency": "USD", "grossProfit": "1860200000", "totalRevenue": "5077400000", "costOfRevenue": "3217200000", "costofGoodsAndServicesSold": "3217200000", "operatingIncome": "1400400000", "sellingGeneralAndAdministrative": "497300000", "researchAndDevelopment": "0", "operatingExpenses": "458600000", "investmentIncomeNet": "None", "netInterestIncome": "None", "interestIncome": "None", "interestExpense": "120900000", "nonInterestIncome": "None", "otherNonOperatingIncome": "None", "depreciation": "None", "depreciationAndAmortization": "282200000", "incomeBeforeTax": "1372400000", "incomeTaxExpense": "392900000", "interestAndDebtExpense": "None", "netIncomeFromContinuingOperations": "0", "comprehensiveIncomeNetOfTax": "None", "ebit": "1305200000", "ebitda": "1587400000", "netIncome": "979500000"}, {"fiscalDateEnding": "2008-12-31", "reportedCurrency": "USD", "grossProfit": "2075800000", "totalRevenue": "5565000000", "costOfRevenue": "3489200000", "costofGoodsAndServicesSold": "3489200000", "operatingIncome": "1545800000", "sellingGeneralAndAdministrative": "622300000", "researchAndDevelopment": "0", "operatingExpenses": "547900000", "investmentIncomeNet": "None", "netInterestIncome": "None", "interestIncome": "None", "interestExpense": "522600000", "nonInterestIncome": "None", "otherNonOperatingIncome": "None", "depreciation": "None", "depreciationAndAmortization": "277800000", "incomeBeforeTax": "1397100000", "incomeTaxExpense": "411800000", "interestAndDebtExpense": "None", "netIncomeFromContinuingOperations": "0", "comprehensiveIncomeNetOfTax": "None", "ebit": "1864600000", "ebitda": "2142400000", "netIncome": "985300000"}, {"fiscalDateEnding": "2008-09-30", "reportedCurrency": "USD", "grossProfit": "2363200000", "totalRevenue": "6267300000", "costOfRevenue": "3904100000", "costofGoodsAndServicesSold": "3904100000", "operatingIncome": "1823700000", "sellingGeneralAndAdministrative": "582100000", "researchAndDevelopment": "0", "operatingExpenses": "539800000", "investmentIncomeNet": "None", "netInterestIncome": "None", "interestIncome": "None", "interestExpense": "131600000", "nonInterestIncome": "None", "otherNonOperatingIncome": "None", "depreciation": "None", "depreciationAndAmortization": "311000000", "incomeBeforeTax": "1698900000", "incomeTaxExpense": "507600000", "interestAndDebtExpense": "None", "netIncomeFromContinuingOperations": "0", "comprehensiveIncomeNetOfTax": "None", "ebit": "1832300000", "ebitda": "2143300000", "netIncome": "1191300000"}, {"fiscalDateEnding": "2008-06-30", "reportedCurrency": "USD", "grossProfit": "2224800000", "totalRevenue": "6075300000", "costOfRevenue": "3850500000", "costofGoodsAndServicesSold": "3850500000", "operatingIncome": "1654200000", "sellingGeneralAndAdministrative": "598700000", "researchAndDevelopment": "0", "operatingExpenses": "600800000", "investmentIncomeNet": "None", "netInterestIncome": "None", "interestIncome": "None", "interestExpense": "146300000", "nonInterestIncome": "None", "otherNonOperatingIncome": "None", "depreciation": "None", "depreciationAndAmortization": "314300000", "incomeBeforeTax": "1698800000", "incomeTaxExpense": "508300000", "interestAndDebtExpense": "None", "netIncomeFromContinuingOperations": "0", "comprehensiveIncomeNetOfTax": "None", "ebit": "1452400000", "ebitda": "1766700000", "netIncome": "1190500000"}, {"fiscalDateEnding": "2008-03-31", "reportedCurrency": "USD", "grossProfit": "1975400000", "totalRevenue": "5614800000", "costOfRevenue": "3639400000", "costofGoodsAndServicesSold": "3639400000", "operatingIncome": "1462800000", "sellingGeneralAndAdministrative": "552400000", "researchAndDevelopment": "0", "operatingExpenses": "525700000", "investmentIncomeNet": "None", "netInterestIncome": "None", "interestIncome": "None", "interestExpense": "128500000", "nonInterestIncome": "None", "otherNonOperatingIncome": "None", "depreciation": "None", "depreciationAndAmortization": "304700000", "incomeBeforeTax": "1363200000", "incomeTaxExpense": "417100000", "interestAndDebtExpense": "None", "netIncomeFromContinuingOperations": "0", "comprehensiveIncomeNetOfTax": "None", "ebit": "1435800000", "ebitda": "1740500000", "netIncome": "946100000"}, {"fiscalDateEnding": "2007-12-31", "reportedCurrency": "USD", "grossProfit": "2060600000", "totalRevenue": "5753600000", "costOfRevenue": "3693000000", "costofGoodsAndServicesSold": "3693000000", "operatingIncome": "1421200000", "sellingGeneralAndAdministrative": "660500000", "researchAndDevelopment": "0", "operatingExpenses": "740700000", "investmentIncomeNet": "None", "netInterestIncome": "None", "interestIncome": "None", "interestExpense": "410100000", "nonInterestIncome": "None", "otherNonOperatingIncome": "None", "depreciation": "None", "depreciationAndAmortization": "302500000", "incomeBeforeTax": "1284300000", "incomeTaxExpense": "11100000", "interestAndDebtExpense": "None", "netIncomeFromContinuingOperations": "0", "comprehensiveIncomeNetOfTax": "None", "ebit": "1265000000", "ebitda": "1567500000", "netIncome": "1273200000"}, {"fiscalDateEnding": "2007-09-30", "reportedCurrency": "USD", "grossProfit": "2121200000", "totalRevenue": "5900900000", "costOfRevenue": "3779700000", "costofGoodsAndServicesSold": "3779700000", "operatingIncome": "1524800000", "sellingGeneralAndAdministrative": "569400000", "researchAndDevelopment": "0", "operatingExpenses": "615300000", "investmentIncomeNet": "None", "netInterestIncome": "None", "interestIncome": "None", "interestExpense": "97900000", "nonInterestIncome": "None", "otherNonOperatingIncome": "None", "depreciation": "None", "depreciationAndAmortization": "297000000", "incomeBeforeTax": "1453600000", "incomeTaxExpense": "449900000", "interestAndDebtExpense": "None", "netIncomeFromContinuingOperations": "0", "comprehensiveIncomeNetOfTax": "None", "ebit": "1581400000", "ebitda": "1878400000", "netIncome": "1071200000"}, {"fiscalDateEnding": "2007-06-30", "reportedCurrency": "USD", "grossProfit": "2008200000", "totalRevenue": "6010500000", "costOfRevenue": "4002300000", "costofGoodsAndServicesSold": "4002300000", "operatingIncome": "-187400000", "sellingGeneralAndAdministrative": "605200000", "researchAndDevelopment": "0", "operatingExpenses": "2223200000", "investmentIncomeNet": "None", "netInterestIncome": "None", "interestIncome": "None", "interestExpense": "101700000", "nonInterestIncome": "None", "otherNonOperatingIncome": "None", "depreciation": "None", "depreciationAndAmortization": "303100000", "incomeBeforeTax": "-272100000", "incomeTaxExpense": "439600000", "interestAndDebtExpense": "None", "netIncomeFromContinuingOperations": "0", "comprehensiveIncomeNetOfTax": "None", "ebit": "1407800000", "ebitda": "1710900000", "netIncome": "-711700000"}, {"fiscalDateEnding": "2007-03-31", "reportedCurrency": "USD", "grossProfit": "1731700000", "totalRevenue": "5464100000", "costOfRevenue": "3732400000", "costofGoodsAndServicesSold": "3732400000", "operatingIncome": "1174600000", "sellingGeneralAndAdministrative": "558200000", "researchAndDevelopment": "0", "operatingExpenses": "564800000", "investmentIncomeNet": "None", "netInterestIncome": "None", "interestIncome": "None", "interestExpense": "97300000", "nonInterestIncome": "None", "otherNonOperatingIncome": "None", "depreciation": "None", "depreciationAndAmortization": "311500000", "incomeBeforeTax": "1093900000", "incomeTaxExpense": "331500000", "interestAndDebtExpense": "None", "netIncomeFromContinuingOperations": "0", "comprehensiveIncomeNetOfTax": "None", "ebit": "1197800000", "ebitda": "1509300000", "netIncome": "762400000"}, {"fiscalDateEnding": "2006-12-31", "reportedCurrency": "USD", "grossProfit": "1746200000", "totalRevenue": "5030700000", "costOfRevenue": "3284500000", "costofGoodsAndServicesSold": "3284500000", "operatingIncome": "1001200000", "sellingGeneralAndAdministrative": "611300000", "researchAndDevelopment": "0", "operatingExpenses": "682300000", "investmentIncomeNet": "None", "netInterestIncome": "None", "interestIncome": "None", "interestExpense": "402000000", "nonInterestIncome": "None", "otherNonOperatingIncome": "None", "depreciation": "None", "depreciationAndAmortization": "315500000", "incomeBeforeTax": "770100000", "incomeTaxExpense": "199800000", "interestAndDebtExpense": "None", "netIncomeFromContinuingOperations": "0", "comprehensiveIncomeNetOfTax": "None", "ebit": "1233600000", "ebitda": "1549100000", "netIncome": "1241500000"}, {"fiscalDateEnding": "2006-09-30", "reportedCurrency": "USD", "grossProfit": "1916800000", "totalRevenue": "5882500000", "costOfRevenue": "3965700000", "costofGoodsAndServicesSold": "3965700000", "operatingIncome": "1303500000", "sellingGeneralAndAdministrative": "580800000", "researchAndDevelopment": "0", "operatingExpenses": "622200000", "investmentIncomeNet": "None", "netInterestIncome": "None", "interestIncome": "None", "interestExpense": "103100000", "nonInterestIncome": "None", "otherNonOperatingIncome": "None", "depreciation": "None", "depreciationAndAmortization": "314000000", "incomeBeforeTax": "1228500000", "incomeTaxExpense": "385200000", "interestAndDebtExpense": "None", "netIncomeFromContinuingOperations": "0", "comprehensiveIncomeNetOfTax": "None", "ebit": "1371800000", "ebitda": "1685800000", "netIncome": "843300000"}, {"fiscalDateEnding": "2006-06-30", "reportedCurrency": "USD", "grossProfit": "1775300000", "totalRevenue": "5572300000", "costOfRevenue": "3797000000", "costofGoodsAndServicesSold": "3797000000", "operatingIncome": "1139400000", "sellingGeneralAndAdministrative": "595500000", "researchAndDevelopment": "0", "operatingExpenses": "635900000", "investmentIncomeNet": "None", "netInterestIncome": "None", "interestIncome": "None", "interestExpense": "97800000", "nonInterestIncome": "None", "otherNonOperatingIncome": "None", "depreciation": "None", "depreciationAndAmortization": "315000000", "incomeBeforeTax": "1262000000", "incomeTaxExpense": "427900000", "interestAndDebtExpense": "None", "netIncomeFromContinuingOperations": "0", "comprehensiveIncomeNetOfTax": "None", "ebit": "974300000", "ebitda": "1289300000", "netIncome": "834100000"}, {"fiscalDateEnding": "2006-03-31", "reportedCurrency": "USD", "grossProfit": "1546000000", "totalRevenue": "5100900000", "costOfRevenue": "3554900000", "costofGoodsAndServicesSold": "3554900000", "operatingIncome": "923800000", "sellingGeneralAndAdministrative": "550300000", "researchAndDevelopment": "0", "operatingExpenses": "536100000", "investmentIncomeNet": "None", "netInterestIncome": "None", "interestIncome": "None", "interestExpense": "102300000", "nonInterestIncome": "None", "otherNonOperatingIncome": "None", "depreciation": "None", "depreciationAndAmortization": "305400000", "incomeBeforeTax": "905800000", "incomeTaxExpense": "280500000", "interestAndDebtExpense": "None", "netIncomeFromContinuingOperations": "0", "comprehensiveIncomeNetOfTax": "None", "ebit": "1049200000", "ebitda": "1354600000", "netIncome": "625300000"}, {"fiscalDateEnding": "2005-12-31", "reportedCurrency": "USD", "grossProfit": "1627600000", "totalRevenue": "5234600000", "costOfRevenue": "3607000000", "costofGoodsAndServicesSold": "3607000000", "operatingIncome": "-253900000", "sellingGeneralAndAdministrative": "615600000", "researchAndDevelopment": "0", "operatingExpenses": "692100000", "investmentIncomeNet": "None", "netInterestIncome": "None", "interestIncome": "None", "interestExpense": "388000000", "nonInterestIncome": "None", "otherNonOperatingIncome": "None", "depreciation": "None", "depreciationAndAmortization": "317000000", "incomeBeforeTax": "850300000", "incomeTaxExpense": "241800000", "interestAndDebtExpense": "None", "netIncomeFromContinuingOperations": "0", "comprehensiveIncomeNetOfTax": "None", "ebit": "1016100000", "ebitda": "1333100000", "netIncome": "608500000"}, {"fiscalDateEnding": "2005-09-30", "reportedCurrency": "USD", "grossProfit": "1680600000", "totalRevenue": "5327100000", "costOfRevenue": "3646500000", "costofGoodsAndServicesSold": "3646500000", "operatingIncome": "1159800000", "sellingGeneralAndAdministrative": "547300000", "researchAndDevelopment": "0", "operatingExpenses": "520800000", "investmentIncomeNet": "None", "netInterestIncome": "None", "interestIncome": "None", "interestExpense": "86600000", "nonInterestIncome": "None", "otherNonOperatingIncome": "None", "depreciation": "None", "depreciationAndAmortization": "309500000", "incomeBeforeTax": "1085800000", "incomeTaxExpense": "350400000", "interestAndDebtExpense": "None", "netIncomeFromContinuingOperations": "0", "comprehensiveIncomeNetOfTax": "None", "ebit": "1138100000", "ebitda": "1447600000", "netIncome": "735400000"}, {"fiscalDateEnding": "2005-06-30", "reportedCurrency": "USD", "grossProfit": "1579300000", "totalRevenue": "5095700000", "costOfRevenue": "3516400000", "costofGoodsAndServicesSold": "3516400000", "operatingIncome": "1016700000", "sellingGeneralAndAdministrative": "562600000", "researchAndDevelopment": "0", "operatingExpenses": "562600000", "investmentIncomeNet": "None", "netInterestIncome": "None", "interestIncome": "None", "interestExpense": "88300000", "nonInterestIncome": "None", "otherNonOperatingIncome": "None", "depreciation": "None", "depreciationAndAmortization": "306500000", "incomeBeforeTax": "935300000", "incomeTaxExpense": "404900000", "interestAndDebtExpense": "None", "netIncomeFromContinuingOperations": "0", "comprehensiveIncomeNetOfTax": "None", "ebit": "1018500000", "ebitda": "1325000000", "netIncome": "530400000"}, {"fiscalDateEnding": "2005-03-31", "reportedCurrency": "USD", "grossProfit": "1436700000", "totalRevenue": "4802800000", "costOfRevenue": "3366100000", "costofGoodsAndServicesSold": "3366100000", "operatingIncome": "909600000", "sellingGeneralAndAdministrative": "520100000", "researchAndDevelopment": "0", "operatingExpenses": "527100000", "investmentIncomeNet": "None", "netInterestIncome": "None", "interestIncome": "None", "interestExpense": "89800000", "nonInterestIncome": "None", "otherNonOperatingIncome": "None", "depreciation": "None", "depreciationAndAmortization": "316500000", "incomeBeforeTax": "830200000", "incomeTaxExpense": "102300000", "interestAndDebtExpense": "None", "netIncomeFromContinuingOperations": "0", "comprehensiveIncomeNetOfTax": "None", "ebit": "922600000", "ebitda": "1239100000", "netIncome": "727900000"}, {"fiscalDateEnding": "2004-12-31", "reportedCurrency": "USD", "grossProfit": "5277800000", "totalRevenue": "5010300000", "costOfRevenue": "-267500000", "costofGoodsAndServicesSold": "-267500000", "operatingIncome": "-91000000", "sellingGeneralAndAdministrative": "4277700000", "researchAndDevelopment": "0", "operatingExpenses": "4660500000", "investmentIncomeNet": "None", "netInterestIncome": "None", "interestIncome": "None", "interestExpense": "388000000", "nonInterestIncome": "None", "otherNonOperatingIncome": "None", "depreciation": "None", "depreciationAndAmortization": "318400000", "incomeBeforeTax": "573200000", "incomeTaxExpense": "175300000", "interestAndDebtExpense": "None", "netIncomeFromContinuingOperations": "0", "comprehensiveIncomeNetOfTax": "None", "ebit": "972900000", "ebitda": "1291300000", "netIncome": "397900000"}]}