{"symbol": "HES", "annualReports": [{"fiscalDateEnding": "2024-12-31", "reportedCurrency": "USD", "grossProfit": "13018000000", "totalRevenue": "13018000000", "costOfRevenue": "2721000000", "costofGoodsAndServicesSold": "2721000000", "operatingIncome": "9906000000", "sellingGeneralAndAdministrative": "492000000", "researchAndDevelopment": "None", "operatingExpenses": "3112000000", "investmentIncomeNet": "None", "netInterestIncome": "-412000000", "interestIncome": "None", "interestExpense": "412000000", "nonInterestIncome": "None", "otherNonOperatingIncome": "None", "depreciation": "None", "depreciationAndAmortization": "2487000000", "incomeBeforeTax": "4354000000", "incomeTaxExpense": "1202000000", "interestAndDebtExpense": "None", "netIncomeFromContinuingOperations": "3152000000", "comprehensiveIncomeNetOfTax": "None", "ebit": "4383000000", "ebitda": "6870000000", "netIncome": "2769000000"}, {"fiscalDateEnding": "2023-12-31", "reportedCurrency": "USD", "grossProfit": "8249000000", "totalRevenue": "10511000000", "costOfRevenue": "2262000000", "costofGoodsAndServicesSold": "2262000000", "operatingIncome": "5028000000", "sellingGeneralAndAdministrative": "527000000", "researchAndDevelopment": "None", "operatingExpenses": "2535000000", "investmentIncomeNet": "None", "netInterestIncome": "-486000000", "interestIncome": "None", "interestExpense": "478000000", "nonInterestIncome": "None", "otherNonOperatingIncome": "None", "depreciation": "None", "depreciationAndAmortization": "2141000000", "incomeBeforeTax": "2471000000", "incomeTaxExpense": "733000000", "interestAndDebtExpense": "None", "netIncomeFromContinuingOperations": "1817000000", "comprehensiveIncomeNetOfTax": "None", "ebit": "2949000000", "ebitda": "5090000000", "netIncome": "1382000000"}, {"fiscalDateEnding": "2022-12-31", "reportedCurrency": "USD", "grossProfit": "7914000000", "totalRevenue": "11324000000", "costOfRevenue": "3410000000", "costofGoodsAndServicesSold": "3410000000", "operatingIncome": "4127000000", "sellingGeneralAndAdministrative": "430000000", "researchAndDevelopment": "None", "operatingExpenses": "3932000000", "investmentIncomeNet": "None", "netInterestIncome": "-493000000", "interestIncome": "493000000", "interestExpense": "493000000", "nonInterestIncome": "None", "otherNonOperatingIncome": "None", "depreciation": "None", "depreciationAndAmortization": "1759000000", "incomeBeforeTax": "3681000000", "incomeTaxExpense": "1107000000", "interestAndDebtExpense": "None", "netIncomeFromContinuingOperations": "2574000000", "comprehensiveIncomeNetOfTax": "None", "ebit": "4033000000", "ebitda": "5792000000", "netIncome": "2096000000"}, {"fiscalDateEnding": "2021-12-31", "reportedCurrency": "USD", "grossProfit": "4544000000", "totalRevenue": "7473000000", "costOfRevenue": "2929000000", "costofGoodsAndServicesSold": "2929000000", "operatingIncome": "2089000000", "sellingGeneralAndAdministrative": "340000000", "researchAndDevelopment": "None", "operatingExpenses": "2536000000", "investmentIncomeNet": "None", "netInterestIncome": "-481000000", "interestIncome": "481000000", "interestExpense": "481000000", "nonInterestIncome": "None", "otherNonOperatingIncome": "None", "depreciation": "None", "depreciationAndAmortization": "1539000000", "incomeBeforeTax": "1490000000", "incomeTaxExpense": "600000000", "interestAndDebtExpense": "None", "netIncomeFromContinuingOperations": "890000000", "comprehensiveIncomeNetOfTax": "None", "ebit": "1968000000", "ebitda": "3507000000", "netIncome": "890000000"}, {"fiscalDateEnding": "2020-12-31", "reportedCurrency": "USD", "grossProfit": "1251000000", "totalRevenue": "4667000000", "costOfRevenue": "3416000000", "costofGoodsAndServicesSold": "3416000000", "operatingIncome": "-343000000", "sellingGeneralAndAdministrative": "357000000", "researchAndDevelopment": "None", "operatingExpenses": "1644000000", "investmentIncomeNet": "None", "netInterestIncome": "-468000000", "interestIncome": "468000000", "interestExpense": "468000000", "nonInterestIncome": "None", "otherNonOperatingIncome": "None", "depreciation": "None", "depreciationAndAmortization": "2266000000", "incomeBeforeTax": "-2850000000", "incomeTaxExpense": "-11000000", "interestAndDebtExpense": "None", "netIncomeFromContinuingOperations": "-2839000000", "comprehensiveIncomeNetOfTax": "None", "ebit": "-2378000000", "ebitda": "-112000000", "netIncome": "-2839000000"}, {"fiscalDateEnding": "2019-12-31", "reportedCurrency": "USD", "grossProfit": "2952000000", "totalRevenue": "6495000000", "costOfRevenue": "3543000000", "costofGoodsAndServicesSold": "3543000000", "operatingIncome": "579000000", "sellingGeneralAndAdministrative": "397000000", "researchAndDevelopment": "None", "operatingExpenses": "2366000000", "investmentIncomeNet": "None", "netInterestIncome": "-380000000", "interestIncome": "377000000", "interestExpense": "380000000", "nonInterestIncome": "None", "otherNonOperatingIncome": "None", "depreciation": "None", "depreciationAndAmortization": "2122000000", "incomeBeforeTax": "221000000", "incomeTaxExpense": "461000000", "interestAndDebtExpense": "None", "netIncomeFromContinuingOperations": "-240000000", "comprehensiveIncomeNetOfTax": "None", "ebit": "579000000", "ebitda": "2701000000", "netIncome": "-240000000"}, {"fiscalDateEnding": "2018-12-31", "reportedCurrency": "USD", "grossProfit": "3138000000", "totalRevenue": "6326000000", "costOfRevenue": "3188000000", "costofGoodsAndServicesSold": "3188000000", "operatingIncome": "529000000", "sellingGeneralAndAdministrative": "473000000", "researchAndDevelopment": "0", "operatingExpenses": "2606000000", "investmentIncomeNet": "None", "netInterestIncome": "-399000000", "interestIncome": "404000000", "interestExpense": "399000000", "nonInterestIncome": "None", "otherNonOperatingIncome": "-53000000", "depreciation": "None", "depreciationAndAmortization": "1883000000", "incomeBeforeTax": "220000000", "incomeTaxExpense": "335000000", "interestAndDebtExpense": "None", "netIncomeFromContinuingOperations": "-115000000", "comprehensiveIncomeNetOfTax": "None", "ebit": "640000000", "ebitda": "2523000000", "netIncome": "-282000000"}, {"fiscalDateEnding": "2017-12-31", "reportedCurrency": "USD", "grossProfit": "-248000000", "totalRevenue": "5466000000", "costOfRevenue": "5714000000", "costofGoodsAndServicesSold": "5714000000", "operatingIncome": "-1189000000", "sellingGeneralAndAdministrative": "434000000", "researchAndDevelopment": "0", "operatingExpenses": "941000000", "investmentIncomeNet": "None", "netInterestIncome": "-325000000", "interestIncome": "310000000", "interestExpense": "325000000", "nonInterestIncome": "None", "otherNonOperatingIncome": "None", "depreciation": "None", "depreciationAndAmortization": "2883000000", "incomeBeforeTax": "-5778000000", "incomeTaxExpense": "-1837000000", "interestAndDebtExpense": "None", "netIncomeFromContinuingOperations": "-3941000000", "comprehensiveIncomeNetOfTax": "None", "ebit": "-1164000000", "ebitda": "1719000000", "netIncome": "-4074000000"}, {"fiscalDateEnding": "2016-12-31", "reportedCurrency": "USD", "grossProfit": "-1526000000", "totalRevenue": "4762000000", "costOfRevenue": "6288000000", "costofGoodsAndServicesSold": "6288000000", "operatingIncome": "-3383000000", "sellingGeneralAndAdministrative": "415000000", "researchAndDevelopment": "0", "operatingExpenses": "1857000000", "investmentIncomeNet": "None", "netInterestIncome": "-338000000", "interestIncome": "312000000", "interestExpense": "338000000", "nonInterestIncome": "None", "otherNonOperatingIncome": "-148000000", "depreciation": "None", "depreciationAndAmortization": "3244000000", "incomeBeforeTax": "-3854000000", "incomeTaxExpense": "2222000000", "interestAndDebtExpense": "None", "netIncomeFromContinuingOperations": "-6076000000", "comprehensiveIncomeNetOfTax": "None", "ebit": "-3301000000", "ebitda": "-57000000", "netIncome": "-6132000000"}, {"fiscalDateEnding": "2015-12-31", "reportedCurrency": "USD", "grossProfit": "-788000000", "totalRevenue": "6636000000", "costOfRevenue": "7424000000", "costofGoodsAndServicesSold": "7424000000", "operatingIncome": "-2226000000", "sellingGeneralAndAdministrative": "557000000", "researchAndDevelopment": "0", "operatingExpenses": "1438000000", "investmentIncomeNet": "None", "netInterestIncome": "None", "interestIncome": "341000000", "interestExpense": "341000000", "nonInterestIncome": "None", "otherNonOperatingIncome": "None", "depreciation": "None", "depreciationAndAmortization": "3955000000", "incomeBeforeTax": "-4258000000", "incomeTaxExpense": "-1299000000", "interestAndDebtExpense": "None", "netIncomeFromContinuingOperations": "-2959000000", "comprehensiveIncomeNetOfTax": "None", "ebit": "-6307000000", "ebitda": "-2352000000", "netIncome": "-3056000000"}, {"fiscalDateEnding": "2014-12-31", "reportedCurrency": "USD", "grossProfit": "3485000000", "totalRevenue": "10737000000", "costOfRevenue": "7252000000", "costofGoodsAndServicesSold": "7252000000", "operatingIncome": "1734000000", "sellingGeneralAndAdministrative": "588000000", "researchAndDevelopment": "0", "operatingExpenses": "1428000000", "investmentIncomeNet": "None", "netInterestIncome": "None", "interestIncome": "None", "interestExpense": "323000000", "nonInterestIncome": "None", "otherNonOperatingIncome": "None", "depreciation": "None", "depreciationAndAmortization": "3224000000", "incomeBeforeTax": "2436000000", "incomeTaxExpense": "744000000", "interestAndDebtExpense": "None", "netIncomeFromContinuingOperations": "1692000000", "comprehensiveIncomeNetOfTax": "None", "ebit": "-1288000000", "ebitda": "1936000000", "netIncome": "2317000000"}, {"fiscalDateEnding": "2013-12-31", "reportedCurrency": "USD", "grossProfit": "5658000000", "totalRevenue": "22284000000", "costOfRevenue": "16626000000", "costofGoodsAndServicesSold": "16626000000", "operatingIncome": "3051000000", "sellingGeneralAndAdministrative": "709000000", "researchAndDevelopment": "0", "operatingExpenses": "2607000000", "investmentIncomeNet": "None", "netInterestIncome": "None", "interestIncome": "None", "interestExpense": "406000000", "nonInterestIncome": "None", "otherNonOperatingIncome": "None", "depreciation": "None", "depreciationAndAmortization": "2770000000", "incomeBeforeTax": "4493000000", "incomeTaxExpense": "525000000", "interestAndDebtExpense": "None", "netIncomeFromContinuingOperations": "3968000000", "comprehensiveIncomeNetOfTax": "None", "ebit": "244000000", "ebitda": "3014000000", "netIncome": "5052000000"}, {"fiscalDateEnding": "2012-12-31", "reportedCurrency": "USD", "grossProfit": "7073000000", "totalRevenue": "37691000000", "costOfRevenue": "30618000000", "costofGoodsAndServicesSold": "30618000000", "operatingIncome": "3654000000", "sellingGeneralAndAdministrative": "707000000", "researchAndDevelopment": "0", "operatingExpenses": "3000000000", "investmentIncomeNet": "None", "netInterestIncome": "None", "interestIncome": "None", "interestExpense": "419000000", "nonInterestIncome": "None", "otherNonOperatingIncome": "None", "depreciation": "None", "depreciationAndAmortization": "2949000000", "incomeBeforeTax": "4053000000", "incomeTaxExpense": "1798000000", "interestAndDebtExpense": "None", "netIncomeFromContinuingOperations": "2063000000", "comprehensiveIncomeNetOfTax": "None", "ebit": "1222000000", "ebitda": "4171000000", "netIncome": "2217000000"}, {"fiscalDateEnding": "2011-12-31", "reportedCurrency": "USD", "grossProfit": "9818000000", "totalRevenue": "38944000000", "costOfRevenue": "29126000000", "costofGoodsAndServicesSold": "29126000000", "operatingIncome": "3797000000", "sellingGeneralAndAdministrative": "702000000", "researchAndDevelopment": "0", "operatingExpenses": "5543000000", "investmentIncomeNet": "None", "netInterestIncome": "None", "interestIncome": "None", "interestExpense": "383000000", "nonInterestIncome": "None", "otherNonOperatingIncome": "None", "depreciation": "None", "depreciationAndAmortization": "2406000000", "incomeBeforeTax": "2461000000", "incomeTaxExpense": "785000000", "interestAndDebtExpense": "None", "netIncomeFromContinuingOperations": "None", "comprehensiveIncomeNetOfTax": "None", "ebit": "3202000000", "ebitda": "5608000000", "netIncome": "1703000000"}, {"fiscalDateEnding": "2010-12-31", "reportedCurrency": "USD", "grossProfit": "9804000000", "totalRevenue": "35135000000", "costOfRevenue": "25331000000", "costofGoodsAndServicesSold": "25331000000", "operatingIncome": "3453000000", "sellingGeneralAndAdministrative": "662000000", "researchAndDevelopment": "0", "operatingExpenses": "5078000000", "investmentIncomeNet": "None", "netInterestIncome": "None", "interestIncome": "None", "interestExpense": "361000000", "nonInterestIncome": "None", "otherNonOperatingIncome": "None", "depreciation": "None", "depreciationAndAmortization": "2317000000", "incomeBeforeTax": "3311000000", "incomeTaxExpense": "1173000000", "interestAndDebtExpense": "None", "netIncomeFromContinuingOperations": "2138000000", "comprehensiveIncomeNetOfTax": "None", "ebit": "4204000000", "ebitda": "6521000000", "netIncome": "2125000000"}, {"fiscalDateEnding": "2009-12-31", "reportedCurrency": "USD", "grossProfit": "5974000000", "totalRevenue": "29569000000", "costOfRevenue": "23595000000", "costofGoodsAndServicesSold": "23595000000", "operatingIncome": "1567000000", "sellingGeneralAndAdministrative": "647000000", "researchAndDevelopment": "0", "operatingExpenses": "4092000000", "investmentIncomeNet": "None", "netInterestIncome": "None", "interestIncome": "None", "interestExpense": "360000000", "nonInterestIncome": "None", "otherNonOperatingIncome": "None", "depreciation": "None", "depreciationAndAmortization": "2254000000", "incomeBeforeTax": "1522000000", "incomeTaxExpense": "715000000", "interestAndDebtExpense": "None", "netIncomeFromContinuingOperations": "None", "comprehensiveIncomeNetOfTax": "None", "ebit": "1882000000", "ebitda": "4136000000", "netIncome": "740000000"}, {"fiscalDateEnding": "2008-12-31", "reportedCurrency": "USD", "grossProfit": "8764000000", "totalRevenue": "41165000000", "costOfRevenue": "32401000000", "costofGoodsAndServicesSold": "32401000000", "operatingIncome": "5038000000", "sellingGeneralAndAdministrative": "672000000", "researchAndDevelopment": "None", "operatingExpenses": "3726000000", "investmentIncomeNet": "None", "netInterestIncome": "None", "interestIncome": "None", "interestExpense": "267000000", "nonInterestIncome": "None", "otherNonOperatingIncome": "None", "depreciation": "None", "depreciationAndAmortization": "2029000000", "incomeBeforeTax": "4700000000", "incomeTaxExpense": "2340000000", "interestAndDebtExpense": "None", "netIncomeFromContinuingOperations": "None", "comprehensiveIncomeNetOfTax": "None", "ebit": "5153000000", "ebitda": "7182000000", "netIncome": "2360000000"}, {"fiscalDateEnding": "2007-12-31", "reportedCurrency": "USD", "grossProfit": "7493000000", "totalRevenue": "31647000000", "costOfRevenue": "24154000000", "costofGoodsAndServicesSold": "24154000000", "operatingIncome": "3683000000", "sellingGeneralAndAdministrative": "614000000", "researchAndDevelopment": "None", "operatingExpenses": "3810000000", "investmentIncomeNet": "None", "netInterestIncome": "None", "interestIncome": "None", "interestExpense": "256000000", "nonInterestIncome": "None", "otherNonOperatingIncome": "None", "depreciation": "None", "depreciationAndAmortization": "1576000000", "incomeBeforeTax": "3704000000", "incomeTaxExpense": "1872000000", "interestAndDebtExpense": "None", "netIncomeFromContinuingOperations": "None", "comprehensiveIncomeNetOfTax": "None", "ebit": "3859000000", "ebitda": "5435000000", "netIncome": "1832000000"}, {"fiscalDateEnding": "2006-12-31", "reportedCurrency": "USD", "grossProfit": "6905000000", "totalRevenue": "28067000000", "costOfRevenue": "21162000000", "costofGoodsAndServicesSold": "21162000000", "operatingIncome": "3588000000", "sellingGeneralAndAdministrative": "471000000", "researchAndDevelopment": "None", "operatingExpenses": "3317000000", "investmentIncomeNet": "None", "netInterestIncome": "None", "interestIncome": "None", "interestExpense": "201000000", "nonInterestIncome": "None", "otherNonOperatingIncome": "None", "depreciation": "None", "depreciationAndAmortization": "1224000000", "incomeBeforeTax": "4040000000", "incomeTaxExpense": "2124000000", "interestAndDebtExpense": "None", "netIncomeFromContinuingOperations": "None", "comprehensiveIncomeNetOfTax": "None", "ebit": "3791000000", "ebitda": "5015000000", "netIncome": "1916000000"}, {"fiscalDateEnding": "2005-12-31", "reportedCurrency": "USD", "grossProfit": "4699000000", "totalRevenue": "22747000000", "costOfRevenue": "18048000000", "costofGoodsAndServicesSold": "18048000000", "operatingIncome": "1942000000", "sellingGeneralAndAdministrative": "357000000", "researchAndDevelopment": "None", "operatingExpenses": "2757000000", "investmentIncomeNet": "None", "netInterestIncome": "None", "interestIncome": "None", "interestExpense": "224000000", "nonInterestIncome": "None", "otherNonOperatingIncome": "None", "depreciation": "None", "depreciationAndAmortization": "1025000000", "incomeBeforeTax": "2226000000", "incomeTaxExpense": "984000000", "interestAndDebtExpense": "None", "netIncomeFromContinuingOperations": "None", "comprehensiveIncomeNetOfTax": "None", "ebit": "2318000000", "ebitda": "3343000000", "netIncome": "1242000000"}], "quarterlyReports": [{"fiscalDateEnding": "2024-12-31", "reportedCurrency": "USD", "grossProfit": "2488000000", "totalRevenue": "3141000000", "costOfRevenue": "653000000", "costofGoodsAndServicesSold": "653000000", "operatingIncome": "1688000000", "sellingGeneralAndAdministrative": "135000000", "researchAndDevelopment": "None", "operatingExpenses": "800000000", "investmentIncomeNet": "None", "netInterestIncome": "-93000000", "interestIncome": "None", "interestExpense": "93000000", "nonInterestIncome": "None", "otherNonOperatingIncome": "None", "depreciation": "None", "depreciationAndAmortization": "698000000", "incomeBeforeTax": "928000000", "incomeTaxExpense": "288000000", "interestAndDebtExpense": "None", "netIncomeFromContinuingOperations": "640000000", "comprehensiveIncomeNetOfTax": "None", "ebit": "990000000", "ebitda": "1688000000", "netIncome": "542000000"}, {"fiscalDateEnding": "2024-09-30", "reportedCurrency": "USD", "grossProfit": "2664000000", "totalRevenue": "3191000000", "costOfRevenue": "527000000", "costofGoodsAndServicesSold": "527000000", "operatingIncome": "1090000000", "sellingGeneralAndAdministrative": "118000000", "researchAndDevelopment": "None", "operatingExpenses": "1402000000", "investmentIncomeNet": "None", "netInterestIncome": "-100000000", "interestIncome": "None", "interestExpense": "100000000", "nonInterestIncome": "None", "otherNonOperatingIncome": "None", "depreciation": "None", "depreciationAndAmortization": "638000000", "incomeBeforeTax": "864000000", "incomeTaxExpense": "270000000", "interestAndDebtExpense": "None", "netIncomeFromContinuingOperations": "594000000", "comprehensiveIncomeNetOfTax": "None", "ebit": "964000000", "ebitda": "1602000000", "netIncome": "498000000"}, {"fiscalDateEnding": "2024-06-30", "reportedCurrency": "USD", "grossProfit": "1322000000", "totalRevenue": "3202000000", "costOfRevenue": "1880000000", "costofGoodsAndServicesSold": "1880000000", "operatingIncome": "1207000000", "sellingGeneralAndAdministrative": "115000000", "researchAndDevelopment": "None", "operatingExpenses": "115000000", "investmentIncomeNet": "None", "netInterestIncome": "-106000000", "interestIncome": "None", "interestExpense": "106000000", "nonInterestIncome": "None", "otherNonOperatingIncome": "None", "depreciation": "None", "depreciationAndAmortization": "663000000", "incomeBeforeTax": "1147000000", "incomeTaxExpense": "296000000", "interestAndDebtExpense": "None", "netIncomeFromContinuingOperations": "851000000", "comprehensiveIncomeNetOfTax": "None", "ebit": "1253000000", "ebitda": "1916000000", "netIncome": "757000000"}, {"fiscalDateEnding": "2024-03-31", "reportedCurrency": "USD", "grossProfit": "1620000000", "totalRevenue": "3309000000", "costOfRevenue": "1689000000", "costofGoodsAndServicesSold": "1689000000", "operatingIncome": "1496000000", "sellingGeneralAndAdministrative": "124000000", "researchAndDevelopment": "None", "operatingExpenses": "124000000", "investmentIncomeNet": "None", "netInterestIncome": "-113000000", "interestIncome": "None", "interestExpense": "113000000", "nonInterestIncome": "None", "otherNonOperatingIncome": "None", "depreciation": "None", "depreciationAndAmortization": "557000000", "incomeBeforeTax": "1415000000", "incomeTaxExpense": "348000000", "interestAndDebtExpense": "None", "netIncomeFromContinuingOperations": "1067000000", "comprehensiveIncomeNetOfTax": "None", "ebit": "1496000000", "ebitda": "2053000000", "netIncome": "972000000"}, {"fiscalDateEnding": "2023-12-31", "reportedCurrency": "USD", "grossProfit": "945000000", "totalRevenue": "3011000000", "costOfRevenue": "2066000000", "costofGoodsAndServicesSold": "2066000000", "operatingIncome": "777000000", "sellingGeneralAndAdministrative": "168000000", "researchAndDevelopment": "None", "operatingExpenses": "168000000", "investmentIncomeNet": "None", "netInterestIncome": "-116000000", "interestIncome": "None", "interestExpense": "135000000", "nonInterestIncome": "None", "otherNonOperatingIncome": "None", "depreciation": "None", "depreciationAndAmortization": "557000000", "incomeBeforeTax": "685000000", "incomeTaxExpense": "182000000", "interestAndDebtExpense": "None", "netIncomeFromContinuingOperations": "503000000", "comprehensiveIncomeNetOfTax": "None", "ebit": "801000000", "ebitda": "1358000000", "netIncome": "413000000"}, {"fiscalDateEnding": "2023-09-30", "reportedCurrency": "USD", "grossProfit": "1773000000", "totalRevenue": "2800000000", "costOfRevenue": "1027000000", "costofGoodsAndServicesSold": "1027000000", "operatingIncome": "932000000", "sellingGeneralAndAdministrative": "115000000", "researchAndDevelopment": "None", "operatingExpenses": "876000000", "investmentIncomeNet": "None", "netInterestIncome": "-117000000", "interestIncome": "117000000", "interestExpense": "117000000", "nonInterestIncome": "None", "otherNonOperatingIncome": "None", "depreciation": "None", "depreciationAndAmortization": "503000000", "incomeBeforeTax": "817000000", "incomeTaxExpense": "215000000", "interestAndDebtExpense": "None", "netIncomeFromContinuingOperations": "602000000", "comprehensiveIncomeNetOfTax": "None", "ebit": "928000000", "ebitda": "1431000000", "netIncome": "504000000"}, {"fiscalDateEnding": "2023-06-30", "reportedCurrency": "USD", "grossProfit": "1292000000", "totalRevenue": "2289000000", "costOfRevenue": "997000000", "costofGoodsAndServicesSold": "997000000", "operatingIncome": "569000000", "sellingGeneralAndAdministrative": "108000000", "researchAndDevelopment": "None", "operatingExpenses": "754000000", "investmentIncomeNet": "None", "netInterestIncome": "-122000000", "interestIncome": "122000000", "interestExpense": "122000000", "nonInterestIncome": "None", "otherNonOperatingIncome": "31000000", "depreciation": "None", "depreciationAndAmortization": "497000000", "incomeBeforeTax": "365000000", "incomeTaxExpense": "160000000", "interestAndDebtExpense": "None", "netIncomeFromContinuingOperations": "205000000", "comprehensiveIncomeNetOfTax": "None", "ebit": "569000000", "ebitda": "1066000000", "netIncome": "119000000"}, {"fiscalDateEnding": "2023-03-31", "reportedCurrency": "USD", "grossProfit": "1490000000", "totalRevenue": "2411000000", "costOfRevenue": "921000000", "costofGoodsAndServicesSold": "921000000", "operatingIncome": "727000000", "sellingGeneralAndAdministrative": "136000000", "researchAndDevelopment": "None", "operatingExpenses": "805000000", "investmentIncomeNet": "None", "netInterestIncome": "-123000000", "interestIncome": "123000000", "interestExpense": "123000000", "nonInterestIncome": "None", "otherNonOperatingIncome": "42000000", "depreciation": "None", "depreciationAndAmortization": "491000000", "incomeBeforeTax": "604000000", "incomeTaxExpense": "176000000", "interestAndDebtExpense": "None", "netIncomeFromContinuingOperations": "428000000", "comprehensiveIncomeNetOfTax": "None", "ebit": "727000000", "ebitda": "1218000000", "netIncome": "346000000"}, {"fiscalDateEnding": "2022-12-31", "reportedCurrency": "USD", "grossProfit": "1990000000", "totalRevenue": "2934000000", "costOfRevenue": "944000000", "costofGoodsAndServicesSold": "944000000", "operatingIncome": "1057000000", "sellingGeneralAndAdministrative": "116000000", "researchAndDevelopment": "None", "operatingExpenses": "977000000", "investmentIncomeNet": "None", "netInterestIncome": "-124000000", "interestIncome": "124000000", "interestExpense": "124000000", "nonInterestIncome": "None", "otherNonOperatingIncome": "None", "depreciation": "None", "depreciationAndAmortization": "504000000", "incomeBeforeTax": "1009000000", "incomeTaxExpense": "300000000", "interestAndDebtExpense": "None", "netIncomeFromContinuingOperations": "709000000", "comprehensiveIncomeNetOfTax": "None", "ebit": "1057000000", "ebitda": "1561000000", "netIncome": "497000000"}, {"fiscalDateEnding": "2022-09-30", "reportedCurrency": "USD", "grossProfit": "2181000000", "totalRevenue": "3122000000", "costOfRevenue": "941000000", "costofGoodsAndServicesSold": "941000000", "operatingIncome": "1067000000", "sellingGeneralAndAdministrative": "109000000", "researchAndDevelopment": "None", "operatingExpenses": "1149000000", "investmentIncomeNet": "None", "netInterestIncome": "-125000000", "interestIncome": "125000000", "interestExpense": "125000000", "nonInterestIncome": "None", "otherNonOperatingIncome": "None", "depreciation": "None", "depreciationAndAmortization": "471000000", "incomeBeforeTax": "888000000", "incomeTaxExpense": "282000000", "interestAndDebtExpense": "None", "netIncomeFromContinuingOperations": "606000000", "comprehensiveIncomeNetOfTax": "None", "ebit": "1067000000", "ebitda": "1538000000", "netIncome": "515000000"}, {"fiscalDateEnding": "2022-06-30", "reportedCurrency": "USD", "grossProfit": "2141000000", "totalRevenue": "2955000000", "costOfRevenue": "814000000", "costofGoodsAndServicesSold": "814000000", "operatingIncome": "1200000000", "sellingGeneralAndAdministrative": "95000000", "researchAndDevelopment": "None", "operatingExpenses": "971000000", "investmentIncomeNet": "None", "netInterestIncome": "-121000000", "interestIncome": "121000000", "interestExpense": "121000000", "nonInterestIncome": "None", "otherNonOperatingIncome": "None", "depreciation": "None", "depreciationAndAmortization": "391000000", "incomeBeforeTax": "1082000000", "incomeTaxExpense": "328000000", "interestAndDebtExpense": "None", "netIncomeFromContinuingOperations": "754000000", "comprehensiveIncomeNetOfTax": "None", "ebit": "1200000000", "ebitda": "1591000000", "netIncome": "667000000"}, {"fiscalDateEnding": "2022-03-31", "reportedCurrency": "USD", "grossProfit": "1602000000", "totalRevenue": "2313000000", "costOfRevenue": "711000000", "costofGoodsAndServicesSold": "711000000", "operatingIncome": "803000000", "sellingGeneralAndAdministrative": "110000000", "researchAndDevelopment": "None", "operatingExpenses": "835000000", "investmentIncomeNet": "None", "netInterestIncome": "-123000000", "interestIncome": "123000000", "interestExpense": "123000000", "nonInterestIncome": "None", "otherNonOperatingIncome": "None", "depreciation": "None", "depreciationAndAmortization": "337000000", "incomeBeforeTax": "702000000", "incomeTaxExpense": "197000000", "interestAndDebtExpense": "None", "netIncomeFromContinuingOperations": "505000000", "comprehensiveIncomeNetOfTax": "None", "ebit": "803000000", "ebitda": "1140000000", "netIncome": "417000000"}, {"fiscalDateEnding": "2021-12-31", "reportedCurrency": "USD", "grossProfit": "1474000000", "totalRevenue": "2237000000", "costOfRevenue": "763000000", "costofGoodsAndServicesSold": "763000000", "operatingIncome": "598000000", "sellingGeneralAndAdministrative": "86000000", "researchAndDevelopment": "None", "operatingExpenses": "803000000", "investmentIncomeNet": "None", "netInterestIncome": "-121000000", "interestIncome": "121000000", "interestExpense": "121000000", "nonInterestIncome": "None", "otherNonOperatingIncome": "None", "depreciation": "None", "depreciationAndAmortization": "398000000", "incomeBeforeTax": "568000000", "incomeTaxExpense": "212000000", "interestAndDebtExpense": "None", "netIncomeFromContinuingOperations": "356000000", "comprehensiveIncomeNetOfTax": "None", "ebit": "689000000", "ebitda": "1087000000", "netIncome": "265000000"}, {"fiscalDateEnding": "2021-09-30", "reportedCurrency": "USD", "grossProfit": "1035000000", "totalRevenue": "1759000000", "costOfRevenue": "724000000", "costofGoodsAndServicesSold": "724000000", "operatingIncome": "276000000", "sellingGeneralAndAdministrative": "76000000", "researchAndDevelopment": "None", "operatingExpenses": "634000000", "investmentIncomeNet": "None", "netInterestIncome": "-125000000", "interestIncome": "125000000", "interestExpense": "125000000", "nonInterestIncome": "None", "otherNonOperatingIncome": "None", "depreciation": "None", "depreciationAndAmortization": "349000000", "incomeBeforeTax": "328000000", "incomeTaxExpense": "143000000", "interestAndDebtExpense": "None", "netIncomeFromContinuingOperations": "185000000", "comprehensiveIncomeNetOfTax": "None", "ebit": "424000000", "ebitda": "773000000", "netIncome": "115000000"}, {"fiscalDateEnding": "2021-06-30", "reportedCurrency": "USD", "grossProfit": "835000000", "totalRevenue": "1579000000", "costOfRevenue": "744000000", "costofGoodsAndServicesSold": "744000000", "operatingIncome": "381000000", "sellingGeneralAndAdministrative": "84000000", "researchAndDevelopment": "None", "operatingExpenses": "454000000", "investmentIncomeNet": "None", "netInterestIncome": "-118000000", "interestIncome": "118000000", "interestExpense": "118000000", "nonInterestIncome": "None", "otherNonOperatingIncome": "None", "depreciation": "None", "depreciationAndAmortization": "385000000", "incomeBeforeTax": "135000000", "incomeTaxExpense": "122000000", "interestAndDebtExpense": "None", "netIncomeFromContinuingOperations": "13000000", "comprehensiveIncomeNetOfTax": "None", "ebit": "400000000", "ebitda": "785000000", "netIncome": "-73000000"}, {"fiscalDateEnding": "2021-03-31", "reportedCurrency": "USD", "grossProfit": "1200000000", "totalRevenue": "1898000000", "costOfRevenue": "698000000", "costofGoodsAndServicesSold": "698000000", "operatingIncome": "438000000", "sellingGeneralAndAdministrative": "94000000", "researchAndDevelopment": "None", "operatingExpenses": "645000000", "investmentIncomeNet": "None", "netInterestIncome": "-117000000", "interestIncome": "117000000", "interestExpense": "117000000", "nonInterestIncome": "None", "otherNonOperatingIncome": "None", "depreciation": "None", "depreciationAndAmortization": "396000000", "incomeBeforeTax": "459000000", "incomeTaxExpense": "123000000", "interestAndDebtExpense": "None", "netIncomeFromContinuingOperations": "336000000", "comprehensiveIncomeNetOfTax": "None", "ebit": "576000000", "ebitda": "972000000", "netIncome": "252000000"}, {"fiscalDateEnding": "2020-12-31", "reportedCurrency": "USD", "grossProfit": "490000000", "totalRevenue": "1321000000", "costOfRevenue": "831000000", "costofGoodsAndServicesSold": "831000000", "operatingIncome": "67000000", "sellingGeneralAndAdministrative": "82000000", "researchAndDevelopment": "None", "operatingExpenses": "423000000", "investmentIncomeNet": "None", "netInterestIncome": "-118000000", "interestIncome": "118000000", "interestExpense": "118000000", "nonInterestIncome": "None", "otherNonOperatingIncome": "None", "depreciation": "None", "depreciationAndAmortization": "486000000", "incomeBeforeTax": "45000000", "incomeTaxExpense": "72000000", "interestAndDebtExpense": "None", "netIncomeFromContinuingOperations": "-27000000", "comprehensiveIncomeNetOfTax": "None", "ebit": "84000000", "ebitda": "570000000", "netIncome": "-97000000"}, {"fiscalDateEnding": "2020-09-30", "reportedCurrency": "USD", "grossProfit": "299000000", "totalRevenue": "1159000000", "costOfRevenue": "860000000", "costofGoodsAndServicesSold": "860000000", "operatingIncome": "-77000000", "sellingGeneralAndAdministrative": "84000000", "researchAndDevelopment": "None", "operatingExpenses": "376000000", "investmentIncomeNet": "None", "netInterestIncome": "-118000000", "interestIncome": "117000000", "interestExpense": "118000000", "nonInterestIncome": "None", "otherNonOperatingIncome": "None", "depreciation": "None", "depreciationAndAmortization": "518000000", "incomeBeforeTax": "-178000000", "incomeTaxExpense": "5000000", "interestAndDebtExpense": "None", "netIncomeFromContinuingOperations": "-183000000", "comprehensiveIncomeNetOfTax": "None", "ebit": "-60000000", "ebitda": "458000000", "netIncome": "-243000000"}, {"fiscalDateEnding": "2020-06-30", "reportedCurrency": "USD", "grossProfit": "14000000", "totalRevenue": "833000000", "costOfRevenue": "819000000", "costofGoodsAndServicesSold": "819000000", "operatingIncome": "-162000000", "sellingGeneralAndAdministrative": "89000000", "researchAndDevelopment": "None", "operatingExpenses": "176000000", "investmentIncomeNet": "None", "netInterestIncome": "-119000000", "interestIncome": "117000000", "interestExpense": "119000000", "nonInterestIncome": "None", "otherNonOperatingIncome": "None", "depreciation": "None", "depreciationAndAmortization": "509000000", "incomeBeforeTax": "-272000000", "incomeTaxExpense": "-9000000", "interestAndDebtExpense": "None", "netIncomeFromContinuingOperations": "-263000000", "comprehensiveIncomeNetOfTax": "None", "ebit": "-161000000", "ebitda": "348000000", "netIncome": "-320000000"}, {"fiscalDateEnding": "2020-03-31", "reportedCurrency": "USD", "grossProfit": "448000000", "totalRevenue": "1354000000", "costOfRevenue": "906000000", "costofGoodsAndServicesSold": "906000000", "operatingIncome": "-221000000", "sellingGeneralAndAdministrative": "102000000", "researchAndDevelopment": "None", "operatingExpenses": "669000000", "investmentIncomeNet": "None", "netInterestIncome": "-113000000", "interestIncome": "112000000", "interestExpense": "113000000", "nonInterestIncome": "None", "otherNonOperatingIncome": "None", "depreciation": "None", "depreciationAndAmortization": "561000000", "incomeBeforeTax": "-2445000000", "incomeTaxExpense": "-79000000", "interestAndDebtExpense": "None", "netIncomeFromContinuingOperations": "-2366000000", "comprehensiveIncomeNetOfTax": "None", "ebit": "-206000000", "ebitda": "355000000", "netIncome": "-2433000000"}, {"fiscalDateEnding": "2019-12-31", "reportedCurrency": "USD", "grossProfit": "680000000", "totalRevenue": "1683000000", "costOfRevenue": "1003000000", "costofGoodsAndServicesSold": "1003000000", "operatingIncome": "15000000", "sellingGeneralAndAdministrative": "131000000", "researchAndDevelopment": "None", "operatingExpenses": "665000000", "investmentIncomeNet": "None", "netInterestIncome": "-95000000", "interestIncome": "88000000", "interestExpense": "95000000", "nonInterestIncome": "None", "otherNonOperatingIncome": "None", "depreciation": "None", "depreciationAndAmortization": "586000000", "incomeBeforeTax": "-64000000", "incomeTaxExpense": "119000000", "interestAndDebtExpense": "None", "netIncomeFromContinuingOperations": "-183000000", "comprehensiveIncomeNetOfTax": "None", "ebit": "31000000", "ebitda": "617000000", "netIncome": "-222000000"}, {"fiscalDateEnding": "2019-09-30", "reportedCurrency": "USD", "grossProfit": "668000000", "totalRevenue": "1580000000", "costOfRevenue": "912000000", "costofGoodsAndServicesSold": "912000000", "operatingIncome": "105000000", "sellingGeneralAndAdministrative": "90000000", "researchAndDevelopment": "None", "operatingExpenses": "553000000", "investmentIncomeNet": "None", "netInterestIncome": "-90000000", "interestIncome": "91000000", "interestExpense": "90000000", "nonInterestIncome": "None", "otherNonOperatingIncome": "None", "depreciation": "None", "depreciationAndAmortization": "544000000", "incomeBeforeTax": "-40000000", "incomeTaxExpense": "119000000", "interestAndDebtExpense": "None", "netIncomeFromContinuingOperations": "-166000000", "comprehensiveIncomeNetOfTax": "None", "ebit": "50000000", "ebitda": "594000000", "netIncome": "-205000000"}, {"fiscalDateEnding": "2019-06-30", "reportedCurrency": "USD", "grossProfit": "835000000", "totalRevenue": "1660000000", "costOfRevenue": "825000000", "costofGoodsAndServicesSold": "825000000", "operatingIncome": "226000000", "sellingGeneralAndAdministrative": "89000000", "researchAndDevelopment": "None", "operatingExpenses": "609000000", "investmentIncomeNet": "None", "netInterestIncome": "-97000000", "interestIncome": "99000000", "interestExpense": "97000000", "nonInterestIncome": "None", "otherNonOperatingIncome": "None", "depreciation": "None", "depreciationAndAmortization": "494000000", "incomeBeforeTax": "166000000", "incomeTaxExpense": "132000000", "interestAndDebtExpense": "None", "netIncomeFromContinuingOperations": "34000000", "comprehensiveIncomeNetOfTax": "None", "ebit": "241000000", "ebitda": "735000000", "netIncome": "-6000000"}, {"fiscalDateEnding": "2019-03-31", "reportedCurrency": "USD", "grossProfit": "769000000", "totalRevenue": "1572000000", "costOfRevenue": "803000000", "costofGoodsAndServicesSold": "803000000", "operatingIncome": "142000000", "sellingGeneralAndAdministrative": "87000000", "researchAndDevelopment": "None", "operatingExpenses": "529000000", "investmentIncomeNet": "None", "netInterestIncome": "-98000000", "interestIncome": "103000000", "interestExpense": "98000000", "nonInterestIncome": "None", "otherNonOperatingIncome": "None", "depreciation": "None", "depreciationAndAmortization": "498000000", "incomeBeforeTax": "169000000", "incomeTaxExpense": "94000000", "interestAndDebtExpense": "None", "netIncomeFromContinuingOperations": "75000000", "comprehensiveIncomeNetOfTax": "None", "ebit": "267000000", "ebitda": "765000000", "netIncome": "32000000"}, {"fiscalDateEnding": "2018-12-31", "reportedCurrency": "USD", "grossProfit": "785000000", "totalRevenue": "1653000000", "costOfRevenue": "868000000", "costofGoodsAndServicesSold": "868000000", "operatingIncome": "128000000", "sellingGeneralAndAdministrative": "91000000", "researchAndDevelopment": "0", "operatingExpenses": "654000000", "investmentIncomeNet": "None", "netInterestIncome": "None", "interestIncome": "None", "interestExpense": "99000000", "nonInterestIncome": "None", "otherNonOperatingIncome": "None", "depreciation": "None", "depreciationAndAmortization": "533000000", "incomeBeforeTax": "61000000", "incomeTaxExpense": "27000000", "interestAndDebtExpense": "None", "netIncomeFromContinuingOperations": "34000000", "comprehensiveIncomeNetOfTax": "None", "ebit": "160000000", "ebitda": "693000000", "netIncome": "-4000000"}, {"fiscalDateEnding": "2018-09-30", "reportedCurrency": "USD", "grossProfit": "991000000", "totalRevenue": "1793000000", "costOfRevenue": "802000000", "costofGoodsAndServicesSold": "802000000", "operatingIncome": "188000000", "sellingGeneralAndAdministrative": "143000000", "researchAndDevelopment": "0", "operatingExpenses": "709000000", "investmentIncomeNet": "None", "netInterestIncome": "None", "interestIncome": "None", "interestExpense": "99000000", "nonInterestIncome": "None", "otherNonOperatingIncome": "None", "depreciation": "None", "depreciationAndAmortization": "489000000", "incomeBeforeTax": "218000000", "incomeTaxExpense": "121000000", "interestAndDebtExpense": "None", "netIncomeFromContinuingOperations": "3000000", "comprehensiveIncomeNetOfTax": "None", "ebit": "303000000", "ebitda": "792000000", "netIncome": "52000000"}, {"fiscalDateEnding": "2018-06-30", "reportedCurrency": "USD", "grossProfit": "310000000", "totalRevenue": "1534000000", "costOfRevenue": "1224000000", "costofGoodsAndServicesSold": "1224000000", "operatingIncome": "119000000", "sellingGeneralAndAdministrative": "129000000", "researchAndDevelopment": "0", "operatingExpenses": "191000000", "investmentIncomeNet": "None", "netInterestIncome": "None", "interestIncome": "None", "interestExpense": "98000000", "nonInterestIncome": "None", "otherNonOperatingIncome": "-26000000", "depreciation": "None", "depreciationAndAmortization": "444000000", "incomeBeforeTax": "27000000", "incomeTaxExpense": "114000000", "interestAndDebtExpense": "None", "netIncomeFromContinuingOperations": "-87000000", "comprehensiveIncomeNetOfTax": "None", "ebit": "140000000", "ebitda": "584000000", "netIncome": "-130000000"}, {"fiscalDateEnding": "2018-03-31", "reportedCurrency": "USD", "grossProfit": "244000000", "totalRevenue": "1346000000", "costOfRevenue": "1102000000", "costofGoodsAndServicesSold": "1102000000", "operatingIncome": "94000000", "sellingGeneralAndAdministrative": "110000000", "researchAndDevelopment": "0", "operatingExpenses": "150000000", "investmentIncomeNet": "None", "netInterestIncome": "None", "interestIncome": "None", "interestExpense": "103000000", "nonInterestIncome": "None", "otherNonOperatingIncome": "-27000000", "depreciation": "None", "depreciationAndAmortization": "417000000", "incomeBeforeTax": "8000000", "incomeTaxExpense": "73000000", "interestAndDebtExpense": "None", "netIncomeFromContinuingOperations": "-65000000", "comprehensiveIncomeNetOfTax": "None", "ebit": "131000000", "ebitda": "548000000", "netIncome": "-106000000"}, {"fiscalDateEnding": "2017-12-31", "reportedCurrency": "USD", "grossProfit": "151000000", "totalRevenue": "1663000000", "costOfRevenue": "1512000000", "costofGoodsAndServicesSold": "1512000000", "operatingIncome": "-330000000", "sellingGeneralAndAdministrative": "125000000", "researchAndDevelopment": "0", "operatingExpenses": "481000000", "investmentIncomeNet": "None", "netInterestIncome": "None", "interestIncome": "None", "interestExpense": "80000000", "nonInterestIncome": "None", "otherNonOperatingIncome": "None", "depreciation": "None", "depreciationAndAmortization": "646000000", "incomeBeforeTax": "-2477000000", "incomeTaxExpense": "158000000", "interestAndDebtExpense": "None", "netIncomeFromContinuingOperations": "-2635000000", "comprehensiveIncomeNetOfTax": "None", "ebit": "-335000000", "ebitda": "311000000", "netIncome": "-2677000000"}, {"fiscalDateEnding": "2017-09-30", "reportedCurrency": "USD", "grossProfit": "-128000000", "totalRevenue": "1370000000", "costOfRevenue": "1498000000", "costofGoodsAndServicesSold": "1498000000", "operatingIncome": "-281000000", "sellingGeneralAndAdministrative": "113000000", "researchAndDevelopment": "0", "operatingExpenses": "153000000", "investmentIncomeNet": "None", "netInterestIncome": "None", "interestIncome": "None", "interestExpense": "79000000", "nonInterestIncome": "None", "otherNonOperatingIncome": "None", "depreciation": "None", "depreciationAndAmortization": "759000000", "incomeBeforeTax": "-2567000000", "incomeTaxExpense": "-1974000000", "interestAndDebtExpense": "None", "netIncomeFromContinuingOperations": "-593000000", "comprehensiveIncomeNetOfTax": "None", "ebit": "-259000000", "ebitda": "500000000", "netIncome": "-624000000"}, {"fiscalDateEnding": "2017-06-30", "reportedCurrency": "USD", "grossProfit": "-202000000", "totalRevenue": "1216000000", "costOfRevenue": "1418000000", "costofGoodsAndServicesSold": "1418000000", "operatingIncome": "-355000000", "sellingGeneralAndAdministrative": "100000000", "researchAndDevelopment": "0", "operatingExpenses": "153000000", "investmentIncomeNet": "None", "netInterestIncome": "None", "interestIncome": "None", "interestExpense": "82000000", "nonInterestIncome": "None", "otherNonOperatingIncome": "None", "depreciation": "None", "depreciationAndAmortization": "741000000", "incomeBeforeTax": "-425000000", "incomeTaxExpense": "-8000000", "interestAndDebtExpense": "None", "netIncomeFromContinuingOperations": "-417000000", "comprehensiveIncomeNetOfTax": "None", "ebit": "-343000000", "ebitda": "398000000", "netIncome": "-449000000"}, {"fiscalDateEnding": "2017-03-31", "reportedCurrency": "USD", "grossProfit": "-69000000", "totalRevenue": "1277000000", "costOfRevenue": "1346000000", "costofGoodsAndServicesSold": "1346000000", "operatingIncome": "-223000000", "sellingGeneralAndAdministrative": "96000000", "researchAndDevelopment": "0", "operatingExpenses": "154000000", "investmentIncomeNet": "None", "netInterestIncome": "None", "interestIncome": "None", "interestExpense": "84000000", "nonInterestIncome": "None", "otherNonOperatingIncome": "None", "depreciation": "None", "depreciationAndAmortization": "737000000", "incomeBeforeTax": "-309000000", "incomeTaxExpense": "-13000000", "interestAndDebtExpense": "None", "netIncomeFromContinuingOperations": "-296000000", "comprehensiveIncomeNetOfTax": "None", "ebit": "-225000000", "ebitda": "512000000", "netIncome": "-324000000"}, {"fiscalDateEnding": "2016-12-31", "reportedCurrency": "USD", "grossProfit": "-350000000", "totalRevenue": "1388000000", "costOfRevenue": "1738000000", "costofGoodsAndServicesSold": "1738000000", "operatingIncome": "-1488000000", "sellingGeneralAndAdministrative": "105000000", "researchAndDevelopment": "0", "operatingExpenses": "1138000000", "investmentIncomeNet": "None", "netInterestIncome": "None", "interestIncome": "None", "interestExpense": "84000000", "nonInterestIncome": "None", "otherNonOperatingIncome": "-68000000", "depreciation": "None", "depreciationAndAmortization": "768000000", "incomeBeforeTax": "-1709000000", "incomeTaxExpense": "3189000000", "interestAndDebtExpense": "None", "netIncomeFromContinuingOperations": "-4898000000", "comprehensiveIncomeNetOfTax": "None", "ebit": "-1490000000", "ebitda": "-722000000", "netIncome": "-4892000000"}, {"fiscalDateEnding": "2016-09-30", "reportedCurrency": "USD", "grossProfit": "-304000000", "totalRevenue": "1177000000", "costOfRevenue": "1481000000", "costofGoodsAndServicesSold": "1481000000", "operatingIncome": "-488000000", "sellingGeneralAndAdministrative": "106000000", "researchAndDevelopment": "0", "operatingExpenses": "184000000", "investmentIncomeNet": "None", "netInterestIncome": "None", "interestIncome": "None", "interestExpense": "84000000", "nonInterestIncome": "None", "otherNonOperatingIncome": "-80000000", "depreciation": "None", "depreciationAndAmortization": "811000000", "incomeBeforeTax": "-633000000", "incomeTaxExpense": "-316000000", "interestAndDebtExpense": "None", "netIncomeFromContinuingOperations": "-317000000", "comprehensiveIncomeNetOfTax": "None", "ebit": "-469000000", "ebitda": "342000000", "netIncome": "-339000000"}, {"fiscalDateEnding": "2016-06-30", "reportedCurrency": "USD", "grossProfit": "-333000000", "totalRevenue": "1224000000", "costOfRevenue": "1557000000", "costofGoodsAndServicesSold": "1557000000", "operatingIncome": "-638000000", "sellingGeneralAndAdministrative": "106000000", "researchAndDevelopment": "0", "operatingExpenses": "305000000", "investmentIncomeNet": "None", "netInterestIncome": "None", "interestIncome": "None", "interestExpense": "85000000", "nonInterestIncome": "None", "otherNonOperatingIncome": "None", "depreciation": "None", "depreciationAndAmortization": "797000000", "incomeBeforeTax": "-678000000", "incomeTaxExpense": "-305000000", "interestAndDebtExpense": "None", "netIncomeFromContinuingOperations": "-373000000", "comprehensiveIncomeNetOfTax": "None", "ebit": "-593000000", "ebitda": "204000000", "netIncome": "-392000000"}, {"fiscalDateEnding": "2016-03-31", "reportedCurrency": "USD", "grossProfit": "-539000000", "totalRevenue": "973000000", "costOfRevenue": "1512000000", "costofGoodsAndServicesSold": "1512000000", "operatingIncome": "-769000000", "sellingGeneralAndAdministrative": "98000000", "researchAndDevelopment": "0", "operatingExpenses": "230000000", "investmentIncomeNet": "None", "netInterestIncome": "None", "interestIncome": "None", "interestExpense": "85000000", "nonInterestIncome": "None", "otherNonOperatingIncome": "None", "depreciation": "None", "depreciationAndAmortization": "868000000", "incomeBeforeTax": "-834000000", "incomeTaxExpense": "-346000000", "interestAndDebtExpense": "None", "netIncomeFromContinuingOperations": "-488000000", "comprehensiveIncomeNetOfTax": "None", "ebit": "-1617000000", "ebitda": "-749000000", "netIncome": "-509000000"}, {"fiscalDateEnding": "2015-12-31", "reportedCurrency": "USD", "grossProfit": "-361000000", "totalRevenue": "1474000000", "costOfRevenue": "1835000000", "costofGoodsAndServicesSold": "1835000000", "operatingIncome": "-879000000", "sellingGeneralAndAdministrative": "140000000", "researchAndDevelopment": "0", "operatingExpenses": "518000000", "investmentIncomeNet": "None", "netInterestIncome": "None", "interestIncome": "None", "interestExpense": "86000000", "nonInterestIncome": "None", "otherNonOperatingIncome": "None", "depreciation": "None", "depreciationAndAmortization": "983000000", "incomeBeforeTax": "-2283000000", "incomeTaxExpense": "-492000000", "interestAndDebtExpense": "None", "netIncomeFromContinuingOperations": "-1791000000", "comprehensiveIncomeNetOfTax": "None", "ebit": "-1949000000", "ebitda": "-966000000", "netIncome": "-1821000000"}, {"fiscalDateEnding": "2015-09-30", "reportedCurrency": "USD", "grossProfit": "-210000000", "totalRevenue": "1671000000", "costOfRevenue": "1881000000", "costofGoodsAndServicesSold": "1881000000", "operatingIncome": "-473000000", "sellingGeneralAndAdministrative": "119000000", "researchAndDevelopment": "0", "operatingExpenses": "263000000", "investmentIncomeNet": "None", "netInterestIncome": "None", "interestIncome": "None", "interestExpense": "84000000", "nonInterestIncome": "None", "otherNonOperatingIncome": "None", "depreciation": "None", "depreciationAndAmortization": "988000000", "incomeBeforeTax": "-539000000", "incomeTaxExpense": "-300000000", "interestAndDebtExpense": "None", "netIncomeFromContinuingOperations": "-239000000", "comprehensiveIncomeNetOfTax": "None", "ebit": "-1493000000", "ebitda": "-505000000", "netIncome": "-279000000"}, {"fiscalDateEnding": "2015-06-30", "reportedCurrency": "USD", "grossProfit": "21000000", "totalRevenue": "1953000000", "costOfRevenue": "1932000000", "costofGoodsAndServicesSold": "1932000000", "operatingIncome": "-220000000", "sellingGeneralAndAdministrative": "151000000", "researchAndDevelopment": "0", "operatingExpenses": "241000000", "investmentIncomeNet": "None", "netInterestIncome": "None", "interestIncome": "None", "interestExpense": "86000000", "nonInterestIncome": "None", "otherNonOperatingIncome": "None", "depreciation": "None", "depreciationAndAmortization": "1028000000", "incomeBeforeTax": "-709000000", "incomeTaxExpense": "-156000000", "interestAndDebtExpense": "None", "netIncomeFromContinuingOperations": "-553000000", "comprehensiveIncomeNetOfTax": "None", "ebit": "-1266000000", "ebitda": "-238000000", "netIncome": "-567000000"}, {"fiscalDateEnding": "2015-03-31", "reportedCurrency": "USD", "grossProfit": "-238000000", "totalRevenue": "1538000000", "costOfRevenue": "1776000000", "costofGoodsAndServicesSold": "1776000000", "operatingIncome": "-654000000", "sellingGeneralAndAdministrative": "147000000", "researchAndDevelopment": "0", "operatingExpenses": "416000000", "investmentIncomeNet": "None", "netInterestIncome": "None", "interestIncome": "None", "interestExpense": "85000000", "nonInterestIncome": "None", "otherNonOperatingIncome": "None", "depreciation": "None", "depreciationAndAmortization": "956000000", "incomeBeforeTax": "-727000000", "incomeTaxExpense": "-351000000", "interestAndDebtExpense": "None", "netIncomeFromContinuingOperations": "-376000000", "comprehensiveIncomeNetOfTax": "None", "ebit": "-1598000000", "ebitda": "-642000000", "netIncome": "-389000000"}, {"fiscalDateEnding": "2014-12-31", "reportedCurrency": "USD", "grossProfit": "622000000", "totalRevenue": "2557000000", "costOfRevenue": "1935000000", "costofGoodsAndServicesSold": "1935000000", "operatingIncome": "203000000", "sellingGeneralAndAdministrative": "164000000", "researchAndDevelopment": "0", "operatingExpenses": "335000000", "investmentIncomeNet": "None", "netInterestIncome": "None", "interestIncome": "None", "interestExpense": "82000000", "nonInterestIncome": "None", "otherNonOperatingIncome": "None", "depreciation": "None", "depreciationAndAmortization": "875000000", "incomeBeforeTax": "176000000", "incomeTaxExpense": "181000000", "interestAndDebtExpense": "None", "netIncomeFromContinuingOperations": "-72000000", "comprehensiveIncomeNetOfTax": "None", "ebit": "-620000000", "ebitda": "255000000", "netIncome": "-8000000"}, {"fiscalDateEnding": "2014-09-30", "reportedCurrency": "USD", "grossProfit": "905000000", "totalRevenue": "2745000000", "costOfRevenue": "1840000000", "costofGoodsAndServicesSold": "1840000000", "operatingIncome": "642000000", "sellingGeneralAndAdministrative": "139000000", "researchAndDevelopment": "0", "operatingExpenses": "263000000", "investmentIncomeNet": "None", "netInterestIncome": "None", "interestIncome": "None", "interestExpense": "75000000", "nonInterestIncome": "None", "otherNonOperatingIncome": "None", "depreciation": "None", "depreciationAndAmortization": "837000000", "incomeBeforeTax": "624000000", "incomeTaxExpense": "237000000", "interestAndDebtExpense": "None", "netIncomeFromContinuingOperations": "387000000", "comprehensiveIncomeNetOfTax": "None", "ebit": "-169000000", "ebitda": "668000000", "netIncome": "1008000000"}, {"fiscalDateEnding": "2014-06-30", "reportedCurrency": "USD", "grossProfit": "1015000000", "totalRevenue": "2846000000", "costOfRevenue": "1831000000", "costofGoodsAndServicesSold": "1831000000", "operatingIncome": "387000000", "sellingGeneralAndAdministrative": "143000000", "researchAndDevelopment": "0", "operatingExpenses": "628000000", "investmentIncomeNet": "None", "netInterestIncome": "None", "interestIncome": "None", "interestExpense": "85000000", "nonInterestIncome": "None", "otherNonOperatingIncome": "None", "depreciation": "None", "depreciationAndAmortization": "760000000", "incomeBeforeTax": "1056000000", "incomeTaxExpense": "89000000", "interestAndDebtExpense": "None", "netIncomeFromContinuingOperations": "967000000", "comprehensiveIncomeNetOfTax": "None", "ebit": "-398000000", "ebitda": "362000000", "netIncome": "931000000"}, {"fiscalDateEnding": "2014-03-31", "reportedCurrency": "USD", "grossProfit": "1352000000", "totalRevenue": "5554000000", "costOfRevenue": "4202000000", "costofGoodsAndServicesSold": "4202000000", "operatingIncome": "787000000", "sellingGeneralAndAdministrative": "153000000", "researchAndDevelopment": "0", "operatingExpenses": "565000000", "investmentIncomeNet": "None", "netInterestIncome": "None", "interestIncome": "None", "interestExpense": "81000000", "nonInterestIncome": "None", "otherNonOperatingIncome": "None", "depreciation": "None", "depreciationAndAmortization": "752000000", "incomeBeforeTax": "658000000", "incomeTaxExpense": "248000000", "interestAndDebtExpense": "None", "netIncomeFromContinuingOperations": "410000000", "comprehensiveIncomeNetOfTax": "None", "ebit": "-23000000", "ebitda": "729000000", "netIncome": "386000000"}, {"fiscalDateEnding": "2013-12-31", "reportedCurrency": "USD", "grossProfit": "1105000000", "totalRevenue": "5183000000", "costOfRevenue": "4078000000", "costofGoodsAndServicesSold": "4078000000", "operatingIncome": "155000000", "sellingGeneralAndAdministrative": "214000000", "researchAndDevelopment": "0", "operatingExpenses": "917000000", "investmentIncomeNet": "None", "netInterestIncome": "None", "interestIncome": "None", "interestExpense": "97000000", "nonInterestIncome": "None", "otherNonOperatingIncome": "None", "depreciation": "None", "depreciationAndAmortization": "797000000", "incomeBeforeTax": "187000000", "incomeTaxExpense": "-666000000", "interestAndDebtExpense": "None", "netIncomeFromContinuingOperations": "830000000", "comprehensiveIncomeNetOfTax": "None", "ebit": "-604000000", "ebitda": "193000000", "netIncome": "1925000000"}, {"fiscalDateEnding": "2013-09-30", "reportedCurrency": "USD", "grossProfit": "1092000000", "totalRevenue": "2706000000", "costOfRevenue": "1614000000", "costofGoodsAndServicesSold": "1614000000", "operatingIncome": "785000000", "sellingGeneralAndAdministrative": "153000000", "researchAndDevelopment": "0", "operatingExpenses": "307000000", "investmentIncomeNet": "None", "netInterestIncome": "None", "interestIncome": "None", "interestExpense": "86000000", "nonInterestIncome": "None", "otherNonOperatingIncome": "None", "depreciation": "None", "depreciationAndAmortization": "681000000", "incomeBeforeTax": "691000000", "incomeTaxExpense": "325000000", "interestAndDebtExpense": "None", "netIncomeFromContinuingOperations": "366000000", "comprehensiveIncomeNetOfTax": "None", "ebit": "101000000", "ebitda": "782000000", "netIncome": "420000000"}, {"fiscalDateEnding": "2013-06-30", "reportedCurrency": "USD", "grossProfit": "1370000000", "totalRevenue": "3011000000", "costOfRevenue": "1641000000", "costofGoodsAndServicesSold": "1641000000", "operatingIncome": "1003000000", "sellingGeneralAndAdministrative": "167000000", "researchAndDevelopment": "0", "operatingExpenses": "367000000", "investmentIncomeNet": "None", "netInterestIncome": "None", "interestIncome": "None", "interestExpense": "99000000", "nonInterestIncome": "None", "otherNonOperatingIncome": "None", "depreciation": "None", "depreciationAndAmortization": "613000000", "incomeBeforeTax": "1998000000", "incomeTaxExpense": "409000000", "interestAndDebtExpense": "None", "netIncomeFromContinuingOperations": "1589000000", "comprehensiveIncomeNetOfTax": "None", "ebit": "373000000", "ebitda": "986000000", "netIncome": "1431000000"}, {"fiscalDateEnding": "2013-03-31", "reportedCurrency": "USD", "grossProfit": "1476000000", "totalRevenue": "3466000000", "costOfRevenue": "1990000000", "costofGoodsAndServicesSold": "1990000000", "operatingIncome": "1108000000", "sellingGeneralAndAdministrative": "149000000", "researchAndDevelopment": "0", "operatingExpenses": "368000000", "investmentIncomeNet": "None", "netInterestIncome": "None", "interestIncome": "None", "interestExpense": "106000000", "nonInterestIncome": "None", "otherNonOperatingIncome": "None", "depreciation": "None", "depreciationAndAmortization": "679000000", "incomeBeforeTax": "1653000000", "incomeTaxExpense": "470000000", "interestAndDebtExpense": "None", "netIncomeFromContinuingOperations": "1183000000", "comprehensiveIncomeNetOfTax": "None", "ebit": "392000000", "ebitda": "1071000000", "netIncome": "1276000000"}, {"fiscalDateEnding": "2012-12-31", "reportedCurrency": "USD", "grossProfit": "1820000000", "totalRevenue": "9511000000", "costOfRevenue": "7691000000", "costofGoodsAndServicesSold": "7691000000", "operatingIncome": "932000000", "sellingGeneralAndAdministrative": "201000000", "researchAndDevelopment": "0", "operatingExpenses": "888000000", "investmentIncomeNet": "None", "netInterestIncome": "None", "interestIncome": "None", "interestExpense": "106000000", "nonInterestIncome": "None", "otherNonOperatingIncome": "None", "depreciation": "None", "depreciationAndAmortization": "751000000", "incomeBeforeTax": "997000000", "incomeTaxExpense": "429000000", "interestAndDebtExpense": "None", "netIncomeFromContinuingOperations": "0", "comprehensiveIncomeNetOfTax": "None", "ebit": "196000000", "ebitda": "947000000", "netIncome": "566000000"}, {"fiscalDateEnding": "2012-09-30", "reportedCurrency": "USD", "grossProfit": "2463000000", "totalRevenue": "9194000000", "costOfRevenue": "6731000000", "costofGoodsAndServicesSold": "6731000000", "operatingIncome": "989000000", "sellingGeneralAndAdministrative": "167000000", "researchAndDevelopment": "0", "operatingExpenses": "1474000000", "investmentIncomeNet": "None", "netInterestIncome": "None", "interestIncome": "None", "interestExpense": "104000000", "nonInterestIncome": "None", "otherNonOperatingIncome": "None", "depreciation": "None", "depreciationAndAmortization": "748000000", "incomeBeforeTax": "1102000000", "incomeTaxExpense": "510000000", "interestAndDebtExpense": "None", "netIncomeFromContinuingOperations": "0", "comprehensiveIncomeNetOfTax": "None", "ebit": "989000000", "ebitda": "1737000000", "netIncome": "557000000"}, {"fiscalDateEnding": "2012-06-30", "reportedCurrency": "USD", "grossProfit": "2663000000", "totalRevenue": "9309000000", "costOfRevenue": "6646000000", "costofGoodsAndServicesSold": "6646000000", "operatingIncome": "1110000000", "sellingGeneralAndAdministrative": "172000000", "researchAndDevelopment": "0", "operatingExpenses": "1443000000", "investmentIncomeNet": "None", "netInterestIncome": "None", "interestIncome": "None", "interestExpense": "105000000", "nonInterestIncome": "None", "otherNonOperatingIncome": "None", "depreciation": "None", "depreciationAndAmortization": "769000000", "incomeBeforeTax": "1056000000", "incomeTaxExpense": "521000000", "interestAndDebtExpense": "None", "netIncomeFromContinuingOperations": "0", "comprehensiveIncomeNetOfTax": "None", "ebit": "1220000000", "ebitda": "1989000000", "netIncome": "549000000"}, {"fiscalDateEnding": "2012-03-31", "reportedCurrency": "USD", "grossProfit": "2395000000", "totalRevenue": "9747000000", "costOfRevenue": "7352000000", "costofGoodsAndServicesSold": "7352000000", "operatingIncome": "937000000", "sellingGeneralAndAdministrative": "167000000", "researchAndDevelopment": "0", "operatingExpenses": "1393000000", "investmentIncomeNet": "None", "netInterestIncome": "None", "interestIncome": "None", "interestExpense": "104000000", "nonInterestIncome": "None", "otherNonOperatingIncome": "None", "depreciation": "None", "depreciationAndAmortization": "681000000", "incomeBeforeTax": "898000000", "incomeTaxExpense": "338000000", "interestAndDebtExpense": "None", "netIncomeFromContinuingOperations": "0", "comprehensiveIncomeNetOfTax": "None", "ebit": "1002000000", "ebitda": "1683000000", "netIncome": "545000000"}, {"fiscalDateEnding": "2011-12-31", "reportedCurrency": "USD", "grossProfit": "2408000000", "totalRevenue": "9733000000", "costOfRevenue": "7325000000", "costofGoodsAndServicesSold": "7325000000", "operatingIncome": "804000000", "sellingGeneralAndAdministrative": "187000000", "researchAndDevelopment": "0", "operatingExpenses": "1604000000", "investmentIncomeNet": "None", "netInterestIncome": "None", "interestIncome": "None", "interestExpense": "93000000", "nonInterestIncome": "None", "otherNonOperatingIncome": "None", "depreciation": "None", "depreciationAndAmortization": "674000000", "incomeBeforeTax": "-198000000", "incomeTaxExpense": "-64000000", "interestAndDebtExpense": "None", "netIncomeFromContinuingOperations": "0", "comprehensiveIncomeNetOfTax": "None", "ebit": "-136000000", "ebitda": "538000000", "netIncome": "-131000000"}, {"fiscalDateEnding": "2011-09-30", "reportedCurrency": "USD", "grossProfit": "1972000000", "totalRevenue": "8762000000", "costOfRevenue": "6790000000", "costofGoodsAndServicesSold": "6790000000", "operatingIncome": "604000000", "sellingGeneralAndAdministrative": "177000000", "researchAndDevelopment": "0", "operatingExpenses": "1271000000", "investmentIncomeNet": "None", "netInterestIncome": "None", "interestIncome": "None", "interestExpense": "94000000", "nonInterestIncome": "None", "otherNonOperatingIncome": "None", "depreciation": "None", "depreciationAndAmortization": "586000000", "incomeBeforeTax": "213000000", "incomeTaxExpense": "-54000000", "interestAndDebtExpense": "None", "netIncomeFromContinuingOperations": "267000000", "comprehensiveIncomeNetOfTax": "None", "ebit": "665000000", "ebitda": "1251000000", "netIncome": "298000000"}, {"fiscalDateEnding": "2011-06-30", "reportedCurrency": "USD", "grossProfit": "2415000000", "totalRevenue": "9855000000", "costOfRevenue": "7440000000", "costofGoodsAndServicesSold": "7440000000", "operatingIncome": "1008000000", "sellingGeneralAndAdministrative": "174000000", "researchAndDevelopment": "0", "operatingExpenses": "1308000000", "investmentIncomeNet": "None", "netInterestIncome": "None", "interestIncome": "None", "interestExpense": "97000000", "nonInterestIncome": "None", "otherNonOperatingIncome": "None", "depreciation": "None", "depreciationAndAmortization": "588000000", "incomeBeforeTax": "961000000", "incomeTaxExpense": "392000000", "interestAndDebtExpense": "None", "netIncomeFromContinuingOperations": "569000000", "comprehensiveIncomeNetOfTax": "None", "ebit": "1058000000", "ebitda": "1646000000", "netIncome": "607000000"}, {"fiscalDateEnding": "2011-03-31", "reportedCurrency": "USD", "grossProfit": "2992000000", "totalRevenue": "10563000000", "costOfRevenue": "7571000000", "costofGoodsAndServicesSold": "7571000000", "operatingIncome": "1284000000", "sellingGeneralAndAdministrative": "164000000", "researchAndDevelopment": "0", "operatingExpenses": "1360000000", "investmentIncomeNet": "None", "netInterestIncome": "None", "interestIncome": "None", "interestExpense": "99000000", "nonInterestIncome": "None", "otherNonOperatingIncome": "None", "depreciation": "None", "depreciationAndAmortization": "558000000", "incomeBeforeTax": "1485000000", "incomeTaxExpense": "511000000", "interestAndDebtExpense": "None", "netIncomeFromContinuingOperations": "974000000", "comprehensiveIncomeNetOfTax": "None", "ebit": "1584000000", "ebitda": "2142000000", "netIncome": "929000000"}, {"fiscalDateEnding": "2010-12-31", "reportedCurrency": "USD", "grossProfit": "2254000000", "totalRevenue": "9007000000", "costOfRevenue": "6753000000", "costofGoodsAndServicesSold": "6753000000", "operatingIncome": "674000000", "sellingGeneralAndAdministrative": "197000000", "researchAndDevelopment": "0", "operatingExpenses": "1480000000", "investmentIncomeNet": "None", "netInterestIncome": "None", "interestIncome": "None", "interestExpense": "100000000", "nonInterestIncome": "None", "otherNonOperatingIncome": "None", "depreciation": "None", "depreciationAndAmortization": "633000000", "incomeBeforeTax": "357000000", "incomeTaxExpense": "274000000", "interestAndDebtExpense": "None", "netIncomeFromContinuingOperations": "0", "comprehensiveIncomeNetOfTax": "None", "ebit": "252000000", "ebitda": "885000000", "netIncome": "58000000"}, {"fiscalDateEnding": "2010-09-30", "reportedCurrency": "USD", "grossProfit": "2923000000", "totalRevenue": "8953000000", "costOfRevenue": "6030000000", "costofGoodsAndServicesSold": "6030000000", "operatingIncome": "828000000", "sellingGeneralAndAdministrative": "151000000", "researchAndDevelopment": "0", "operatingExpenses": "1006000000", "investmentIncomeNet": "None", "netInterestIncome": "None", "interestIncome": "None", "interestExpense": "94000000", "nonInterestIncome": "None", "otherNonOperatingIncome": "None", "depreciation": "None", "depreciationAndAmortization": "584000000", "incomeBeforeTax": "1291000000", "incomeTaxExpense": "200000000", "interestAndDebtExpense": "None", "netIncomeFromContinuingOperations": "0", "comprehensiveIncomeNetOfTax": "None", "ebit": "1917000000", "ebitda": "2501000000", "netIncome": "1154000000"}, {"fiscalDateEnding": "2010-06-30", "reportedCurrency": "USD", "grossProfit": "1822000000", "totalRevenue": "7750000000", "costOfRevenue": "5928000000", "costofGoodsAndServicesSold": "5928000000", "operatingIncome": "679000000", "sellingGeneralAndAdministrative": "159000000", "researchAndDevelopment": "0", "operatingExpenses": "1042000000", "investmentIncomeNet": "None", "netInterestIncome": "None", "interestIncome": "None", "interestExpense": "83000000", "nonInterestIncome": "None", "otherNonOperatingIncome": "None", "depreciation": "None", "depreciationAndAmortization": "558000000", "incomeBeforeTax": "697000000", "incomeTaxExpense": "301000000", "interestAndDebtExpense": "None", "netIncomeFromContinuingOperations": "0", "comprehensiveIncomeNetOfTax": "None", "ebit": "780000000", "ebitda": "1338000000", "netIncome": "375000000"}, {"fiscalDateEnding": "2010-03-31", "reportedCurrency": "USD", "grossProfit": "2052000000", "totalRevenue": "9220000000", "costOfRevenue": "7168000000", "costofGoodsAndServicesSold": "7168000000", "operatingIncome": "1005000000", "sellingGeneralAndAdministrative": "155000000", "researchAndDevelopment": "0", "operatingExpenses": "1002000000", "investmentIncomeNet": "None", "netInterestIncome": "None", "interestIncome": "None", "interestExpense": "84000000", "nonInterestIncome": "None", "otherNonOperatingIncome": "None", "depreciation": "None", "depreciationAndAmortization": "542000000", "incomeBeforeTax": "966000000", "incomeTaxExpense": "398000000", "interestAndDebtExpense": "None", "netIncomeFromContinuingOperations": "0", "comprehensiveIncomeNetOfTax": "None", "ebit": "1050000000", "ebitda": "1592000000", "netIncome": "538000000"}, {"fiscalDateEnding": "2009-12-31", "reportedCurrency": "USD", "grossProfit": "2181000000", "totalRevenue": "8678000000", "costOfRevenue": "6497000000", "costofGoodsAndServicesSold": "6497000000", "operatingIncome": "922000000", "sellingGeneralAndAdministrative": "203000000", "researchAndDevelopment": "0", "operatingExpenses": "1259000000", "investmentIncomeNet": "None", "netInterestIncome": "None", "interestIncome": "None", "interestExpense": "91000000", "nonInterestIncome": "None", "otherNonOperatingIncome": "None", "depreciation": "None", "depreciationAndAmortization": "584000000", "incomeBeforeTax": "711000000", "incomeTaxExpense": "341000000", "interestAndDebtExpense": "None", "netIncomeFromContinuingOperations": "0", "comprehensiveIncomeNetOfTax": "None", "ebit": "858000000", "ebitda": "1442000000", "netIncome": "358000000"}, {"fiscalDateEnding": "2009-09-30", "reportedCurrency": "USD", "grossProfit": "1688000000", "totalRevenue": "7384000000", "costOfRevenue": "5696000000", "costofGoodsAndServicesSold": "5696000000", "operatingIncome": "517000000", "sellingGeneralAndAdministrative": "148000000", "researchAndDevelopment": "0", "operatingExpenses": "1057000000", "investmentIncomeNet": "None", "netInterestIncome": "None", "interestIncome": "None", "interestExpense": "97000000", "nonInterestIncome": "None", "otherNonOperatingIncome": "None", "depreciation": "None", "depreciationAndAmortization": "626000000", "incomeBeforeTax": "534000000", "incomeTaxExpense": "182000000", "interestAndDebtExpense": "None", "netIncomeFromContinuingOperations": "0", "comprehensiveIncomeNetOfTax": "None", "ebit": "631000000", "ebitda": "1257000000", "netIncome": "341000000"}, {"fiscalDateEnding": "2009-06-30", "reportedCurrency": "USD", "grossProfit": "1294000000", "totalRevenue": "6755000000", "costOfRevenue": "5461000000", "costofGoodsAndServicesSold": "5461000000", "operatingIncome": "213000000", "sellingGeneralAndAdministrative": "136000000", "researchAndDevelopment": "0", "operatingExpenses": "982000000", "investmentIncomeNet": "None", "netInterestIncome": "None", "interestIncome": "None", "interestExpense": "95000000", "nonInterestIncome": "None", "otherNonOperatingIncome": "None", "depreciation": "None", "depreciationAndAmortization": "558000000", "incomeBeforeTax": "217000000", "incomeTaxExpense": "115000000", "interestAndDebtExpense": "None", "netIncomeFromContinuingOperations": "0", "comprehensiveIncomeNetOfTax": "None", "ebit": "312000000", "ebitda": "870000000", "netIncome": "100000000"}, {"fiscalDateEnding": "2009-03-31", "reportedCurrency": "USD", "grossProfit": "1324000000", "totalRevenue": "6915000000", "costOfRevenue": "5591000000", "costofGoodsAndServicesSold": "5591000000", "operatingIncome": "180000000", "sellingGeneralAndAdministrative": "160000000", "researchAndDevelopment": "0", "operatingExpenses": "1144000000", "investmentIncomeNet": "None", "netInterestIncome": "None", "interestIncome": "None", "interestExpense": "77000000", "nonInterestIncome": "None", "otherNonOperatingIncome": "None", "depreciation": "None", "depreciationAndAmortization": "486000000", "incomeBeforeTax": "60000000", "incomeTaxExpense": "77000000", "interestAndDebtExpense": "None", "netIncomeFromContinuingOperations": "0", "comprehensiveIncomeNetOfTax": "None", "ebit": "139000000", "ebitda": "625000000", "netIncome": "-59000000"}, {"fiscalDateEnding": "2008-12-31", "reportedCurrency": "USD", "grossProfit": "1261000000", "totalRevenue": "7383000000", "costOfRevenue": "6122000000", "costofGoodsAndServicesSold": "6122000000", "operatingIncome": "210000000", "sellingGeneralAndAdministrative": "672000000", "researchAndDevelopment": "0", "operatingExpenses": "1051000000", "investmentIncomeNet": "None", "netInterestIncome": "None", "interestIncome": "None", "interestExpense": "267000000", "nonInterestIncome": "None", "otherNonOperatingIncome": "None", "depreciation": "None", "depreciationAndAmortization": "598000000", "incomeBeforeTax": "11000000", "incomeTaxExpense": "85000000", "interestAndDebtExpense": "None", "netIncomeFromContinuingOperations": "0", "comprehensiveIncomeNetOfTax": "None", "ebit": "363000000", "ebitda": "961000000", "netIncome": "-74000000"}, {"fiscalDateEnding": "2008-09-30", "reportedCurrency": "USD", "grossProfit": "2511000000", "totalRevenue": "11398000000", "costOfRevenue": "8887000000", "costofGoodsAndServicesSold": "8887000000", "operatingIncome": "1578000000", "sellingGeneralAndAdministrative": "170000000", "researchAndDevelopment": "0", "operatingExpenses": "933000000", "investmentIncomeNet": "None", "netInterestIncome": "None", "interestIncome": "None", "interestExpense": "68000000", "nonInterestIncome": "None", "otherNonOperatingIncome": "None", "depreciation": "None", "depreciationAndAmortization": "497000000", "incomeBeforeTax": "1500000000", "incomeTaxExpense": "725000000", "interestAndDebtExpense": "None", "netIncomeFromContinuingOperations": "0", "comprehensiveIncomeNetOfTax": "None", "ebit": "1640000000", "ebitda": "2137000000", "netIncome": "775000000"}, {"fiscalDateEnding": "2008-06-30", "reportedCurrency": "USD", "grossProfit": "2664000000", "totalRevenue": "11717000000", "costOfRevenue": "9053000000", "costofGoodsAndServicesSold": "9053000000", "operatingIncome": "1759000000", "sellingGeneralAndAdministrative": "156000000", "researchAndDevelopment": "0", "operatingExpenses": "905000000", "investmentIncomeNet": "None", "netInterestIncome": "None", "interestIncome": "None", "interestExpense": "65000000", "nonInterestIncome": "None", "otherNonOperatingIncome": "None", "depreciation": "None", "depreciationAndAmortization": "482000000", "incomeBeforeTax": "1712000000", "incomeTaxExpense": "812000000", "interestAndDebtExpense": "None", "netIncomeFromContinuingOperations": "0", "comprehensiveIncomeNetOfTax": "None", "ebit": "1722000000", "ebitda": "2204000000", "netIncome": "900000000"}, {"fiscalDateEnding": "2008-03-31", "reportedCurrency": "USD", "grossProfit": "2328000000", "totalRevenue": "10667000000", "costOfRevenue": "8339000000", "costofGoodsAndServicesSold": "8339000000", "operatingIncome": "1943000000", "sellingGeneralAndAdministrative": "152000000", "researchAndDevelopment": "0", "operatingExpenses": "385000000", "investmentIncomeNet": "None", "netInterestIncome": "None", "interestIncome": "None", "interestExpense": "67000000", "nonInterestIncome": "None", "otherNonOperatingIncome": "None", "depreciation": "None", "depreciationAndAmortization": "452000000", "incomeBeforeTax": "1477000000", "incomeTaxExpense": "718000000", "interestAndDebtExpense": "None", "netIncomeFromContinuingOperations": "0", "comprehensiveIncomeNetOfTax": "None", "ebit": "1880000000", "ebitda": "2332000000", "netIncome": "759000000"}, {"fiscalDateEnding": "2007-12-31", "reportedCurrency": "USD", "grossProfit": "2771000000", "totalRevenue": "9456000000", "costOfRevenue": "6685000000", "costofGoodsAndServicesSold": "6685000000", "operatingIncome": "1114000000", "sellingGeneralAndAdministrative": "614000000", "researchAndDevelopment": "0", "operatingExpenses": "1657000000", "investmentIncomeNet": "None", "netInterestIncome": "None", "interestIncome": "None", "interestExpense": "256000000", "nonInterestIncome": "None", "otherNonOperatingIncome": "None", "depreciation": "None", "depreciationAndAmortization": "530000000", "incomeBeforeTax": "1087000000", "incomeTaxExpense": "577000000", "interestAndDebtExpense": "None", "netIncomeFromContinuingOperations": "0", "comprehensiveIncomeNetOfTax": "None", "ebit": "1367000000", "ebitda": "1897000000", "netIncome": "510000000"}, {"fiscalDateEnding": "2007-09-30", "reportedCurrency": "USD", "grossProfit": "1559000000", "totalRevenue": "7451000000", "costOfRevenue": "5892000000", "costofGoodsAndServicesSold": "5892000000", "operatingIncome": "823000000", "sellingGeneralAndAdministrative": "133000000", "researchAndDevelopment": "0", "operatingExpenses": "736000000", "investmentIncomeNet": "None", "netInterestIncome": "None", "interestIncome": "None", "interestExpense": "59000000", "nonInterestIncome": "None", "otherNonOperatingIncome": "None", "depreciation": "None", "depreciationAndAmortization": "365000000", "incomeBeforeTax": "817000000", "incomeTaxExpense": "422000000", "interestAndDebtExpense": "None", "netIncomeFromContinuingOperations": "0", "comprehensiveIncomeNetOfTax": "None", "ebit": "789000000", "ebitda": "1154000000", "netIncome": "395000000"}, {"fiscalDateEnding": "2007-06-30", "reportedCurrency": "USD", "grossProfit": "1727000000", "totalRevenue": "7421000000", "costOfRevenue": "5694000000", "costofGoodsAndServicesSold": "5694000000", "operatingIncome": "990000000", "sellingGeneralAndAdministrative": "142000000", "researchAndDevelopment": "0", "operatingExpenses": "737000000", "investmentIncomeNet": "None", "netInterestIncome": "None", "interestIncome": "None", "interestExpense": "62000000", "nonInterestIncome": "None", "otherNonOperatingIncome": "None", "depreciation": "None", "depreciationAndAmortization": "354000000", "incomeBeforeTax": "1053000000", "incomeTaxExpense": "496000000", "interestAndDebtExpense": "None", "netIncomeFromContinuingOperations": "0", "comprehensiveIncomeNetOfTax": "None", "ebit": "946000000", "ebitda": "1300000000", "netIncome": "557000000"}, {"fiscalDateEnding": "2007-03-31", "reportedCurrency": "USD", "grossProfit": "1436000000", "totalRevenue": "7319000000", "costOfRevenue": "5883000000", "costofGoodsAndServicesSold": "5883000000", "operatingIncome": "756000000", "sellingGeneralAndAdministrative": "131000000", "researchAndDevelopment": "0", "operatingExpenses": "680000000", "investmentIncomeNet": "None", "netInterestIncome": "None", "interestIncome": "None", "interestExpense": "64000000", "nonInterestIncome": "None", "otherNonOperatingIncome": "None", "depreciation": "None", "depreciationAndAmortization": "327000000", "incomeBeforeTax": "747000000", "incomeTaxExpense": "377000000", "interestAndDebtExpense": "None", "netIncomeFromContinuingOperations": "0", "comprehensiveIncomeNetOfTax": "None", "ebit": "757000000", "ebitda": "1084000000", "netIncome": "370000000"}, {"fiscalDateEnding": "2006-12-31", "reportedCurrency": "USD", "grossProfit": "2246000000", "totalRevenue": "7155000000", "costOfRevenue": "4909000000", "costofGoodsAndServicesSold": "4909000000", "operatingIncome": "840000000", "sellingGeneralAndAdministrative": "231000000", "researchAndDevelopment": "0", "operatingExpenses": "1406000000", "investmentIncomeNet": "None", "netInterestIncome": "None", "interestIncome": "None", "interestExpense": "100000000", "nonInterestIncome": "None", "otherNonOperatingIncome": "None", "depreciation": "None", "depreciationAndAmortization": "353000000", "incomeBeforeTax": "843000000", "incomeTaxExpense": "484000000", "interestAndDebtExpense": "None", "netIncomeFromContinuingOperations": "0", "comprehensiveIncomeNetOfTax": "None", "ebit": "1471000000", "ebitda": "1824000000", "netIncome": "359000000"}, {"fiscalDateEnding": "2006-09-30", "reportedCurrency": "USD", "grossProfit": "1558000000", "totalRevenue": "7035000000", "costOfRevenue": "5477000000", "costofGoodsAndServicesSold": "5477000000", "operatingIncome": "890000000", "sellingGeneralAndAdministrative": "115000000", "researchAndDevelopment": "0", "operatingExpenses": "668000000", "investmentIncomeNet": "None", "netInterestIncome": "None", "interestIncome": "None", "interestExpense": "49000000", "nonInterestIncome": "None", "otherNonOperatingIncome": "None", "depreciation": "None", "depreciationAndAmortization": "323000000", "incomeBeforeTax": "936000000", "incomeTaxExpense": "639000000", "interestAndDebtExpense": "None", "netIncomeFromContinuingOperations": "0", "comprehensiveIncomeNetOfTax": "None", "ebit": "865000000", "ebitda": "1188000000", "netIncome": "297000000"}, {"fiscalDateEnding": "2006-06-30", "reportedCurrency": "USD", "grossProfit": "1691000000", "totalRevenue": "6718000000", "costOfRevenue": "5027000000", "costofGoodsAndServicesSold": "5027000000", "operatingIncome": "939000000", "sellingGeneralAndAdministrative": "134000000", "researchAndDevelopment": "0", "operatingExpenses": "752000000", "investmentIncomeNet": "None", "netInterestIncome": "None", "interestIncome": "None", "interestExpense": "44000000", "nonInterestIncome": "None", "otherNonOperatingIncome": "None", "depreciation": "None", "depreciationAndAmortization": "282000000", "incomeBeforeTax": "1097000000", "incomeTaxExpense": "532000000", "interestAndDebtExpense": "None", "netIncomeFromContinuingOperations": "0", "comprehensiveIncomeNetOfTax": "None", "ebit": "1043000000", "ebitda": "1325000000", "netIncome": "565000000"}, {"fiscalDateEnding": "2006-03-31", "reportedCurrency": "USD", "grossProfit": "1665000000", "totalRevenue": "7159000000", "costOfRevenue": "5494000000", "costofGoodsAndServicesSold": "5494000000", "operatingIncome": "919000000", "sellingGeneralAndAdministrative": "106000000", "researchAndDevelopment": "0", "operatingExpenses": "746000000", "investmentIncomeNet": "None", "netInterestIncome": "None", "interestIncome": "None", "interestExpense": "57000000", "nonInterestIncome": "None", "otherNonOperatingIncome": "None", "depreciation": "None", "depreciationAndAmortization": "266000000", "incomeBeforeTax": "1164000000", "incomeTaxExpense": "469000000", "interestAndDebtExpense": "None", "netIncomeFromContinuingOperations": "0", "comprehensiveIncomeNetOfTax": "None", "ebit": "917000000", "ebitda": "1183000000", "netIncome": "695000000"}, {"fiscalDateEnding": "2005-12-31", "reportedCurrency": "USD", "grossProfit": "1407000000", "totalRevenue": "7059000000", "costOfRevenue": "5652000000", "costofGoodsAndServicesSold": "5652000000", "operatingIncome": "685000000", "sellingGeneralAndAdministrative": "103000000", "researchAndDevelopment": "0", "operatingExpenses": "722000000", "investmentIncomeNet": "None", "netInterestIncome": "None", "interestIncome": "None", "interestExpense": "55000000", "nonInterestIncome": "None", "otherNonOperatingIncome": "None", "depreciation": "None", "depreciationAndAmortization": "258000000", "incomeBeforeTax": "718000000", "incomeTaxExpense": "266000000", "interestAndDebtExpense": "None", "netIncomeFromContinuingOperations": "0", "comprehensiveIncomeNetOfTax": "None", "ebit": "752000000", "ebitda": "1010000000", "netIncome": "452000000"}, {"fiscalDateEnding": "2005-09-30", "reportedCurrency": "USD", "grossProfit": "1089000000", "totalRevenue": "5769000000", "costOfRevenue": "4680000000", "costofGoodsAndServicesSold": "4680000000", "operatingIncome": "431000000", "sellingGeneralAndAdministrative": "83000000", "researchAndDevelopment": "0", "operatingExpenses": "658000000", "investmentIncomeNet": "None", "netInterestIncome": "None", "interestIncome": "None", "interestExpense": "54000000", "nonInterestIncome": "None", "otherNonOperatingIncome": "None", "depreciation": "None", "depreciationAndAmortization": "252000000", "incomeBeforeTax": "564000000", "incomeTaxExpense": "292000000", "interestAndDebtExpense": "None", "netIncomeFromContinuingOperations": "0", "comprehensiveIncomeNetOfTax": "None", "ebit": "582000000", "ebitda": "834000000", "netIncome": "272000000"}, {"fiscalDateEnding": "2005-06-30", "reportedCurrency": "USD", "grossProfit": "1100000000", "totalRevenue": "4963000000", "costOfRevenue": "3863000000", "costofGoodsAndServicesSold": "3863000000", "operatingIncome": "369000000", "sellingGeneralAndAdministrative": "86000000", "researchAndDevelopment": "0", "operatingExpenses": "677000000", "investmentIncomeNet": "None", "netInterestIncome": "None", "interestIncome": "None", "interestExpense": "54000000", "nonInterestIncome": "None", "otherNonOperatingIncome": "None", "depreciation": "None", "depreciationAndAmortization": "261000000", "incomeBeforeTax": "488000000", "incomeTaxExpense": "189000000", "interestAndDebtExpense": "None", "netIncomeFromContinuingOperations": "0", "comprehensiveIncomeNetOfTax": "None", "ebit": "531000000", "ebitda": "792000000", "netIncome": "299000000"}, {"fiscalDateEnding": "2005-03-31", "reportedCurrency": "USD", "grossProfit": "1053000000", "totalRevenue": "5070000000", "costOfRevenue": "4017000000", "costofGoodsAndServicesSold": "4017000000", "operatingIncome": "517000000", "sellingGeneralAndAdministrative": "29000000", "researchAndDevelopment": "0", "operatingExpenses": "536000000", "investmentIncomeNet": "None", "netInterestIncome": "None", "interestIncome": "None", "interestExpense": "75000000", "nonInterestIncome": "None", "otherNonOperatingIncome": "None", "depreciation": "None", "depreciationAndAmortization": "254000000", "incomeBeforeTax": "456000000", "incomeTaxExpense": "237000000", "interestAndDebtExpense": "None", "netIncomeFromContinuingOperations": "0", "comprehensiveIncomeNetOfTax": "None", "ebit": "454000000", "ebitda": "708000000", "netIncome": "219000000"}, {"fiscalDateEnding": "2004-12-31", "reportedCurrency": "USD", "grossProfit": "1095000000", "totalRevenue": "4304000000", "costOfRevenue": "3209000000", "costofGoodsAndServicesSold": "3209000000", "operatingIncome": "49000000", "sellingGeneralAndAdministrative": "342000000", "researchAndDevelopment": "0", "operatingExpenses": "1046000000", "investmentIncomeNet": "None", "netInterestIncome": "None", "interestIncome": "None", "interestExpense": "241000000", "nonInterestIncome": "None", "otherNonOperatingIncome": "None", "depreciation": "None", "depreciationAndAmortization": "275000000", "incomeBeforeTax": "380000000", "incomeTaxExpense": "151000000", "interestAndDebtExpense": "None", "netIncomeFromContinuingOperations": "0", "comprehensiveIncomeNetOfTax": "None", "ebit": "379000000", "ebitda": "654000000", "netIncome": "229000000"}]}