{"symbol": "LH", "annualReports": [{"fiscalDateEnding": "2024-12-31", "reportedCurrency": "USD", "grossProfit": "3502100000", "totalRevenue": "13008900000", "costOfRevenue": "9506800000", "costofGoodsAndServicesSold": "9506800000", "operatingIncome": "1105800000", "sellingGeneralAndAdministrative": "2230000000", "researchAndDevelopment": "None", "operatingExpenses": "2396300000", "investmentIncomeNet": "None", "netInterestIncome": "-208300000", "interestIncome": "None", "interestExpense": "208300000", "nonInterestIncome": "None", "otherNonOperatingIncome": "None", "depreciation": "None", "depreciationAndAmortization": "643500000", "incomeBeforeTax": "959500000", "incomeTaxExpense": "212400000", "interestAndDebtExpense": "None", "netIncomeFromContinuingOperations": "747100000", "comprehensiveIncomeNetOfTax": "None", "ebit": "1167800000", "ebitda": "1811300000", "netIncome": "746000000"}, {"fiscalDateEnding": "2023-12-31", "reportedCurrency": "USD", "grossProfit": "3364900000", "totalRevenue": "12161600000", "costOfRevenue": "8796700000", "costofGoodsAndServicesSold": "8796700000", "operatingIncome": "725600000", "sellingGeneralAndAdministrative": "2177500000", "researchAndDevelopment": "2000000", "operatingExpenses": "2639300000", "investmentIncomeNet": "None", "netInterestIncome": "-200400000", "interestIncome": "None", "interestExpense": "199600000", "nonInterestIncome": "None", "otherNonOperatingIncome": "None", "depreciation": "None", "depreciationAndAmortization": "577300000", "incomeBeforeTax": "568900000", "incomeTaxExpense": "188500000", "interestAndDebtExpense": "None", "netIncomeFromContinuingOperations": "861400000", "comprehensiveIncomeNetOfTax": "None", "ebit": "772100000", "ebitda": "1349400000", "netIncome": "418000000"}, {"fiscalDateEnding": "2022-12-31", "reportedCurrency": "USD", "grossProfit": "4385100000", "totalRevenue": "14876800000", "costOfRevenue": "10491700000", "costofGoodsAndServicesSold": "10491700000", "operatingIncome": "1773900000", "sellingGeneralAndAdministrative": "1996600000", "researchAndDevelopment": "None", "operatingExpenses": "2255900000", "investmentIncomeNet": "None", "netInterestIncome": "-180300000", "interestIncome": "166000000", "interestExpense": "180300000", "nonInterestIncome": "None", "otherNonOperatingIncome": "None", "depreciation": "None", "depreciationAndAmortization": "537200000", "incomeBeforeTax": "1582600000", "incomeTaxExpense": "302000000", "interestAndDebtExpense": "None", "netIncomeFromContinuingOperations": "1280600000", "comprehensiveIncomeNetOfTax": "None", "ebit": "1417200000", "ebitda": "1954400000", "netIncome": "1279100000"}, {"fiscalDateEnding": "2021-12-31", "reportedCurrency": "USD", "grossProfit": "5624300000", "totalRevenue": "16120900000", "costOfRevenue": "10496600000", "costofGoodsAndServicesSold": "10496600000", "operatingIncome": "3259500000", "sellingGeneralAndAdministrative": "1952100000", "researchAndDevelopment": "None", "operatingExpenses": "2321700000", "investmentIncomeNet": "None", "netInterestIncome": "-212100000", "interestIncome": "175400000", "interestExpense": "212100000", "nonInterestIncome": "None", "otherNonOperatingIncome": "79200000", "depreciation": "None", "depreciationAndAmortization": "940000000", "incomeBeforeTax": "3126600000", "incomeTaxExpense": "747100000", "interestAndDebtExpense": "None", "netIncomeFromContinuingOperations": "2379500000", "comprehensiveIncomeNetOfTax": "None", "ebit": "3338700000", "ebitda": "4278700000", "netIncome": "2377300000"}, {"fiscalDateEnding": "2020-12-31", "reportedCurrency": "USD", "grossProfit": "4952800000", "totalRevenue": "13978500000", "costOfRevenue": "9025700000", "costofGoodsAndServicesSold": "9025700000", "operatingIncome": "2445400000", "sellingGeneralAndAdministrative": "1729000000", "researchAndDevelopment": "None", "operatingExpenses": "2004700000", "investmentIncomeNet": "None", "netInterestIncome": "-207400000", "interestIncome": "194200000", "interestExpense": "207400000", "nonInterestIncome": "None", "otherNonOperatingIncome": "None", "depreciation": "None", "depreciationAndAmortization": "825000000", "incomeBeforeTax": "2219100000", "incomeTaxExpense": "662100000", "interestAndDebtExpense": "None", "netIncomeFromContinuingOperations": "-900000", "comprehensiveIncomeNetOfTax": "None", "ebit": "2426500000", "ebitda": "3251500000", "netIncome": "1556100000"}, {"fiscalDateEnding": "2019-12-31", "reportedCurrency": "USD", "grossProfit": "3252500000", "totalRevenue": "11554800000", "costOfRevenue": "8302300000", "costofGoodsAndServicesSold": "8302300000", "operatingIncome": "1330200000", "sellingGeneralAndAdministrative": "1624500000", "researchAndDevelopment": "None", "operatingExpenses": "1867700000", "investmentIncomeNet": "None", "netInterestIncome": "-240700000", "interestIncome": "212300000", "interestExpense": "240700000", "nonInterestIncome": "None", "otherNonOperatingIncome": "None", "depreciation": "None", "depreciationAndAmortization": "771300000", "incomeBeforeTax": "1104900000", "incomeTaxExpense": "280000000", "interestAndDebtExpense": "None", "netIncomeFromContinuingOperations": "824900000", "comprehensiveIncomeNetOfTax": "None", "ebit": "1345600000", "ebitda": "2116900000", "netIncome": "823800000"}, {"fiscalDateEnding": "2018-12-31", "reportedCurrency": "USD", "grossProfit": "3176400000", "totalRevenue": "11333400000", "costOfRevenue": "8157000000", "costofGoodsAndServicesSold": "8157000000", "operatingIncome": "1325700000", "sellingGeneralAndAdministrative": "1570900000", "researchAndDevelopment": "0", "operatingExpenses": "1802600000", "investmentIncomeNet": "None", "netInterestIncome": "-244200000", "interestIncome": "225100000", "interestExpense": "244200000", "nonInterestIncome": "None", "otherNonOperatingIncome": "186800000", "depreciation": "None", "depreciationAndAmortization": "552100000", "incomeBeforeTax": "1268300000", "incomeTaxExpense": "384400000", "interestAndDebtExpense": "None", "netIncomeFromContinuingOperations": "883900000", "comprehensiveIncomeNetOfTax": "None", "ebit": "1512500000", "ebitda": "2064600000", "netIncome": "883700000"}, {"fiscalDateEnding": "2017-12-31", "reportedCurrency": "USD", "grossProfit": "3464000000", "totalRevenue": "10441400000", "costOfRevenue": "6977400000", "costofGoodsAndServicesSold": "6977400000", "operatingIncome": "1364200000", "sellingGeneralAndAdministrative": "1812400000", "researchAndDevelopment": "0", "operatingExpenses": "2028900000", "investmentIncomeNet": "None", "netInterestIncome": "-235100000", "interestIncome": "221700000", "interestExpense": "235100000", "nonInterestIncome": "None", "otherNonOperatingIncome": "5800000", "depreciation": "None", "depreciationAndAmortization": "533200000", "incomeBeforeTax": "1134900000", "incomeTaxExpense": "-139100000", "interestAndDebtExpense": "None", "netIncomeFromContinuingOperations": "1274000000", "comprehensiveIncomeNetOfTax": "None", "ebit": "1312600000", "ebitda": "1845800000", "netIncome": "1268200000"}, {"fiscalDateEnding": "2016-12-31", "reportedCurrency": "USD", "grossProfit": "3180500000", "totalRevenue": "9641800000", "costOfRevenue": "6461300000", "costofGoodsAndServicesSold": "6461300000", "operatingIncome": "1312400000", "sellingGeneralAndAdministrative": "1630200000", "researchAndDevelopment": "0", "operatingExpenses": "1809700000", "investmentIncomeNet": "None", "netInterestIncome": "-219100000", "interestIncome": "209500000", "interestExpense": "219100000", "nonInterestIncome": "None", "otherNonOperatingIncome": "12200000", "depreciation": "None", "depreciationAndAmortization": "490600000", "incomeBeforeTax": "1105500000", "incomeTaxExpense": "372300000", "interestAndDebtExpense": "None", "netIncomeFromContinuingOperations": "733200000", "comprehensiveIncomeNetOfTax": "None", "ebit": "1319000000", "ebitda": "1809600000", "netIncome": "732100000"}, {"fiscalDateEnding": "2015-12-31", "reportedCurrency": "USD", "grossProfit": "2903300000", "totalRevenue": "8680100000", "costOfRevenue": "5776800000", "costofGoodsAndServicesSold": "5776800000", "operatingIncome": "1002900000", "sellingGeneralAndAdministrative": "1622000000", "researchAndDevelopment": "0", "operatingExpenses": "1786500000", "investmentIncomeNet": "None", "netInterestIncome": "None", "interestIncome": "263000000", "interestExpense": "274900000", "nonInterestIncome": "None", "otherNonOperatingIncome": "4100000", "depreciation": "None", "depreciationAndAmortization": "457800000", "incomeBeforeTax": "732100000", "incomeTaxExpense": "294100000", "interestAndDebtExpense": "None", "netIncomeFromContinuingOperations": "438000000", "comprehensiveIncomeNetOfTax": "None", "ebit": "1119000000", "ebitda": "1576800000", "netIncome": "436900000"}, {"fiscalDateEnding": "2014-12-31", "reportedCurrency": "USD", "grossProfit": "2203100000", "totalRevenue": "6011600000", "costOfRevenue": "3808500000", "costofGoodsAndServicesSold": "3808500000", "operatingIncome": "910400000", "sellingGeneralAndAdministrative": "1198200000", "researchAndDevelopment": "0", "operatingExpenses": "1274900000", "investmentIncomeNet": "None", "netInterestIncome": "None", "interestIncome": "None", "interestExpense": "109500000", "nonInterestIncome": "None", "otherNonOperatingIncome": "25800000", "depreciation": "None", "depreciationAndAmortization": "245500000", "incomeBeforeTax": "826700000", "incomeTaxExpense": "314100000", "interestAndDebtExpense": "None", "netIncomeFromContinuingOperations": "512600000", "comprehensiveIncomeNetOfTax": "None", "ebit": "930100000", "ebitda": "1175600000", "netIncome": "511200000"}, {"fiscalDateEnding": "2013-12-31", "reportedCurrency": "USD", "grossProfit": "2223200000", "totalRevenue": "5808300000", "costOfRevenue": "3585100000", "costofGoodsAndServicesSold": "3585100000", "operatingIncome": "990900000", "sellingGeneralAndAdministrative": "1128800000", "researchAndDevelopment": "0", "operatingExpenses": "1210500000", "investmentIncomeNet": "None", "netInterestIncome": "None", "interestIncome": "None", "interestExpense": "103700000", "nonInterestIncome": "None", "otherNonOperatingIncome": "21200000", "depreciation": "None", "depreciationAndAmortization": "81700000", "incomeBeforeTax": "915600000", "incomeTaxExpense": "340200000", "interestAndDebtExpense": "None", "netIncomeFromContinuingOperations": "575400000", "comprehensiveIncomeNetOfTax": "None", "ebit": "1156800000", "ebitda": "1238500000", "netIncome": "573800000"}, {"fiscalDateEnding": "2012-12-31", "reportedCurrency": "USD", "grossProfit": "2249700000", "totalRevenue": "5671400000", "costOfRevenue": "3421700000", "costofGoodsAndServicesSold": "3421700000", "operatingIncome": "1023500000", "sellingGeneralAndAdministrative": "1114600000", "researchAndDevelopment": "0", "operatingExpenses": "1200900000", "investmentIncomeNet": "None", "netInterestIncome": "None", "interestIncome": "None", "interestExpense": "94500000", "nonInterestIncome": "None", "otherNonOperatingIncome": "15200000", "depreciation": "None", "depreciationAndAmortization": "86300000", "incomeBeforeTax": "944200000", "incomeTaxExpense": "359400000", "interestAndDebtExpense": "None", "netIncomeFromContinuingOperations": "584800000", "comprehensiveIncomeNetOfTax": "None", "ebit": "1173600000", "ebitda": "1259900000", "netIncome": "583100000"}, {"fiscalDateEnding": "2011-12-31", "reportedCurrency": "USD", "grossProfit": "2274700000", "totalRevenue": "5542300000", "costOfRevenue": "3267600000", "costofGoodsAndServicesSold": "3267600000", "operatingIncome": "948400000", "sellingGeneralAndAdministrative": "1159600000", "researchAndDevelopment": "0", "operatingExpenses": "1245400000", "investmentIncomeNet": "None", "netInterestIncome": "None", "interestIncome": "None", "interestExpense": "87500000", "nonInterestIncome": "None", "otherNonOperatingIncome": "5200000", "depreciation": "None", "depreciationAndAmortization": "85800000", "incomeBeforeTax": "866100000", "incomeTaxExpense": "333000000", "interestAndDebtExpense": "None", "netIncomeFromContinuingOperations": "533100000", "comprehensiveIncomeNetOfTax": "None", "ebit": "1095100000", "ebitda": "1180900000", "netIncome": "519700000"}, {"fiscalDateEnding": "2010-12-31", "reportedCurrency": "USD", "grossProfit": "2097800000", "totalRevenue": "5003900000", "costOfRevenue": "2906100000", "costofGoodsAndServicesSold": "2906100000", "operatingIncome": "978800000", "sellingGeneralAndAdministrative": "1034300000", "researchAndDevelopment": "None", "operatingExpenses": "1107000000", "investmentIncomeNet": "None", "netInterestIncome": "None", "interestIncome": "None", "interestExpense": "70000000", "nonInterestIncome": "None", "otherNonOperatingIncome": "6800000", "depreciation": "None", "depreciationAndAmortization": "72700000", "incomeBeforeTax": "915600000", "incomeTaxExpense": "344000000", "interestAndDebtExpense": "None", "netIncomeFromContinuingOperations": "571600000", "comprehensiveIncomeNetOfTax": "None", "ebit": "1116500000", "ebitda": "1189200000", "netIncome": "558200000"}, {"fiscalDateEnding": "2009-12-31", "reportedCurrency": "USD", "grossProfit": "1970900000", "totalRevenue": "4694700000", "costOfRevenue": "2723800000", "costofGoodsAndServicesSold": "2723800000", "operatingIncome": "935900000", "sellingGeneralAndAdministrative": "958900000", "researchAndDevelopment": "0", "operatingExpenses": "1021500000", "investmentIncomeNet": "None", "netInterestIncome": "None", "interestIncome": "None", "interestExpense": "62900000", "nonInterestIncome": "None", "otherNonOperatingIncome": "11600000", "depreciation": "None", "depreciationAndAmortization": "62600000", "incomeBeforeTax": "884600000", "incomeTaxExpense": "329000000", "interestAndDebtExpense": "None", "netIncomeFromContinuingOperations": "555600000", "comprehensiveIncomeNetOfTax": "None", "ebit": "1078200000", "ebitda": "1140800000", "netIncome": "543300000"}, {"fiscalDateEnding": "2008-12-31", "reportedCurrency": "USD", "grossProfit": "1873800000", "totalRevenue": "4505200000", "costOfRevenue": "2631400000", "costofGoodsAndServicesSold": "2631400000", "operatingIncome": "842900000", "sellingGeneralAndAdministrative": "935000000", "researchAndDevelopment": "None", "operatingExpenses": "1030900000", "investmentIncomeNet": "None", "netInterestIncome": "None", "interestIncome": "None", "interestExpense": "72000000", "nonInterestIncome": "None", "otherNonOperatingIncome": "None", "depreciation": "None", "depreciationAndAmortization": "57900000", "incomeBeforeTax": "772400000", "incomeTaxExpense": "307900000", "interestAndDebtExpense": "None", "netIncomeFromContinuingOperations": "None", "comprehensiveIncomeNetOfTax": "None", "ebit": "977800000", "ebitda": "1035700000", "netIncome": "464500000"}, {"fiscalDateEnding": "2007-12-31", "reportedCurrency": "USD", "grossProfit": "1691200000", "totalRevenue": "4068200000", "costOfRevenue": "2377000000", "costofGoodsAndServicesSold": "2377000000", "operatingIncome": "777000000", "sellingGeneralAndAdministrative": "808000000", "researchAndDevelopment": "None", "operatingExpenses": "863600000", "investmentIncomeNet": "None", "netInterestIncome": "None", "interestIncome": "None", "interestExpense": "0", "nonInterestIncome": "None", "otherNonOperatingIncome": "None", "depreciation": "None", "depreciationAndAmortization": "162800000", "incomeBeforeTax": "802300000", "incomeTaxExpense": "325500000", "interestAndDebtExpense": "None", "netIncomeFromContinuingOperations": "None", "comprehensiveIncomeNetOfTax": "None", "ebit": "827600000", "ebitda": "990400000", "netIncome": "476800000"}, {"fiscalDateEnding": "2006-12-31", "reportedCurrency": "USD", "grossProfit": "1529400000", "totalRevenue": "3590800000", "costOfRevenue": "2061400000", "costofGoodsAndServicesSold": "2061400000", "operatingIncome": "697100000", "sellingGeneralAndAdministrative": "779100000", "researchAndDevelopment": "None", "operatingExpenses": "831300000", "investmentIncomeNet": "None", "netInterestIncome": "None", "interestIncome": "None", "interestExpense": "47800000", "nonInterestIncome": "None", "otherNonOperatingIncome": "None", "depreciation": "None", "depreciationAndAmortization": "155000000", "incomeBeforeTax": "720900000", "incomeTaxExpense": "289300000", "interestAndDebtExpense": "None", "netIncomeFromContinuingOperations": "None", "comprehensiveIncomeNetOfTax": "None", "ebit": "698100000", "ebitda": "853100000", "netIncome": "431600000"}, {"fiscalDateEnding": "2005-12-31", "reportedCurrency": "USD", "grossProfit": "1390300000", "totalRevenue": "3327600000", "costOfRevenue": "1937300000", "costofGoodsAndServicesSold": "1937300000", "operatingIncome": "618100000", "sellingGeneralAndAdministrative": "703000000", "researchAndDevelopment": "None", "operatingExpenses": "755300000", "investmentIncomeNet": "None", "netInterestIncome": "None", "interestIncome": "None", "interestExpense": "0", "nonInterestIncome": "None", "otherNonOperatingIncome": "None", "depreciation": "None", "depreciationAndAmortization": "149800000", "incomeBeforeTax": "640700000", "incomeTaxExpense": "254500000", "interestAndDebtExpense": "None", "netIncomeFromContinuingOperations": "None", "comprehensiveIncomeNetOfTax": "None", "ebit": "635000000", "ebitda": "784800000", "netIncome": "386200000"}], "quarterlyReports": [{"fiscalDateEnding": "2024-12-31", "reportedCurrency": "USD", "grossProfit": "896300000", "totalRevenue": "3329400000", "costOfRevenue": "2433100000", "costofGoodsAndServicesSold": "2433100000", "operatingIncome": "216500000", "sellingGeneralAndAdministrative": "595200000", "researchAndDevelopment": "None", "operatingExpenses": "679800000", "investmentIncomeNet": "None", "netInterestIncome": "-63400000", "interestIncome": "None", "interestExpense": "63400000", "nonInterestIncome": "None", "otherNonOperatingIncome": "None", "depreciation": "None", "depreciationAndAmortization": "170600000", "incomeBeforeTax": "183800000", "incomeTaxExpense": "40200000", "interestAndDebtExpense": "None", "netIncomeFromContinuingOperations": "143600000", "comprehensiveIncomeNetOfTax": "None", "ebit": "247200000", "ebitda": "417800000", "netIncome": "143400000"}, {"fiscalDateEnding": "2024-09-30", "reportedCurrency": "USD", "grossProfit": "904400000", "totalRevenue": "3282000000", "costOfRevenue": "2377600000", "costofGoodsAndServicesSold": "2377600000", "operatingIncome": "254100000", "sellingGeneralAndAdministrative": "568600000", "researchAndDevelopment": "None", "operatingExpenses": "650300000", "investmentIncomeNet": "None", "netInterestIncome": "-50400000", "interestIncome": "None", "interestExpense": "50400000", "nonInterestIncome": "None", "otherNonOperatingIncome": "None", "depreciation": "None", "depreciationAndAmortization": "161500000", "incomeBeforeTax": "210600000", "incomeTaxExpense": "41000000", "interestAndDebtExpense": "None", "netIncomeFromContinuingOperations": "169600000", "comprehensiveIncomeNetOfTax": "None", "ebit": "261000000", "ebitda": "422500000", "netIncome": "169300000"}, {"fiscalDateEnding": "2024-06-30", "reportedCurrency": "USD", "grossProfit": "864200000", "totalRevenue": "3220900000", "costOfRevenue": "2356700000", "costofGoodsAndServicesSold": "2356700000", "operatingIncome": "306400000", "sellingGeneralAndAdministrative": "557800000", "researchAndDevelopment": "None", "operatingExpenses": "557800000", "investmentIncomeNet": "None", "netInterestIncome": "-47600000", "interestIncome": "None", "interestExpense": "47600000", "nonInterestIncome": "None", "otherNonOperatingIncome": "None", "depreciation": "None", "depreciationAndAmortization": "156900000", "incomeBeforeTax": "267700000", "incomeTaxExpense": "62100000", "interestAndDebtExpense": "None", "netIncomeFromContinuingOperations": "205600000", "comprehensiveIncomeNetOfTax": "None", "ebit": "306400000", "ebitda": "463300000", "netIncome": "205300000"}, {"fiscalDateEnding": "2024-03-31", "reportedCurrency": "USD", "grossProfit": "837200000", "totalRevenue": "3176600000", "costOfRevenue": "2339400000", "costofGoodsAndServicesSold": "2339400000", "operatingIncome": "328800000", "sellingGeneralAndAdministrative": "508400000", "researchAndDevelopment": "None", "operatingExpenses": "508400000", "investmentIncomeNet": "None", "netInterestIncome": "-46900000", "interestIncome": "None", "interestExpense": "46900000", "nonInterestIncome": "None", "otherNonOperatingIncome": "None", "depreciation": "None", "depreciationAndAmortization": "154500000", "incomeBeforeTax": "297400000", "incomeTaxExpense": "69100000", "interestAndDebtExpense": "None", "netIncomeFromContinuingOperations": "228300000", "comprehensiveIncomeNetOfTax": "None", "ebit": "323000000", "ebitda": "477500000", "netIncome": "228000000"}, {"fiscalDateEnding": "2023-12-31", "reportedCurrency": "USD", "grossProfit": "762200000", "totalRevenue": "3033300000", "costOfRevenue": "2271100000", "costofGoodsAndServicesSold": "2271100000", "operatingIncome": "229300000", "sellingGeneralAndAdministrative": "532900000", "researchAndDevelopment": "2000000", "operatingExpenses": "532900000", "investmentIncomeNet": "None", "netInterestIncome": "-48800000", "interestIncome": "None", "interestExpense": "48800000", "nonInterestIncome": "None", "otherNonOperatingIncome": "None", "depreciation": "None", "depreciationAndAmortization": "150000000", "incomeBeforeTax": "-147100000", "incomeTaxExpense": "19700000", "interestAndDebtExpense": "None", "netIncomeFromContinuingOperations": "-166800000", "comprehensiveIncomeNetOfTax": "None", "ebit": "-98300001", "ebitda": "51699999", "netIncome": "-167100000"}, {"fiscalDateEnding": "2023-09-30", "reportedCurrency": "USD", "grossProfit": "851200000", "totalRevenue": "3056800000", "costOfRevenue": "2205600000", "costofGoodsAndServicesSold": "2205600000", "operatingIncome": "252300000", "sellingGeneralAndAdministrative": "525500000", "researchAndDevelopment": "None", "operatingExpenses": "581200000", "investmentIncomeNet": "None", "netInterestIncome": "-50300000", "interestIncome": "34700000", "interestExpense": "50300000", "nonInterestIncome": "None", "otherNonOperatingIncome": "None", "depreciation": "None", "depreciationAndAmortization": "189300000", "incomeBeforeTax": "238700000", "incomeTaxExpense": "55100000", "interestAndDebtExpense": "None", "netIncomeFromContinuingOperations": "183600000", "comprehensiveIncomeNetOfTax": "None", "ebit": "289000000", "ebitda": "478300000", "netIncome": "183300000"}, {"fiscalDateEnding": "2023-06-30", "reportedCurrency": "USD", "grossProfit": "842200000", "totalRevenue": "3033700000", "costOfRevenue": "2191500000", "costofGoodsAndServicesSold": "2191500000", "operatingIncome": "266300000", "sellingGeneralAndAdministrative": "505800000", "researchAndDevelopment": "None", "operatingExpenses": "557300000", "investmentIncomeNet": "None", "netInterestIncome": "-49800000", "interestIncome": "44400000", "interestExpense": "49800000", "nonInterestIncome": "None", "otherNonOperatingIncome": "-11500000", "depreciation": "None", "depreciationAndAmortization": "156400000", "incomeBeforeTax": "205000000", "incomeTaxExpense": "49800000", "interestAndDebtExpense": "None", "netIncomeFromContinuingOperations": "155200000", "comprehensiveIncomeNetOfTax": "None", "ebit": "254800000", "ebitda": "411200000", "netIncome": "188900000"}, {"fiscalDateEnding": "2023-03-31", "reportedCurrency": "USD", "grossProfit": "974700000", "totalRevenue": "3777900000", "costOfRevenue": "2803200000", "costofGoodsAndServicesSold": "2803200000", "operatingIncome": "341000000", "sellingGeneralAndAdministrative": "553600000", "researchAndDevelopment": "None", "operatingExpenses": "622900000", "investmentIncomeNet": "None", "netInterestIncome": "-50700000", "interestIncome": "50600000", "interestExpense": "50700000", "nonInterestIncome": "None", "otherNonOperatingIncome": "-12500000", "depreciation": "None", "depreciationAndAmortization": "213700000", "incomeBeforeTax": "277800000", "incomeTaxExpense": "64500000", "interestAndDebtExpense": "None", "netIncomeFromContinuingOperations": "213300000", "comprehensiveIncomeNetOfTax": "None", "ebit": "328500000", "ebitda": "542200000", "netIncome": "212900000"}, {"fiscalDateEnding": "2022-12-31", "reportedCurrency": "USD", "grossProfit": "969800000", "totalRevenue": "3674200000", "costOfRevenue": "2704400000", "costofGoodsAndServicesSold": "2704400000", "operatingIncome": "374100000", "sellingGeneralAndAdministrative": "536500000", "researchAndDevelopment": "None", "operatingExpenses": "597100000", "investmentIncomeNet": "None", "netInterestIncome": "-49300000", "interestIncome": "48700000", "interestExpense": "49300000", "nonInterestIncome": "None", "otherNonOperatingIncome": "None", "depreciation": "None", "depreciationAndAmortization": "204900000", "incomeBeforeTax": "44500000", "incomeTaxExpense": "-31900000", "interestAndDebtExpense": "None", "netIncomeFromContinuingOperations": "76400000", "comprehensiveIncomeNetOfTax": "None", "ebit": "93800000", "ebitda": "298700000", "netIncome": "76100000"}, {"fiscalDateEnding": "2022-09-30", "reportedCurrency": "USD", "grossProfit": "1059700000", "totalRevenue": "3606100000", "costOfRevenue": "2546400000", "costofGoodsAndServicesSold": "2546400000", "operatingIncome": "469400000", "sellingGeneralAndAdministrative": "510000000", "researchAndDevelopment": "None", "operatingExpenses": "575200000", "investmentIncomeNet": "None", "netInterestIncome": "-46300000", "interestIncome": "40500000", "interestExpense": "46300000", "nonInterestIncome": "None", "otherNonOperatingIncome": "-1500000", "depreciation": "None", "depreciationAndAmortization": "205100000", "incomeBeforeTax": "421600000", "incomeTaxExpense": "68400000", "interestAndDebtExpense": "None", "netIncomeFromContinuingOperations": "353200000", "comprehensiveIncomeNetOfTax": "None", "ebit": "467900000", "ebitda": "673000000", "netIncome": "352800000"}, {"fiscalDateEnding": "2022-06-30", "reportedCurrency": "USD", "grossProfit": "1122700000", "totalRevenue": "3696900000", "costOfRevenue": "2574200000", "costofGoodsAndServicesSold": "2574200000", "operatingIncome": "525900000", "sellingGeneralAndAdministrative": "486000000", "researchAndDevelopment": "None", "operatingExpenses": "552400000", "investmentIncomeNet": "None", "netInterestIncome": "-42500000", "interestIncome": "37300000", "interestExpense": "42500000", "nonInterestIncome": "None", "otherNonOperatingIncome": "-7000000", "depreciation": "None", "depreciationAndAmortization": "207900000", "incomeBeforeTax": "476400000", "incomeTaxExpense": "117500000", "interestAndDebtExpense": "None", "netIncomeFromContinuingOperations": "358900000", "comprehensiveIncomeNetOfTax": "None", "ebit": "518900000", "ebitda": "726800000", "netIncome": "358600000"}, {"fiscalDateEnding": "2022-03-31", "reportedCurrency": "USD", "grossProfit": "1232900000", "totalRevenue": "3899600000", "costOfRevenue": "2666700000", "costofGoodsAndServicesSold": "2666700000", "operatingIncome": "687900000", "sellingGeneralAndAdministrative": "464100000", "researchAndDevelopment": "None", "operatingExpenses": "531200000", "investmentIncomeNet": "None", "netInterestIncome": "-42200000", "interestIncome": "32300000", "interestExpense": "42200000", "nonInterestIncome": "None", "otherNonOperatingIncome": "-5600000", "depreciation": "None", "depreciationAndAmortization": "210400000", "incomeBeforeTax": "640100000", "incomeTaxExpense": "148000000", "interestAndDebtExpense": "None", "netIncomeFromContinuingOperations": "492100000", "comprehensiveIncomeNetOfTax": "None", "ebit": "682300000", "ebitda": "892700000", "netIncome": "491600000"}, {"fiscalDateEnding": "2021-12-31", "reportedCurrency": "USD", "grossProfit": "1375000000", "totalRevenue": "4056100000", "costOfRevenue": "2681100000", "costofGoodsAndServicesSold": "2681100000", "operatingIncome": "730600000", "sellingGeneralAndAdministrative": "543700000", "researchAndDevelopment": "None", "operatingExpenses": "636600000", "investmentIncomeNet": "None", "netInterestIncome": "-43100000", "interestIncome": "35600000", "interestExpense": "43100000", "nonInterestIncome": "None", "otherNonOperatingIncome": "-1500000", "depreciation": "None", "depreciationAndAmortization": "237600000", "incomeBeforeTax": "686000000", "incomeTaxExpense": "132400000", "interestAndDebtExpense": "None", "netIncomeFromContinuingOperations": "553600000", "comprehensiveIncomeNetOfTax": "None", "ebit": "729100000", "ebitda": "966700000", "netIncome": "553000000"}, {"fiscalDateEnding": "2021-09-30", "reportedCurrency": "USD", "grossProfit": "1385500000", "totalRevenue": "4062600000", "costOfRevenue": "2677100000", "costofGoodsAndServicesSold": "2677100000", "operatingIncome": "766900000", "sellingGeneralAndAdministrative": "519900000", "researchAndDevelopment": "None", "operatingExpenses": "612100000", "investmentIncomeNet": "None", "netInterestIncome": "-42200000", "interestIncome": "30600000", "interestExpense": "42200000", "nonInterestIncome": "None", "otherNonOperatingIncome": "43500000", "depreciation": "None", "depreciationAndAmortization": "235100000", "incomeBeforeTax": "768200000", "incomeTaxExpense": "180400000", "interestAndDebtExpense": "None", "netIncomeFromContinuingOperations": "587800000", "comprehensiveIncomeNetOfTax": "None", "ebit": "810400000", "ebitda": "1045500000", "netIncome": "587300000"}, {"fiscalDateEnding": "2021-06-30", "reportedCurrency": "USD", "grossProfit": "1264800000", "totalRevenue": "3840700000", "costOfRevenue": "2575900000", "costofGoodsAndServicesSold": "2575900000", "operatingIncome": "704100000", "sellingGeneralAndAdministrative": "458700000", "researchAndDevelopment": "None", "operatingExpenses": "551100000", "investmentIncomeNet": "None", "netInterestIncome": "-78300000", "interestIncome": "67600000", "interestExpense": "78300000", "nonInterestIncome": "None", "otherNonOperatingIncome": "24800000", "depreciation": "None", "depreciationAndAmortization": "235100000", "incomeBeforeTax": "650600000", "incomeTaxExpense": "182600000", "interestAndDebtExpense": "None", "netIncomeFromContinuingOperations": "468000000", "comprehensiveIncomeNetOfTax": "None", "ebit": "728900000", "ebitda": "964000000", "netIncome": "467400000"}, {"fiscalDateEnding": "2021-03-31", "reportedCurrency": "USD", "grossProfit": "1599000000", "totalRevenue": "4161500000", "costOfRevenue": "2562500000", "costofGoodsAndServicesSold": "2562500000", "operatingIncome": "1057900000", "sellingGeneralAndAdministrative": "429000000", "researchAndDevelopment": "None", "operatingExpenses": "521900000", "investmentIncomeNet": "None", "netInterestIncome": "-48500000", "interestIncome": "42600000", "interestExpense": "48500000", "nonInterestIncome": "None", "otherNonOperatingIncome": "12400000", "depreciation": "None", "depreciationAndAmortization": "232200000", "incomeBeforeTax": "1021800000", "incomeTaxExpense": "251700000", "interestAndDebtExpense": "None", "netIncomeFromContinuingOperations": "770100000", "comprehensiveIncomeNetOfTax": "None", "ebit": "1070300000", "ebitda": "1302500000", "netIncome": "769600000"}, {"fiscalDateEnding": "2020-12-31", "reportedCurrency": "USD", "grossProfit": "1904900000", "totalRevenue": "4489800000", "costOfRevenue": "2584900000", "costofGoodsAndServicesSold": "2584900000", "operatingIncome": "1293200000", "sellingGeneralAndAdministrative": "1729000000", "researchAndDevelopment": "None", "operatingExpenses": "608800000", "investmentIncomeNet": "None", "netInterestIncome": "-48300000", "interestIncome": "41000000", "interestExpense": "48300000", "nonInterestIncome": "None", "otherNonOperatingIncome": "None", "depreciation": "None", "depreciationAndAmortization": "183900000", "incomeBeforeTax": "1242700000", "incomeTaxExpense": "304100000", "interestAndDebtExpense": "None", "netIncomeFromContinuingOperations": "-773700000", "comprehensiveIncomeNetOfTax": "None", "ebit": "1340600000", "ebitda": "1524500000", "netIncome": "938300000"}, {"fiscalDateEnding": "2020-09-30", "reportedCurrency": "USD", "grossProfit": "1559400000", "totalRevenue": "3896100000", "costOfRevenue": "2336700000", "costofGoodsAndServicesSold": "2336700000", "operatingIncome": "1047100000", "sellingGeneralAndAdministrative": "419500000", "researchAndDevelopment": "None", "operatingExpenses": "481700000", "investmentIncomeNet": "None", "netInterestIncome": "-51400000", "interestIncome": "52200000", "interestExpense": "51400000", "nonInterestIncome": "None", "otherNonOperatingIncome": "3000000", "depreciation": "None", "depreciationAndAmortization": "152300000", "incomeBeforeTax": "947100000", "incomeTaxExpense": "243400000", "interestAndDebtExpense": "None", "netIncomeFromContinuingOperations": "858100000", "comprehensiveIncomeNetOfTax": "None", "ebit": "1084000000", "ebitda": "1236300000", "netIncome": "703400000"}, {"fiscalDateEnding": "2020-06-30", "reportedCurrency": "USD", "grossProfit": "760500000", "totalRevenue": "2768800000", "costOfRevenue": "2008300000", "costofGoodsAndServicesSold": "2008300000", "operatingIncome": "297700000", "sellingGeneralAndAdministrative": "396300000", "researchAndDevelopment": "None", "operatingExpenses": "456400000", "investmentIncomeNet": "None", "netInterestIncome": "-52700000", "interestIncome": "48400000", "interestExpense": "52700000", "nonInterestIncome": "None", "otherNonOperatingIncome": "52000000", "depreciation": "None", "depreciationAndAmortization": "143900000", "incomeBeforeTax": "297000000", "incomeTaxExpense": "65400000", "interestAndDebtExpense": "None", "netIncomeFromContinuingOperations": "231600000", "comprehensiveIncomeNetOfTax": "None", "ebit": "306600000", "ebitda": "450500000", "netIncome": "231600000"}, {"fiscalDateEnding": "2020-03-31", "reportedCurrency": "USD", "grossProfit": "728000000", "totalRevenue": "2823800000", "costOfRevenue": "2095800000", "costofGoodsAndServicesSold": "2095800000", "operatingIncome": "-192600000", "sellingGeneralAndAdministrative": "395500000", "researchAndDevelopment": "None", "operatingExpenses": "457800000", "investmentIncomeNet": "None", "netInterestIncome": "-55000000", "interestIncome": "61800000", "interestExpense": "55000000", "nonInterestIncome": "None", "otherNonOperatingIncome": "-20100000", "depreciation": "None", "depreciationAndAmortization": "144600000", "incomeBeforeTax": "-267700000", "incomeTaxExpense": "49200000", "interestAndDebtExpense": "None", "netIncomeFromContinuingOperations": "-316900000", "comprehensiveIncomeNetOfTax": "None", "ebit": "-212700000", "ebitda": "-68100000", "netIncome": "-317200000"}, {"fiscalDateEnding": "2019-12-31", "reportedCurrency": "USD", "grossProfit": "820700000", "totalRevenue": "2953400000", "costOfRevenue": "2132700000", "costofGoodsAndServicesSold": "2132700000", "operatingIncome": "336400000", "sellingGeneralAndAdministrative": "413900000", "researchAndDevelopment": "None", "operatingExpenses": "478100000", "investmentIncomeNet": "None", "netInterestIncome": "-64400000", "interestIncome": "49700000", "interestExpense": "64400000", "nonInterestIncome": "None", "otherNonOperatingIncome": "None", "depreciation": "None", "depreciationAndAmortization": "155800000", "incomeBeforeTax": "292900000", "incomeTaxExpense": "65600000", "interestAndDebtExpense": "None", "netIncomeFromContinuingOperations": "227300000", "comprehensiveIncomeNetOfTax": "None", "ebit": "407300000", "ebitda": "563100000", "netIncome": "227100000"}, {"fiscalDateEnding": "2019-09-30", "reportedCurrency": "USD", "grossProfit": "817300000", "totalRevenue": "2928500000", "costOfRevenue": "2111200000", "costofGoodsAndServicesSold": "2111200000", "operatingIncome": "339900000", "sellingGeneralAndAdministrative": "401500000", "researchAndDevelopment": "None", "operatingExpenses": "463200000", "investmentIncomeNet": "None", "netInterestIncome": "-60500000", "interestIncome": "49500000", "interestExpense": "60500000", "nonInterestIncome": "None", "otherNonOperatingIncome": "8000000", "depreciation": "None", "depreciationAndAmortization": "144300000", "incomeBeforeTax": "287400000", "incomeTaxExpense": "66400000", "interestAndDebtExpense": "None", "netIncomeFromContinuingOperations": "221000000", "comprehensiveIncomeNetOfTax": "None", "ebit": "357500000", "ebitda": "501800000", "netIncome": "220700000"}, {"fiscalDateEnding": "2019-06-30", "reportedCurrency": "USD", "grossProfit": "824800000", "totalRevenue": "2881700000", "costOfRevenue": "2056900000", "costofGoodsAndServicesSold": "2056900000", "operatingIncome": "335700000", "sellingGeneralAndAdministrative": "415300000", "researchAndDevelopment": "None", "operatingExpenses": "475500000", "investmentIncomeNet": "None", "netInterestIncome": "-59100000", "interestIncome": "113100000", "interestExpense": "59100000", "nonInterestIncome": "None", "otherNonOperatingIncome": "-6600000", "depreciation": "None", "depreciationAndAmortization": "210100000", "incomeBeforeTax": "270000000", "incomeTaxExpense": "79300000", "interestAndDebtExpense": "None", "netIncomeFromContinuingOperations": "190700000", "comprehensiveIncomeNetOfTax": "None", "ebit": "258800000", "ebitda": "468900000", "netIncome": "190400000"}, {"fiscalDateEnding": "2019-03-31", "reportedCurrency": "USD", "grossProfit": "789700000", "totalRevenue": "2791200000", "costOfRevenue": "2001500000", "costofGoodsAndServicesSold": "2001500000", "operatingIncome": "318200000", "sellingGeneralAndAdministrative": "393800000", "researchAndDevelopment": "None", "operatingExpenses": "450900000", "investmentIncomeNet": "None", "netInterestIncome": "-56700000", "interestIncome": "None", "interestExpense": "56700000", "nonInterestIncome": "None", "otherNonOperatingIncome": "-6800000", "depreciation": "None", "depreciationAndAmortization": "198500000", "incomeBeforeTax": "254700000", "incomeTaxExpense": "68800000", "interestAndDebtExpense": "None", "netIncomeFromContinuingOperations": "185900000", "comprehensiveIncomeNetOfTax": "None", "ebit": "313200000", "ebitda": "511700000", "netIncome": "185600000"}, {"fiscalDateEnding": "2018-12-31", "reportedCurrency": "USD", "grossProfit": "772400000", "totalRevenue": "2787500000", "costOfRevenue": "2015100000", "costofGoodsAndServicesSold": "2015100000", "operatingIncome": "307700000", "sellingGeneralAndAdministrative": "396900000", "researchAndDevelopment": "0", "operatingExpenses": "453100000", "investmentIncomeNet": "None", "netInterestIncome": "None", "interestIncome": "None", "interestExpense": "58200000", "nonInterestIncome": "None", "otherNonOperatingIncome": "-35000000", "depreciation": "None", "depreciationAndAmortization": "137700000", "incomeBeforeTax": "214500000", "incomeTaxExpense": "56300000", "interestAndDebtExpense": "None", "netIncomeFromContinuingOperations": "158300000", "comprehensiveIncomeNetOfTax": "None", "ebit": "272700000", "ebitda": "410400000", "netIncome": "157900000"}, {"fiscalDateEnding": "2018-09-30", "reportedCurrency": "USD", "grossProfit": "789900000", "totalRevenue": "2831300000", "costOfRevenue": "2041400000", "costofGoodsAndServicesSold": "2041400000", "operatingIncome": "343400000", "sellingGeneralAndAdministrative": "381800000", "researchAndDevelopment": "0", "operatingExpenses": "436500000", "investmentIncomeNet": "None", "netInterestIncome": "None", "interestIncome": "None", "interestExpense": "59400000", "nonInterestIncome": "None", "otherNonOperatingIncome": "215600000", "depreciation": "None", "depreciationAndAmortization": "133100000", "incomeBeforeTax": "499600000", "incomeTaxExpense": "108600000", "interestAndDebtExpense": "None", "netIncomeFromContinuingOperations": "319000000", "comprehensiveIncomeNetOfTax": "None", "ebit": "361800000", "ebitda": "494900000", "netIncome": "390800000"}, {"fiscalDateEnding": "2018-06-30", "reportedCurrency": "USD", "grossProfit": "835100000", "totalRevenue": "2866300000", "costOfRevenue": "2031200000", "costofGoodsAndServicesSold": "2031200000", "operatingIncome": "369200000", "sellingGeneralAndAdministrative": "395200000", "researchAndDevelopment": "0", "operatingExpenses": "453700000", "investmentIncomeNet": "None", "netInterestIncome": "None", "interestIncome": "None", "interestExpense": "63100000", "nonInterestIncome": "None", "otherNonOperatingIncome": "6600000", "depreciation": "None", "depreciationAndAmortization": "138500000", "incomeBeforeTax": "312700000", "incomeTaxExpense": "78600000", "interestAndDebtExpense": "None", "netIncomeFromContinuingOperations": "234100000", "comprehensiveIncomeNetOfTax": "None", "ebit": "404900000", "ebitda": "543400000", "netIncome": "233800000"}, {"fiscalDateEnding": "2018-03-31", "reportedCurrency": "USD", "grossProfit": "779000000", "totalRevenue": "2848300000", "costOfRevenue": "2069300000", "costofGoodsAndServicesSold": "2069300000", "operatingIncome": "305400000", "sellingGeneralAndAdministrative": "397000000", "researchAndDevelopment": "0", "operatingExpenses": "459300000", "investmentIncomeNet": "None", "netInterestIncome": "None", "interestIncome": "None", "interestExpense": "63500000", "nonInterestIncome": "None", "otherNonOperatingIncome": "-400000", "depreciation": "None", "depreciationAndAmortization": "142800000", "incomeBeforeTax": "241500000", "incomeTaxExpense": "69000000", "interestAndDebtExpense": "None", "netIncomeFromContinuingOperations": "172500000", "comprehensiveIncomeNetOfTax": "None", "ebit": "342500000", "ebitda": "485300000", "netIncome": "173200000"}, {"fiscalDateEnding": "2017-12-31", "reportedCurrency": "USD", "grossProfit": "915800000", "totalRevenue": "2796300000", "costOfRevenue": "1880500000", "costofGoodsAndServicesSold": "1880500000", "operatingIncome": "354200000", "sellingGeneralAndAdministrative": "492400000", "researchAndDevelopment": "0", "operatingExpenses": "555300000", "investmentIncomeNet": "None", "netInterestIncome": "None", "interestIncome": "None", "interestExpense": "67800000", "nonInterestIncome": "None", "otherNonOperatingIncome": "2600000", "depreciation": "None", "depreciationAndAmortization": "145000000", "incomeBeforeTax": "289000000", "incomeTaxExpense": "-420200000", "interestAndDebtExpense": "None", "netIncomeFromContinuingOperations": "709200000", "comprehensiveIncomeNetOfTax": "None", "ebit": "356800000", "ebitda": "501800000", "netIncome": "706800000"}, {"fiscalDateEnding": "2017-09-30", "reportedCurrency": "USD", "grossProfit": "882800000", "totalRevenue": "2655200000", "costOfRevenue": "1772400000", "costofGoodsAndServicesSold": "1772400000", "operatingIncome": "341300000", "sellingGeneralAndAdministrative": "465300000", "researchAndDevelopment": "0", "operatingExpenses": "519900000", "investmentIncomeNet": "None", "netInterestIncome": "None", "interestIncome": "None", "interestExpense": "59900000", "nonInterestIncome": "None", "otherNonOperatingIncome": "-300000", "depreciation": "None", "depreciationAndAmortization": "133100000", "incomeBeforeTax": "281100000", "incomeTaxExpense": "97700000", "interestAndDebtExpense": "None", "netIncomeFromContinuingOperations": "183400000", "comprehensiveIncomeNetOfTax": "None", "ebit": "326700000", "ebitda": "459800000", "netIncome": "180600000"}, {"fiscalDateEnding": "2017-06-30", "reportedCurrency": "USD", "grossProfit": "861800000", "totalRevenue": "2542900000", "costOfRevenue": "1681100000", "costofGoodsAndServicesSold": "1681100000", "operatingIncome": "336000000", "sellingGeneralAndAdministrative": "435300000", "researchAndDevelopment": "0", "operatingExpenses": "486700000", "investmentIncomeNet": "None", "netInterestIncome": "None", "interestIncome": "None", "interestExpense": "55000000", "nonInterestIncome": "None", "otherNonOperatingIncome": "4100000", "depreciation": "None", "depreciationAndAmortization": "127000000", "incomeBeforeTax": "285100000", "incomeTaxExpense": "96200000", "interestAndDebtExpense": "None", "netIncomeFromContinuingOperations": "188900000", "comprehensiveIncomeNetOfTax": "None", "ebit": "379700000", "ebitda": "506700000", "netIncome": "188600000"}, {"fiscalDateEnding": "2017-03-31", "reportedCurrency": "USD", "grossProfit": "803600000", "totalRevenue": "2447000000", "costOfRevenue": "1643400000", "costofGoodsAndServicesSold": "1643400000", "operatingIncome": "332700000", "sellingGeneralAndAdministrative": "419400000", "researchAndDevelopment": "0", "operatingExpenses": "467000000", "investmentIncomeNet": "None", "netInterestIncome": "None", "interestIncome": "None", "interestExpense": "52400000", "nonInterestIncome": "None", "otherNonOperatingIncome": "-600000", "depreciation": "None", "depreciationAndAmortization": "128100000", "incomeBeforeTax": "279700000", "incomeTaxExpense": "87200000", "interestAndDebtExpense": "None", "netIncomeFromContinuingOperations": "192500000", "comprehensiveIncomeNetOfTax": "None", "ebit": "329100000", "ebitda": "457200000", "netIncome": "192200000"}, {"fiscalDateEnding": "2016-12-31", "reportedCurrency": "USD", "grossProfit": "788000000", "totalRevenue": "2428400000", "costOfRevenue": "1640400000", "costofGoodsAndServicesSold": "1640400000", "operatingIncome": "323400000", "sellingGeneralAndAdministrative": "406000000", "researchAndDevelopment": "0", "operatingExpenses": "454800000", "investmentIncomeNet": "None", "netInterestIncome": "None", "interestIncome": "None", "interestExpense": "52900000", "nonInterestIncome": "None", "otherNonOperatingIncome": "6100000", "depreciation": "None", "depreciationAndAmortization": "130300000", "incomeBeforeTax": "276600000", "incomeTaxExpense": "92000000", "interestAndDebtExpense": "None", "netIncomeFromContinuingOperations": "194400000", "comprehensiveIncomeNetOfTax": "None", "ebit": "323900000", "ebitda": "454200000", "netIncome": "184400000"}, {"fiscalDateEnding": "2016-09-30", "reportedCurrency": "USD", "grossProfit": "788400000", "totalRevenue": "2414700000", "costOfRevenue": "1626300000", "costofGoodsAndServicesSold": "1626300000", "operatingIncome": "324000000", "sellingGeneralAndAdministrative": "400500000", "researchAndDevelopment": "0", "operatingExpenses": "441600000", "investmentIncomeNet": "None", "netInterestIncome": "None", "interestIncome": "None", "interestExpense": "58200000", "nonInterestIncome": "None", "otherNonOperatingIncome": "-2400000", "depreciation": "None", "depreciationAndAmortization": "121100000", "incomeBeforeTax": "263400000", "incomeTaxExpense": "83600000", "interestAndDebtExpense": "None", "netIncomeFromContinuingOperations": "179800000", "comprehensiveIncomeNetOfTax": "None", "ebit": "363000000", "ebitda": "484100000", "netIncome": "179500000"}, {"fiscalDateEnding": "2016-06-30", "reportedCurrency": "USD", "grossProfit": "826800000", "totalRevenue": "2430700000", "costOfRevenue": "1603900000", "costofGoodsAndServicesSold": "1603900000", "operatingIncome": "366900000", "sellingGeneralAndAdministrative": "408000000", "researchAndDevelopment": "0", "operatingExpenses": "453300000", "investmentIncomeNet": "None", "netInterestIncome": "None", "interestIncome": "None", "interestExpense": "53500000", "nonInterestIncome": "None", "otherNonOperatingIncome": "-100000", "depreciation": "None", "depreciationAndAmortization": "125400000", "incomeBeforeTax": "313300000", "incomeTaxExpense": "114800000", "interestAndDebtExpense": "None", "netIncomeFromContinuingOperations": "198500000", "comprehensiveIncomeNetOfTax": "None", "ebit": "380000000", "ebitda": "505400000", "netIncome": "198200000"}, {"fiscalDateEnding": "2016-03-31", "reportedCurrency": "USD", "grossProfit": "777300000", "totalRevenue": "2368000000", "costOfRevenue": "1590700000", "costofGoodsAndServicesSold": "1590700000", "operatingIncome": "301900000", "sellingGeneralAndAdministrative": "411900000", "researchAndDevelopment": "0", "operatingExpenses": "456200000", "investmentIncomeNet": "None", "netInterestIncome": "None", "interestIncome": "None", "interestExpense": "54500000", "nonInterestIncome": "None", "otherNonOperatingIncome": "8600000", "depreciation": "None", "depreciationAndAmortization": "122400000", "incomeBeforeTax": "256000000", "incomeTaxExpense": "95500000", "interestAndDebtExpense": "None", "netIncomeFromContinuingOperations": "160500000", "comprehensiveIncomeNetOfTax": "None", "ebit": "328800000", "ebitda": "451200000", "netIncome": "160200000"}, {"fiscalDateEnding": "2015-12-31", "reportedCurrency": "USD", "grossProfit": "740700000", "totalRevenue": "2300500000", "costOfRevenue": "1559800000", "costofGoodsAndServicesSold": "1559800000", "operatingIncome": "243500000", "sellingGeneralAndAdministrative": "404900000", "researchAndDevelopment": "0", "operatingExpenses": "443200000", "investmentIncomeNet": "None", "netInterestIncome": "None", "interestIncome": "None", "interestExpense": "56800000", "nonInterestIncome": "None", "otherNonOperatingIncome": "-500000", "depreciation": "None", "depreciationAndAmortization": "113300000", "incomeBeforeTax": "186200000", "incomeTaxExpense": "71700000", "interestAndDebtExpense": "None", "netIncomeFromContinuingOperations": "115200000", "comprehensiveIncomeNetOfTax": "None", "ebit": "242900000", "ebitda": "356200000", "netIncome": "114200000"}, {"fiscalDateEnding": "2015-09-30", "reportedCurrency": "USD", "grossProfit": "762900000", "totalRevenue": "2317300000", "costOfRevenue": "1554400000", "costofGoodsAndServicesSold": "1554400000", "operatingIncome": "306900000", "sellingGeneralAndAdministrative": "382500000", "researchAndDevelopment": "0", "operatingExpenses": "429600000", "investmentIncomeNet": "None", "netInterestIncome": "None", "interestIncome": "None", "interestExpense": "55800000", "nonInterestIncome": "None", "otherNonOperatingIncome": "-700000", "depreciation": "None", "depreciationAndAmortization": "121400000", "incomeBeforeTax": "250400000", "incomeTaxExpense": "97300000", "interestAndDebtExpense": "None", "netIncomeFromContinuingOperations": "153100000", "comprehensiveIncomeNetOfTax": "None", "ebit": "337500000", "ebitda": "458900000", "netIncome": "152800000"}, {"fiscalDateEnding": "2015-06-30", "reportedCurrency": "USD", "grossProfit": "774600000", "totalRevenue": "2269100000", "costOfRevenue": "1494500000", "costofGoodsAndServicesSold": "1494500000", "operatingIncome": "321300000", "sellingGeneralAndAdministrative": "392400000", "researchAndDevelopment": "0", "operatingExpenses": "439000000", "investmentIncomeNet": "None", "netInterestIncome": "None", "interestIncome": "None", "interestExpense": "57900000", "nonInterestIncome": "None", "otherNonOperatingIncome": "900000", "depreciation": "None", "depreciationAndAmortization": "119200000", "incomeBeforeTax": "264300000", "incomeTaxExpense": "95600000", "interestAndDebtExpense": "None", "netIncomeFromContinuingOperations": "168700000", "comprehensiveIncomeNetOfTax": "None", "ebit": "344500000", "ebitda": "463700000", "netIncome": "168400000"}, {"fiscalDateEnding": "2015-03-31", "reportedCurrency": "USD", "grossProfit": "596000000", "totalRevenue": "1793200000", "costOfRevenue": "1197200000", "costofGoodsAndServicesSold": "1197200000", "operatingIncome": "130200000", "sellingGeneralAndAdministrative": "415100000", "researchAndDevelopment": "0", "operatingExpenses": "446500000", "investmentIncomeNet": "None", "netInterestIncome": "None", "interestIncome": "None", "interestExpense": "104300000", "nonInterestIncome": "None", "otherNonOperatingIncome": "4400000", "depreciation": "None", "depreciationAndAmortization": "104700000", "incomeBeforeTax": "30300000", "incomeTaxExpense": "29300000", "interestAndDebtExpense": "None", "netIncomeFromContinuingOperations": "1000000", "comprehensiveIncomeNetOfTax": "None", "ebit": "269000000", "ebitda": "373700000", "netIncome": "700000"}, {"fiscalDateEnding": "2014-12-31", "reportedCurrency": "USD", "grossProfit": "546500000", "totalRevenue": "1512700000", "costOfRevenue": "966200000", "costofGoodsAndServicesSold": "966200000", "operatingIncome": "219000000", "sellingGeneralAndAdministrative": "309700000", "researchAndDevelopment": "0", "operatingExpenses": "325100000", "investmentIncomeNet": "None", "netInterestIncome": "None", "interestIncome": "None", "interestExpense": "32100000", "nonInterestIncome": "None", "otherNonOperatingIncome": "600000", "depreciation": "None", "depreciationAndAmortization": "63500000", "incomeBeforeTax": "187500000", "incomeTaxExpense": "67600000", "interestAndDebtExpense": "None", "netIncomeFromContinuingOperations": "119900000", "comprehensiveIncomeNetOfTax": "None", "ebit": "219600000", "ebitda": "283100000", "netIncome": "119600000"}, {"fiscalDateEnding": "2014-09-30", "reportedCurrency": "USD", "grossProfit": "571200000", "totalRevenue": "1551800000", "costOfRevenue": "980600000", "costofGoodsAndServicesSold": "980600000", "operatingIncome": "241400000", "sellingGeneralAndAdministrative": "305700000", "researchAndDevelopment": "0", "operatingExpenses": "324000000", "investmentIncomeNet": "None", "netInterestIncome": "None", "interestIncome": "None", "interestExpense": "25900000", "nonInterestIncome": "None", "otherNonOperatingIncome": "3500000", "depreciation": "None", "depreciationAndAmortization": "58500000", "incomeBeforeTax": "219000000", "incomeTaxExpense": "81500000", "interestAndDebtExpense": "None", "netIncomeFromContinuingOperations": "137500000", "comprehensiveIncomeNetOfTax": "None", "ebit": "257300000", "ebitda": "315800000", "netIncome": "137200000"}, {"fiscalDateEnding": "2014-06-30", "reportedCurrency": "USD", "grossProfit": "568600000", "totalRevenue": "1516400000", "costOfRevenue": "947800000", "costofGoodsAndServicesSold": "947800000", "operatingIncome": "246700000", "sellingGeneralAndAdministrative": "297900000", "researchAndDevelopment": "0", "operatingExpenses": "319900000", "investmentIncomeNet": "None", "netInterestIncome": "None", "interestIncome": "None", "interestExpense": "25800000", "nonInterestIncome": "None", "otherNonOperatingIncome": "11600000", "depreciation": "None", "depreciationAndAmortization": "62800000", "incomeBeforeTax": "232500000", "incomeTaxExpense": "90800000", "interestAndDebtExpense": "None", "netIncomeFromContinuingOperations": "141700000", "comprehensiveIncomeNetOfTax": "None", "ebit": "253400000", "ebitda": "316200000", "netIncome": "141300000"}, {"fiscalDateEnding": "2014-03-31", "reportedCurrency": "USD", "grossProfit": "516800000", "totalRevenue": "1430700000", "costOfRevenue": "913900000", "costofGoodsAndServicesSold": "913900000", "operatingIncome": "203300000", "sellingGeneralAndAdministrative": "284900000", "researchAndDevelopment": "0", "operatingExpenses": "305900000", "investmentIncomeNet": "None", "netInterestIncome": "None", "interestIncome": "None", "interestExpense": "25700000", "nonInterestIncome": "None", "otherNonOperatingIncome": "10100000", "depreciation": "None", "depreciationAndAmortization": "21000000", "incomeBeforeTax": "187700000", "incomeTaxExpense": "74200000", "interestAndDebtExpense": "None", "netIncomeFromContinuingOperations": "113500000", "comprehensiveIncomeNetOfTax": "None", "ebit": "250600000", "ebitda": "271600000", "netIncome": "113100000"}, {"fiscalDateEnding": "2013-12-31", "reportedCurrency": "USD", "grossProfit": "526100000", "totalRevenue": "1437000000", "costOfRevenue": "910900000", "costofGoodsAndServicesSold": "910900000", "operatingIncome": "215000000", "sellingGeneralAndAdministrative": "285700000", "researchAndDevelopment": "0", "operatingExpenses": "307100000", "investmentIncomeNet": "None", "netInterestIncome": "None", "interestIncome": "None", "interestExpense": "31400000", "nonInterestIncome": "None", "otherNonOperatingIncome": "3400000", "depreciation": "None", "depreciationAndAmortization": "21400000", "incomeBeforeTax": "194200000", "incomeTaxExpense": "67500000", "interestAndDebtExpense": "None", "netIncomeFromContinuingOperations": "126800000", "comprehensiveIncomeNetOfTax": "None", "ebit": "256800000", "ebitda": "278200000", "netIncome": "126300000"}, {"fiscalDateEnding": "2013-09-30", "reportedCurrency": "USD", "grossProfit": "547600000", "totalRevenue": "1462200000", "costOfRevenue": "914600000", "costofGoodsAndServicesSold": "914600000", "operatingIncome": "244600000", "sellingGeneralAndAdministrative": "279000000", "researchAndDevelopment": "0", "operatingExpenses": "299300000", "investmentIncomeNet": "None", "netInterestIncome": "None", "interestIncome": "None", "interestExpense": "24700000", "nonInterestIncome": "None", "otherNonOperatingIncome": "10100000", "depreciation": "None", "depreciationAndAmortization": "20300000", "incomeBeforeTax": "230000000", "incomeTaxExpense": "81300000", "interestAndDebtExpense": "None", "netIncomeFromContinuingOperations": "148700000", "comprehensiveIncomeNetOfTax": "None", "ebit": "285900000", "ebitda": "306200000", "netIncome": "148300000"}, {"fiscalDateEnding": "2013-06-30", "reportedCurrency": "USD", "grossProfit": "577300000", "totalRevenue": "1468200000", "costOfRevenue": "890900000", "costofGoodsAndServicesSold": "890900000", "operatingIncome": "269300000", "sellingGeneralAndAdministrative": "280900000", "researchAndDevelopment": "0", "operatingExpenses": "301400000", "investmentIncomeNet": "None", "netInterestIncome": "None", "interestIncome": "None", "interestExpense": "23100000", "nonInterestIncome": "None", "otherNonOperatingIncome": "3800000", "depreciation": "None", "depreciationAndAmortization": "20500000", "incomeBeforeTax": "250000000", "incomeTaxExpense": "97700000", "interestAndDebtExpense": "None", "netIncomeFromContinuingOperations": "152300000", "comprehensiveIncomeNetOfTax": "None", "ebit": "279500000", "ebitda": "300000000", "netIncome": "151900000"}, {"fiscalDateEnding": "2013-03-31", "reportedCurrency": "USD", "grossProfit": "572200000", "totalRevenue": "1440900000", "costOfRevenue": "868700000", "costofGoodsAndServicesSold": "868700000", "operatingIncome": "262000000", "sellingGeneralAndAdministrative": "283200000", "researchAndDevelopment": "0", "operatingExpenses": "302700000", "investmentIncomeNet": "None", "netInterestIncome": "None", "interestIncome": "None", "interestExpense": "24500000", "nonInterestIncome": "None", "otherNonOperatingIncome": "3900000", "depreciation": "None", "depreciationAndAmortization": "19500000", "incomeBeforeTax": "241400000", "incomeTaxExpense": "93800000", "interestAndDebtExpense": "None", "netIncomeFromContinuingOperations": "147600000", "comprehensiveIncomeNetOfTax": "None", "ebit": "273200000", "ebitda": "292700000", "netIncome": "147200000"}, {"fiscalDateEnding": "2012-12-31", "reportedCurrency": "USD", "grossProfit": "538000000", "totalRevenue": "1405300000", "costOfRevenue": "867300000", "costofGoodsAndServicesSold": "867300000", "operatingIncome": "215300000", "sellingGeneralAndAdministrative": "278800000", "researchAndDevelopment": "0", "operatingExpenses": "302000000", "investmentIncomeNet": "None", "netInterestIncome": "None", "interestIncome": "None", "interestExpense": "27600000", "nonInterestIncome": "None", "otherNonOperatingIncome": "3800000", "depreciation": "None", "depreciationAndAmortization": "23200000", "incomeBeforeTax": "191500000", "incomeTaxExpense": "70900000", "interestAndDebtExpense": "None", "netIncomeFromContinuingOperations": "120600000", "comprehensiveIncomeNetOfTax": "None", "ebit": "255300000", "ebitda": "278500000", "netIncome": "120200000"}, {"fiscalDateEnding": "2012-09-30", "reportedCurrency": "USD", "grossProfit": "556100000", "totalRevenue": "1419400000", "costOfRevenue": "863300000", "costofGoodsAndServicesSold": "863300000", "operatingIncome": "245100000", "sellingGeneralAndAdministrative": "285100000", "researchAndDevelopment": "0", "operatingExpenses": "306200000", "investmentIncomeNet": "None", "netInterestIncome": "None", "interestIncome": "None", "interestExpense": "24100000", "nonInterestIncome": "None", "otherNonOperatingIncome": "5900000", "depreciation": "None", "depreciationAndAmortization": "21100000", "incomeBeforeTax": "226900000", "incomeTaxExpense": "78500000", "interestAndDebtExpense": "None", "netIncomeFromContinuingOperations": "148400000", "comprehensiveIncomeNetOfTax": "None", "ebit": "255300000", "ebitda": "276400000", "netIncome": "148000000"}, {"fiscalDateEnding": "2012-06-30", "reportedCurrency": "USD", "grossProfit": "579500000", "totalRevenue": "1423400000", "costOfRevenue": "843900000", "costofGoodsAndServicesSold": "843900000", "operatingIncome": "276000000", "sellingGeneralAndAdministrative": "279500000", "researchAndDevelopment": "0", "operatingExpenses": "300100000", "investmentIncomeNet": "None", "netInterestIncome": "None", "interestIncome": "None", "interestExpense": "21300000", "nonInterestIncome": "None", "otherNonOperatingIncome": "1500000", "depreciation": "None", "depreciationAndAmortization": "20600000", "incomeBeforeTax": "256200000", "incomeTaxExpense": "102400000", "interestAndDebtExpense": "None", "netIncomeFromContinuingOperations": "153800000", "comprehensiveIncomeNetOfTax": "None", "ebit": "287600000", "ebitda": "308200000", "netIncome": "153300000"}, {"fiscalDateEnding": "2012-03-31", "reportedCurrency": "USD", "grossProfit": "576100000", "totalRevenue": "1423300000", "costOfRevenue": "847200000", "costofGoodsAndServicesSold": "847200000", "operatingIncome": "287100000", "sellingGeneralAndAdministrative": "271200000", "researchAndDevelopment": "0", "operatingExpenses": "292600000", "investmentIncomeNet": "None", "netInterestIncome": "None", "interestIncome": "None", "interestExpense": "21500000", "nonInterestIncome": "None", "otherNonOperatingIncome": "4000000", "depreciation": "None", "depreciationAndAmortization": "21400000", "incomeBeforeTax": "269600000", "incomeTaxExpense": "107600000", "interestAndDebtExpense": "None", "netIncomeFromContinuingOperations": "162000000", "comprehensiveIncomeNetOfTax": "None", "ebit": "288000000", "ebitda": "309400000", "netIncome": "161600000"}, {"fiscalDateEnding": "2011-12-31", "reportedCurrency": "USD", "grossProfit": "549600000", "totalRevenue": "1366100000", "costOfRevenue": "816500000", "costofGoodsAndServicesSold": "816500000", "operatingIncome": "247500000", "sellingGeneralAndAdministrative": "270300000", "researchAndDevelopment": "0", "operatingExpenses": "291500000", "investmentIncomeNet": "None", "netInterestIncome": "None", "interestIncome": "None", "interestExpense": "22200000", "nonInterestIncome": "None", "otherNonOperatingIncome": "-300000", "depreciation": "None", "depreciationAndAmortization": "57800000", "incomeBeforeTax": "225000000", "incomeTaxExpense": "86800000", "interestAndDebtExpense": "None", "netIncomeFromContinuingOperations": "138200000", "comprehensiveIncomeNetOfTax": "None", "ebit": "247200000", "ebitda": "305000000", "netIncome": "135400000"}, {"fiscalDateEnding": "2011-09-30", "reportedCurrency": "USD", "grossProfit": "568500000", "totalRevenue": "1404500000", "costOfRevenue": "836000000", "costofGoodsAndServicesSold": "836000000", "operatingIncome": "239400000", "sellingGeneralAndAdministrative": "283800000", "researchAndDevelopment": "0", "operatingExpenses": "305000000", "investmentIncomeNet": "None", "netInterestIncome": "None", "interestIncome": "None", "interestExpense": "20300000", "nonInterestIncome": "None", "otherNonOperatingIncome": "1000000", "depreciation": "None", "depreciationAndAmortization": "21200000", "incomeBeforeTax": "220100000", "incomeTaxExpense": "82500000", "interestAndDebtExpense": "None", "netIncomeFromContinuingOperations": "137600000", "comprehensiveIncomeNetOfTax": "None", "ebit": "276900000", "ebitda": "298100000", "netIncome": "134300000"}, {"fiscalDateEnding": "2011-06-30", "reportedCurrency": "USD", "grossProfit": "588200000", "totalRevenue": "1403300000", "costOfRevenue": "815100000", "costofGoodsAndServicesSold": "815100000", "operatingIncome": "225700000", "sellingGeneralAndAdministrative": "322700000", "researchAndDevelopment": "0", "operatingExpenses": "344200000", "investmentIncomeNet": "None", "netInterestIncome": "None", "interestIncome": "None", "interestExpense": "21000000", "nonInterestIncome": "None", "otherNonOperatingIncome": "2600000", "depreciation": "None", "depreciationAndAmortization": "21500000", "incomeBeforeTax": "207300000", "incomeTaxExpense": "80600000", "interestAndDebtExpense": "None", "netIncomeFromContinuingOperations": "126700000", "comprehensiveIncomeNetOfTax": "None", "ebit": "264600000", "ebitda": "286100000", "netIncome": "122900000"}, {"fiscalDateEnding": "2011-03-31", "reportedCurrency": "USD", "grossProfit": "568400000", "totalRevenue": "1368400000", "costOfRevenue": "800000000", "costofGoodsAndServicesSold": "800000000", "operatingIncome": "235800000", "sellingGeneralAndAdministrative": "282800000", "researchAndDevelopment": "0", "operatingExpenses": "304700000", "investmentIncomeNet": "None", "netInterestIncome": "None", "interestIncome": "None", "interestExpense": "24000000", "nonInterestIncome": "None", "otherNonOperatingIncome": "1900000", "depreciation": "None", "depreciationAndAmortization": "21900000", "incomeBeforeTax": "213700000", "incomeTaxExpense": "83100000", "interestAndDebtExpense": "None", "netIncomeFromContinuingOperations": "130600000", "comprehensiveIncomeNetOfTax": "None", "ebit": "273900000", "ebitda": "295800000", "netIncome": "127100000"}, {"fiscalDateEnding": "2010-12-31", "reportedCurrency": "USD", "grossProfit": "529600000", "totalRevenue": "1295400000", "costOfRevenue": "765800000", "costofGoodsAndServicesSold": "765800000", "operatingIncome": "238800000", "sellingGeneralAndAdministrative": "272400000", "researchAndDevelopment": "0", "operatingExpenses": "292000000", "investmentIncomeNet": "None", "netInterestIncome": "None", "interestIncome": "None", "interestExpense": "19300000", "nonInterestIncome": "None", "otherNonOperatingIncome": "-3600000", "depreciation": "None", "depreciationAndAmortization": "52900000", "incomeBeforeTax": "215900000", "incomeTaxExpense": "80800000", "interestAndDebtExpense": "None", "netIncomeFromContinuingOperations": "135100000", "comprehensiveIncomeNetOfTax": "None", "ebit": "235200000", "ebitda": "288100000", "netIncome": "131800000"}, {"fiscalDateEnding": "2010-09-30", "reportedCurrency": "USD", "grossProfit": "527700000", "totalRevenue": "1276500000", "costOfRevenue": "748800000", "costofGoodsAndServicesSold": "748800000", "operatingIncome": "235300000", "sellingGeneralAndAdministrative": "270500000", "researchAndDevelopment": "0", "operatingExpenses": "288500000", "investmentIncomeNet": "None", "netInterestIncome": "None", "interestIncome": "None", "interestExpense": "21600000", "nonInterestIncome": "None", "otherNonOperatingIncome": "2900000", "depreciation": "None", "depreciationAndAmortization": "18000000", "incomeBeforeTax": "216600000", "incomeTaxExpense": "73500000", "interestAndDebtExpense": "None", "netIncomeFromContinuingOperations": "143100000", "comprehensiveIncomeNetOfTax": "None", "ebit": "243700000", "ebitda": "261700000", "netIncome": "140000000"}, {"fiscalDateEnding": "2010-06-30", "reportedCurrency": "USD", "grossProfit": "533600000", "totalRevenue": "1238400000", "costOfRevenue": "704800000", "costofGoodsAndServicesSold": "704800000", "operatingIncome": "270500000", "sellingGeneralAndAdministrative": "245400000", "researchAndDevelopment": "0", "operatingExpenses": "263100000", "investmentIncomeNet": "None", "netInterestIncome": "None", "interestIncome": "None", "interestExpense": "14500000", "nonInterestIncome": "None", "otherNonOperatingIncome": "4000000", "depreciation": "None", "depreciationAndAmortization": "17700000", "incomeBeforeTax": "260000000", "incomeTaxExpense": "102800000", "interestAndDebtExpense": "None", "netIncomeFromContinuingOperations": "157200000", "comprehensiveIncomeNetOfTax": "None", "ebit": "275300000", "ebitda": "293000000", "netIncome": "153700000"}, {"fiscalDateEnding": "2010-03-31", "reportedCurrency": "USD", "grossProfit": "506900000", "totalRevenue": "1193600000", "costOfRevenue": "686700000", "costofGoodsAndServicesSold": "686700000", "operatingIncome": "234200000", "sellingGeneralAndAdministrative": "246000000", "researchAndDevelopment": "0", "operatingExpenses": "263400000", "investmentIncomeNet": "None", "netInterestIncome": "None", "interestIncome": "None", "interestExpense": "14600000", "nonInterestIncome": "None", "otherNonOperatingIncome": "3500000", "depreciation": "None", "depreciationAndAmortization": "17400000", "incomeBeforeTax": "223100000", "incomeTaxExpense": "86900000", "interestAndDebtExpense": "None", "netIncomeFromContinuingOperations": "136200000", "comprehensiveIncomeNetOfTax": "None", "ebit": "247600000", "ebitda": "265000000", "netIncome": "132700000"}, {"fiscalDateEnding": "2009-12-31", "reportedCurrency": "USD", "grossProfit": "476000000", "totalRevenue": "1165100000", "costOfRevenue": "689100000", "costofGoodsAndServicesSold": "689100000", "operatingIncome": "215800000", "sellingGeneralAndAdministrative": "240500000", "researchAndDevelopment": "0", "operatingExpenses": "256900000", "investmentIncomeNet": "None", "netInterestIncome": "None", "interestIncome": "None", "interestExpense": "14700000", "nonInterestIncome": "None", "otherNonOperatingIncome": "None", "depreciation": "None", "depreciationAndAmortization": "49800000", "incomeBeforeTax": "203200000", "incomeTaxExpense": "57400000", "interestAndDebtExpense": "None", "netIncomeFromContinuingOperations": "0", "comprehensiveIncomeNetOfTax": "None", "ebit": "217900000", "ebitda": "267700000", "netIncome": "142700000"}, {"fiscalDateEnding": "2009-09-30", "reportedCurrency": "USD", "grossProfit": "498100000", "totalRevenue": "1185100000", "costOfRevenue": "687000000", "costofGoodsAndServicesSold": "687000000", "operatingIncome": "234900000", "sellingGeneralAndAdministrative": "238000000", "researchAndDevelopment": "0", "operatingExpenses": "263200000", "investmentIncomeNet": "None", "netInterestIncome": "None", "interestIncome": "None", "interestExpense": "15000000", "nonInterestIncome": "None", "otherNonOperatingIncome": "3200000", "depreciation": "None", "depreciationAndAmortization": "15900000", "incomeBeforeTax": "223100000", "incomeTaxExpense": "88500000", "interestAndDebtExpense": "None", "netIncomeFromContinuingOperations": "134600000", "comprehensiveIncomeNetOfTax": "None", "ebit": "239400000", "ebitda": "255300000", "netIncome": "131400000"}, {"fiscalDateEnding": "2009-06-30", "reportedCurrency": "USD", "grossProfit": "507400000", "totalRevenue": "1188800000", "costOfRevenue": "681400000", "costofGoodsAndServicesSold": "681400000", "operatingIncome": "244700000", "sellingGeneralAndAdministrative": "238000000", "researchAndDevelopment": "0", "operatingExpenses": "252500000", "investmentIncomeNet": "None", "netInterestIncome": "None", "interestIncome": "None", "interestExpense": "16200000", "nonInterestIncome": "None", "otherNonOperatingIncome": "None", "depreciation": "None", "depreciationAndAmortization": "15200000", "incomeBeforeTax": "232100000", "incomeTaxExpense": "92700000", "interestAndDebtExpense": "None", "netIncomeFromContinuingOperations": "0", "comprehensiveIncomeNetOfTax": "None", "ebit": "259200000", "ebitda": "274400000", "netIncome": "139400000"}, {"fiscalDateEnding": "2009-03-31", "reportedCurrency": "USD", "grossProfit": "489400000", "totalRevenue": "1155700000", "costOfRevenue": "666300000", "costofGoodsAndServicesSold": "666300000", "operatingIncome": "240500000", "sellingGeneralAndAdministrative": "935000000", "researchAndDevelopment": "0", "operatingExpenses": "248900000", "investmentIncomeNet": "None", "netInterestIncome": "None", "interestIncome": "None", "interestExpense": "17000000", "nonInterestIncome": "None", "otherNonOperatingIncome": "None", "depreciation": "None", "depreciationAndAmortization": "47300000", "incomeBeforeTax": "226200000", "incomeTaxExpense": "90400000", "interestAndDebtExpense": "None", "netIncomeFromContinuingOperations": "0", "comprehensiveIncomeNetOfTax": "None", "ebit": "243200000", "ebitda": "290500000", "netIncome": "132800000"}, {"fiscalDateEnding": "2008-12-31", "reportedCurrency": "USD", "grossProfit": "449900000", "totalRevenue": "1119100000", "costOfRevenue": "669200000", "costofGoodsAndServicesSold": "669200000", "operatingIncome": "204400000", "sellingGeneralAndAdministrative": "935000000", "researchAndDevelopment": "0", "operatingExpenses": "241300000", "investmentIncomeNet": "None", "netInterestIncome": "None", "interestIncome": "None", "interestExpense": "18000000", "nonInterestIncome": "None", "otherNonOperatingIncome": "None", "depreciation": "None", "depreciationAndAmortization": "46200000", "incomeBeforeTax": "185800000", "incomeTaxExpense": "67700000", "interestAndDebtExpense": "None", "netIncomeFromContinuingOperations": "0", "comprehensiveIncomeNetOfTax": "None", "ebit": "172200000", "ebitda": "218400000", "netIncome": "118100000"}, {"fiscalDateEnding": "2008-09-30", "reportedCurrency": "USD", "grossProfit": "461600000", "totalRevenue": "1135100000", "costOfRevenue": "673500000", "costofGoodsAndServicesSold": "673500000", "operatingIncome": "202200000", "sellingGeneralAndAdministrative": "215000000", "researchAndDevelopment": "0", "operatingExpenses": "241700000", "investmentIncomeNet": "None", "netInterestIncome": "None", "interestIncome": "None", "interestExpense": "16800000", "nonInterestIncome": "None", "otherNonOperatingIncome": "None", "depreciation": "None", "depreciationAndAmortization": "45200000", "incomeBeforeTax": "186900000", "incomeTaxExpense": "75000000", "interestAndDebtExpense": "None", "netIncomeFromContinuingOperations": "0", "comprehensiveIncomeNetOfTax": "None", "ebit": "206700000", "ebitda": "251900000", "netIncome": "111900000"}, {"fiscalDateEnding": "2008-06-30", "reportedCurrency": "USD", "grossProfit": "491800000", "totalRevenue": "1147800000", "costOfRevenue": "656000000", "costofGoodsAndServicesSold": "656000000", "operatingIncome": "195200000", "sellingGeneralAndAdministrative": "215000000", "researchAndDevelopment": "0", "operatingExpenses": "280600000", "investmentIncomeNet": "None", "netInterestIncome": "None", "interestIncome": "None", "interestExpense": "18000000", "nonInterestIncome": "None", "otherNonOperatingIncome": "None", "depreciation": "None", "depreciationAndAmortization": "44800000", "incomeBeforeTax": "177800000", "incomeTaxExpense": "73600000", "interestAndDebtExpense": "None", "netIncomeFromContinuingOperations": "0", "comprehensiveIncomeNetOfTax": "None", "ebit": "211200000", "ebitda": "256000000", "netIncome": "104200000"}, {"fiscalDateEnding": "2008-03-31", "reportedCurrency": "USD", "grossProfit": "470500000", "totalRevenue": "1103200000", "costOfRevenue": "632700000", "costofGoodsAndServicesSold": "632700000", "operatingIncome": "241100000", "sellingGeneralAndAdministrative": "808000000", "researchAndDevelopment": "0", "operatingExpenses": "229400000", "investmentIncomeNet": "None", "netInterestIncome": "None", "interestIncome": "None", "interestExpense": "19900000", "nonInterestIncome": "None", "otherNonOperatingIncome": "None", "depreciation": "None", "depreciationAndAmortization": "43500000", "incomeBeforeTax": "221900000", "incomeTaxExpense": "91600000", "interestAndDebtExpense": "None", "netIncomeFromContinuingOperations": "0", "comprehensiveIncomeNetOfTax": "None", "ebit": "241200000", "ebitda": "284700000", "netIncome": "130300000"}, {"fiscalDateEnding": "2007-12-31", "reportedCurrency": "USD", "grossProfit": "405400000", "totalRevenue": "1005800000", "costOfRevenue": "600400000", "costofGoodsAndServicesSold": "600400000", "operatingIncome": "182200000", "sellingGeneralAndAdministrative": "808000000", "researchAndDevelopment": "0", "operatingExpenses": "210900000", "investmentIncomeNet": "None", "netInterestIncome": "None", "interestIncome": "None", "interestExpense": "19000000", "nonInterestIncome": "None", "otherNonOperatingIncome": "None", "depreciation": "None", "depreciationAndAmortization": "42600000", "incomeBeforeTax": "186900000", "incomeTaxExpense": "72500000", "interestAndDebtExpense": "None", "netIncomeFromContinuingOperations": "0", "comprehensiveIncomeNetOfTax": "None", "ebit": "194500000", "ebitda": "237100000", "netIncome": "114400000"}, {"fiscalDateEnding": "2007-09-30", "reportedCurrency": "USD", "grossProfit": "422100000", "totalRevenue": "1020600000", "costOfRevenue": "598500000", "costofGoodsAndServicesSold": "598500000", "operatingIncome": "178900000", "sellingGeneralAndAdministrative": "198000000", "researchAndDevelopment": "0", "operatingExpenses": "211900000", "investmentIncomeNet": "None", "netInterestIncome": "None", "interestIncome": "None", "interestExpense": "12000000", "nonInterestIncome": "None", "otherNonOperatingIncome": "None", "depreciation": "None", "depreciationAndAmortization": "40300000", "incomeBeforeTax": "187100000", "incomeTaxExpense": "75900000", "interestAndDebtExpense": "None", "netIncomeFromContinuingOperations": "0", "comprehensiveIncomeNetOfTax": "None", "ebit": "210200000", "ebitda": "250500000", "netIncome": "111200000"}, {"fiscalDateEnding": "2007-06-30", "reportedCurrency": "USD", "grossProfit": "442000000", "totalRevenue": "1043100000", "costOfRevenue": "601100000", "costofGoodsAndServicesSold": "601100000", "operatingIncome": "212500000", "sellingGeneralAndAdministrative": "205000000", "researchAndDevelopment": "0", "operatingExpenses": "222500000", "investmentIncomeNet": "None", "netInterestIncome": "None", "interestIncome": "None", "interestExpense": "12600000", "nonInterestIncome": "None", "otherNonOperatingIncome": "None", "depreciation": "None", "depreciationAndAmortization": "39900000", "incomeBeforeTax": "219400000", "incomeTaxExpense": "90700000", "interestAndDebtExpense": "None", "netIncomeFromContinuingOperations": "0", "comprehensiveIncomeNetOfTax": "None", "ebit": "219500000", "ebitda": "259400000", "netIncome": "128700000"}, {"fiscalDateEnding": "2007-03-31", "reportedCurrency": "USD", "grossProfit": "421700000", "totalRevenue": "998700000", "costOfRevenue": "577000000", "costofGoodsAndServicesSold": "577000000", "operatingIncome": "203400000", "sellingGeneralAndAdministrative": "205000000", "researchAndDevelopment": "0", "operatingExpenses": "218300000", "investmentIncomeNet": "None", "netInterestIncome": "None", "interestIncome": "None", "interestExpense": "12000000", "nonInterestIncome": "None", "otherNonOperatingIncome": "None", "depreciation": "None", "depreciationAndAmortization": "40000000", "incomeBeforeTax": "208900000", "incomeTaxExpense": "86400000", "interestAndDebtExpense": "None", "netIncomeFromContinuingOperations": "0", "comprehensiveIncomeNetOfTax": "None", "ebit": "203400000", "ebitda": "243400000", "netIncome": "122500000"}, {"fiscalDateEnding": "2006-12-31", "reportedCurrency": "USD", "grossProfit": "379000000", "totalRevenue": "898600000", "costOfRevenue": "519600000", "costofGoodsAndServicesSold": "519600000", "operatingIncome": "162700000", "sellingGeneralAndAdministrative": "203100000", "researchAndDevelopment": "0", "operatingExpenses": "216300000", "investmentIncomeNet": "None", "netInterestIncome": "None", "interestIncome": "None", "interestExpense": "12400000", "nonInterestIncome": "None", "otherNonOperatingIncome": "None", "depreciation": "None", "depreciationAndAmortization": "39400000", "incomeBeforeTax": "169800000", "incomeTaxExpense": "66100000", "interestAndDebtExpense": "None", "netIncomeFromContinuingOperations": "0", "comprehensiveIncomeNetOfTax": "None", "ebit": "162700000", "ebitda": "202100000", "netIncome": "103700000"}, {"fiscalDateEnding": "2006-09-30", "reportedCurrency": "USD", "grossProfit": "384900000", "totalRevenue": "909900000", "costOfRevenue": "525000000", "costofGoodsAndServicesSold": "525000000", "operatingIncome": "176000000", "sellingGeneralAndAdministrative": "194900000", "researchAndDevelopment": "0", "operatingExpenses": "207900000", "investmentIncomeNet": "None", "netInterestIncome": "None", "interestIncome": "None", "interestExpense": "12000000", "nonInterestIncome": "None", "otherNonOperatingIncome": "None", "depreciation": "None", "depreciationAndAmortization": "38500000", "incomeBeforeTax": "183100000", "incomeTaxExpense": "73500000", "interestAndDebtExpense": "None", "netIncomeFromContinuingOperations": "0", "comprehensiveIncomeNetOfTax": "None", "ebit": "175300000", "ebitda": "213800000", "netIncome": "109600000"}, {"fiscalDateEnding": "2006-06-30", "reportedCurrency": "USD", "grossProfit": "392800000", "totalRevenue": "903700000", "costOfRevenue": "510900000", "costofGoodsAndServicesSold": "510900000", "operatingIncome": "189600000", "sellingGeneralAndAdministrative": "190000000", "researchAndDevelopment": "0", "operatingExpenses": "203200000", "investmentIncomeNet": "None", "netInterestIncome": "None", "interestIncome": "None", "interestExpense": "12000000", "nonInterestIncome": "None", "otherNonOperatingIncome": "None", "depreciation": "None", "depreciationAndAmortization": "38700000", "incomeBeforeTax": "195900000", "incomeTaxExpense": "79500000", "interestAndDebtExpense": "None", "netIncomeFromContinuingOperations": "0", "comprehensiveIncomeNetOfTax": "None", "ebit": "189600000", "ebitda": "228300000", "netIncome": "116400000"}, {"fiscalDateEnding": "2006-03-31", "reportedCurrency": "USD", "grossProfit": "372700000", "totalRevenue": "878500000", "costOfRevenue": "505800000", "costofGoodsAndServicesSold": "505800000", "operatingIncome": "168800000", "sellingGeneralAndAdministrative": "190000000", "researchAndDevelopment": "0", "operatingExpenses": "203900000", "investmentIncomeNet": "None", "netInterestIncome": "None", "interestIncome": "None", "interestExpense": "11000000", "nonInterestIncome": "None", "otherNonOperatingIncome": "None", "depreciation": "None", "depreciationAndAmortization": "38400000", "incomeBeforeTax": "172100000", "incomeTaxExpense": "70200000", "interestAndDebtExpense": "None", "netIncomeFromContinuingOperations": "0", "comprehensiveIncomeNetOfTax": "None", "ebit": "168800000", "ebitda": "207200000", "netIncome": "101900000"}, {"fiscalDateEnding": "2005-12-31", "reportedCurrency": "USD", "grossProfit": "332500000", "totalRevenue": "822300000", "costOfRevenue": "489800000", "costofGoodsAndServicesSold": "489800000", "operatingIncome": "135800000", "sellingGeneralAndAdministrative": "703000000", "researchAndDevelopment": "0", "operatingExpenses": "189800000", "investmentIncomeNet": "None", "netInterestIncome": "None", "interestIncome": "None", "interestExpense": "9000000", "nonInterestIncome": "None", "otherNonOperatingIncome": "None", "depreciation": "None", "depreciationAndAmortization": "39100000", "incomeBeforeTax": "144600000", "incomeTaxExpense": "55700000", "interestAndDebtExpense": "None", "netIncomeFromContinuingOperations": "0", "comprehensiveIncomeNetOfTax": "None", "ebit": "142700000", "ebitda": "181800000", "netIncome": "88900000"}, {"fiscalDateEnding": "2005-09-30", "reportedCurrency": "USD", "grossProfit": "354600000", "totalRevenue": "852900000", "costOfRevenue": "498300000", "costofGoodsAndServicesSold": "498300000", "operatingIncome": "151600000", "sellingGeneralAndAdministrative": "179900000", "researchAndDevelopment": "0", "operatingExpenses": "193000000", "investmentIncomeNet": "None", "netInterestIncome": "None", "interestIncome": "None", "interestExpense": "8000000", "nonInterestIncome": "None", "otherNonOperatingIncome": "None", "depreciation": "None", "depreciationAndAmortization": "37600000", "incomeBeforeTax": "157400000", "incomeTaxExpense": "62700000", "interestAndDebtExpense": "None", "netIncomeFromContinuingOperations": "0", "comprehensiveIncomeNetOfTax": "None", "ebit": "161600000", "ebitda": "199200000", "netIncome": "94700000"}, {"fiscalDateEnding": "2005-06-30", "reportedCurrency": "USD", "grossProfit": "364900000", "totalRevenue": "853300000", "costOfRevenue": "488400000", "costofGoodsAndServicesSold": "488400000", "operatingIncome": "173100000", "sellingGeneralAndAdministrative": "168000000", "researchAndDevelopment": "0", "operatingExpenses": "191800000", "investmentIncomeNet": "None", "netInterestIncome": "None", "interestIncome": "None", "interestExpense": "9000000", "nonInterestIncome": "None", "otherNonOperatingIncome": "None", "depreciation": "None", "depreciationAndAmortization": "37500000", "incomeBeforeTax": "175800000", "incomeTaxExpense": "69800000", "interestAndDebtExpense": "None", "netIncomeFromContinuingOperations": "0", "comprehensiveIncomeNetOfTax": "None", "ebit": "173100000", "ebitda": "210600000", "netIncome": "106000000"}, {"fiscalDateEnding": "2005-03-31", "reportedCurrency": "USD", "grossProfit": "338300000", "totalRevenue": "799100000", "costOfRevenue": "460800000", "costofGoodsAndServicesSold": "460800000", "operatingIncome": "157600000", "sellingGeneralAndAdministrative": "649000000", "researchAndDevelopment": "0", "operatingExpenses": "180700000", "investmentIncomeNet": "None", "netInterestIncome": "None", "interestIncome": "None", "interestExpense": "9000000", "nonInterestIncome": "None", "otherNonOperatingIncome": "None", "depreciation": "None", "depreciationAndAmortization": "35600000", "incomeBeforeTax": "162900000", "incomeTaxExpense": "66300000", "interestAndDebtExpense": "None", "netIncomeFromContinuingOperations": "0", "comprehensiveIncomeNetOfTax": "None", "ebit": "157600000", "ebitda": "193200000", "netIncome": "96600000"}, {"fiscalDateEnding": "2004-12-31", "reportedCurrency": "USD", "grossProfit": "306100000", "totalRevenue": "766500000", "costOfRevenue": "460400000", "costofGoodsAndServicesSold": "460400000", "operatingIncome": "137100000", "sellingGeneralAndAdministrative": "158900000", "researchAndDevelopment": "0", "operatingExpenses": "169900000", "investmentIncomeNet": "None", "netInterestIncome": "None", "interestIncome": "None", "interestExpense": "8500000", "nonInterestIncome": "None", "otherNonOperatingIncome": "None", "depreciation": "None", "depreciationAndAmortization": "33900000", "incomeBeforeTax": "143700000", "incomeTaxExpense": "58900000", "interestAndDebtExpense": "None", "netIncomeFromContinuingOperations": "0", "comprehensiveIncomeNetOfTax": "None", "ebit": "136200000", "ebitda": "170100000", "netIncome": "84800000"}]}