{"symbol": "OXY", "annualReports": [{"fiscalDateEnding": "2024-12-31", "reportedCurrency": "USD", "grossProfit": "9550000000", "totalRevenue": "26725000000", "costOfRevenue": "17175000000", "costofGoodsAndServicesSold": "17175000000", "operatingIncome": "5593000000", "sellingGeneralAndAdministrative": "1062000000", "researchAndDevelopment": "None", "operatingExpenses": "4401000000", "investmentIncomeNet": "None", "netInterestIncome": "-1004000000", "interestIncome": "171000000", "interestExpense": "1175000000", "nonInterestIncome": "None", "otherNonOperatingIncome": "None", "depreciation": "None", "depreciationAndAmortization": "7371000000", "incomeBeforeTax": "4070000000", "incomeTaxExpense": "1174000000", "interestAndDebtExpense": "None", "netIncomeFromContinuingOperations": "2896000000", "comprehensiveIncomeNetOfTax": "None", "ebit": "5245000000", "ebitda": "12616000000", "netIncome": "2377000000"}, {"fiscalDateEnding": "2023-12-31", "reportedCurrency": "USD", "grossProfit": "10109000000", "totalRevenue": "28257000000", "costOfRevenue": "18148000000", "costofGoodsAndServicesSold": "18148000000", "operatingIncome": "6414000000", "sellingGeneralAndAdministrative": "1083000000", "researchAndDevelopment": "None", "operatingExpenses": "3695000000", "investmentIncomeNet": "None", "netInterestIncome": "-806000000", "interestIncome": "139000000", "interestExpense": "945000000", "nonInterestIncome": "None", "otherNonOperatingIncome": "None", "depreciation": "None", "depreciationAndAmortization": "7164000000", "incomeBeforeTax": "6429000000", "incomeTaxExpense": "1733000000", "interestAndDebtExpense": "None", "netIncomeFromContinuingOperations": "4696000000", "comprehensiveIncomeNetOfTax": "None", "ebit": "7374000000", "ebitda": "14538000000", "netIncome": "4696000000"}, {"fiscalDateEnding": "2022-12-31", "reportedCurrency": "USD", "grossProfit": "17645000000", "totalRevenue": "36634000000", "costOfRevenue": "18989000000", "costofGoodsAndServicesSold": "18989000000", "operatingIncome": "13665000000", "sellingGeneralAndAdministrative": "2727000000", "researchAndDevelopment": "None", "operatingExpenses": "3980000000", "investmentIncomeNet": "None", "netInterestIncome": "-877000000", "interestIncome": "388000000", "interestExpense": "1030000000", "nonInterestIncome": "None", "otherNonOperatingIncome": "1110000000", "depreciation": "None", "depreciationAndAmortization": "6926000000", "incomeBeforeTax": "14117000000", "incomeTaxExpense": "813000000", "interestAndDebtExpense": "None", "netIncomeFromContinuingOperations": "13304000000", "comprehensiveIncomeNetOfTax": "None", "ebit": "15231000000", "ebitda": "22157000000", "netIncome": "13304000000"}, {"fiscalDateEnding": "2021-12-31", "reportedCurrency": "USD", "grossProfit": "7850000000", "totalRevenue": "25956000000", "costOfRevenue": "18106000000", "costofGoodsAndServicesSold": "18106000000", "operatingIncome": "4665000000", "sellingGeneralAndAdministrative": "2933000000", "researchAndDevelopment": "None", "operatingExpenses": "3185000000", "investmentIncomeNet": "None", "netInterestIncome": "-1448000000", "interestIncome": "669000000", "interestExpense": "1614000000", "nonInterestIncome": "None", "otherNonOperatingIncome": "753000000", "depreciation": "None", "depreciationAndAmortization": "8572000000", "incomeBeforeTax": "3705000000", "incomeTaxExpense": "915000000", "interestAndDebtExpense": "None", "netIncomeFromContinuingOperations": "2790000000", "comprehensiveIncomeNetOfTax": "None", "ebit": "5319000000", "ebitda": "13891000000", "netIncome": "2322000000"}, {"fiscalDateEnding": "2020-12-31", "reportedCurrency": "USD", "grossProfit": "1244000000", "totalRevenue": "17809000000", "costOfRevenue": "16565000000", "costofGoodsAndServicesSold": "16565000000", "operatingIncome": "-770000000", "sellingGeneralAndAdministrative": "864000000", "researchAndDevelopment": "None", "operatingExpenses": "2502000000", "investmentIncomeNet": "None", "netInterestIncome": "-1306000000", "interestIncome": "3143000000", "interestExpense": "1424000000", "nonInterestIncome": "None", "otherNonOperatingIncome": "-53000000", "depreciation": "None", "depreciationAndAmortization": "8144000000", "incomeBeforeTax": "-15705000000", "incomeTaxExpense": "-2172000000", "interestAndDebtExpense": "None", "netIncomeFromContinuingOperations": "-13533000000", "comprehensiveIncomeNetOfTax": "None", "ebit": "-14281000000", "ebitda": "-6137000000", "netIncome": "-13533000000"}, {"fiscalDateEnding": "2019-12-31", "reportedCurrency": "USD", "grossProfit": "6075000000", "totalRevenue": "20393000000", "costOfRevenue": "14318000000", "costofGoodsAndServicesSold": "14318000000", "operatingIncome": "3405000000", "sellingGeneralAndAdministrative": "882000000", "researchAndDevelopment": "None", "operatingExpenses": "3260000000", "investmentIncomeNet": "None", "netInterestIncome": "-849000000", "interestIncome": "217000000", "interestExpense": "1066000000", "nonInterestIncome": "None", "otherNonOperatingIncome": "606000000", "depreciation": "None", "depreciationAndAmortization": "6229000000", "incomeBeforeTax": "186000000", "incomeTaxExpense": "693000000", "interestAndDebtExpense": "None", "netIncomeFromContinuingOperations": "-507000000", "comprehensiveIncomeNetOfTax": "None", "ebit": "1420000000", "ebitda": "7649000000", "netIncome": "-507000000"}, {"fiscalDateEnding": "2018-12-31", "reportedCurrency": "USD", "grossProfit": "7279000000", "totalRevenue": "17824000000", "costOfRevenue": "10545000000", "costofGoodsAndServicesSold": "10545000000", "operatingIncome": "5997000000", "sellingGeneralAndAdministrative": "1613000000", "researchAndDevelopment": "0", "operatingExpenses": "2162000000", "investmentIncomeNet": "None", "netInterestIncome": "-253000000", "interestIncome": "136000000", "interestExpense": "389000000", "nonInterestIncome": "None", "otherNonOperatingIncome": "331000000", "depreciation": "None", "depreciationAndAmortization": "4033000000", "incomeBeforeTax": "5277000000", "incomeTaxExpense": "1477000000", "interestAndDebtExpense": "None", "netIncomeFromContinuingOperations": "4131000000", "comprehensiveIncomeNetOfTax": "None", "ebit": "5061000000", "ebitda": "9094000000", "netIncome": "4131000000"}, {"fiscalDateEnding": "2017-12-31", "reportedCurrency": "USD", "grossProfit": "2912000000", "totalRevenue": "12508000000", "costOfRevenue": "9596000000", "costofGoodsAndServicesSold": "9596000000", "operatingIncome": "1673000000", "sellingGeneralAndAdministrative": "1424000000", "researchAndDevelopment": "0", "operatingExpenses": "1817000000", "investmentIncomeNet": "None", "netInterestIncome": "-246000000", "interestIncome": "99000000", "interestExpense": "345000000", "nonInterestIncome": "None", "otherNonOperatingIncome": "357000000", "depreciation": "None", "depreciationAndAmortization": "4053000000", "incomeBeforeTax": "971000000", "incomeTaxExpense": "17000000", "interestAndDebtExpense": "None", "netIncomeFromContinuingOperations": "1311000000", "comprehensiveIncomeNetOfTax": "None", "ebit": "1316000000", "ebitda": "5369000000", "netIncome": "1311000000"}, {"fiscalDateEnding": "2016-12-31", "reportedCurrency": "USD", "grossProfit": "633000000", "totalRevenue": "10090000000", "costOfRevenue": "9457000000", "costofGoodsAndServicesSold": "9457000000", "operatingIncome": "-944000000", "sellingGeneralAndAdministrative": "1330000000", "researchAndDevelopment": "0", "operatingExpenses": "1669000000", "investmentIncomeNet": "None", "netInterestIncome": "-186000000", "interestIncome": "106000000", "interestExpense": "292000000", "nonInterestIncome": "None", "otherNonOperatingIncome": "181000000", "depreciation": "None", "depreciationAndAmortization": "4301000000", "incomeBeforeTax": "-1845000000", "incomeTaxExpense": "-662000000", "interestAndDebtExpense": "None", "netIncomeFromContinuingOperations": "-1002000000", "comprehensiveIncomeNetOfTax": "None", "ebit": "-1553000000", "ebitda": "2748000000", "netIncome": "-574000000"}, {"fiscalDateEnding": "2015-12-31", "reportedCurrency": "USD", "grossProfit": "2132000000", "totalRevenue": "12480000000", "costOfRevenue": "10348000000", "costofGoodsAndServicesSold": "10348000000", "operatingIncome": "-9012000000", "sellingGeneralAndAdministrative": "1270000000", "researchAndDevelopment": "0", "operatingExpenses": "1649000000", "investmentIncomeNet": "None", "netInterestIncome": "None", "interestIncome": "46000000", "interestExpense": "147000000", "nonInterestIncome": "None", "otherNonOperatingIncome": "208000000", "depreciation": "None", "depreciationAndAmortization": "4544000000", "incomeBeforeTax": "-9684000000", "incomeTaxExpense": "-1330000000", "interestAndDebtExpense": "None", "netIncomeFromContinuingOperations": "-8146000000", "comprehensiveIncomeNetOfTax": "None", "ebit": "-9527000000", "ebitda": "-4983000000", "netIncome": "-7829000000"}, {"fiscalDateEnding": "2014-12-31", "reportedCurrency": "USD", "grossProfit": "8248000000", "totalRevenue": "19312000000", "costOfRevenue": "11064000000", "costofGoodsAndServicesSold": "11064000000", "operatingIncome": "2378000000", "sellingGeneralAndAdministrative": "1503000000", "researchAndDevelopment": "0", "operatingExpenses": "2203000000", "investmentIncomeNet": "None", "netInterestIncome": "None", "interestIncome": "None", "interestExpense": "77000000", "nonInterestIncome": "None", "otherNonOperatingIncome": "331000000", "depreciation": "None", "depreciationAndAmortization": "4261000000", "incomeBeforeTax": "1224000000", "incomeTaxExpense": "1685000000", "interestAndDebtExpense": "None", "netIncomeFromContinuingOperations": "-130000000", "comprehensiveIncomeNetOfTax": "None", "ebit": "1400000000", "ebitda": "5661000000", "netIncome": "616000000"}, {"fiscalDateEnding": "2013-12-31", "reportedCurrency": "USD", "grossProfit": "11546000000", "totalRevenue": "24455000000", "costOfRevenue": "12909000000", "costofGoodsAndServicesSold": "12909000000", "operatingIncome": "9776000000", "sellingGeneralAndAdministrative": "1801000000", "researchAndDevelopment": "0", "operatingExpenses": "2806000000", "investmentIncomeNet": "None", "netInterestIncome": "None", "interestIncome": "None", "interestExpense": "110000000", "nonInterestIncome": "None", "otherNonOperatingIncome": "1570000000", "depreciation": "None", "depreciationAndAmortization": "5347000000", "incomeBeforeTax": "9658000000", "incomeTaxExpense": "3755000000", "interestAndDebtExpense": "None", "netIncomeFromContinuingOperations": "5527000000", "comprehensiveIncomeNetOfTax": "None", "ebit": "6739000000", "ebitda": "12086000000", "netIncome": "5903000000"}, {"fiscalDateEnding": "2012-12-31", "reportedCurrency": "USD", "grossProfit": "11817000000", "totalRevenue": "24172000000", "costOfRevenue": "12355000000", "costofGoodsAndServicesSold": "12355000000", "operatingIncome": "7846000000", "sellingGeneralAndAdministrative": "1602000000", "researchAndDevelopment": "0", "operatingExpenses": "2627000000", "investmentIncomeNet": "None", "netInterestIncome": "None", "interestIncome": "None", "interestExpense": "117000000", "nonInterestIncome": "None", "otherNonOperatingIncome": "363000000", "depreciation": "None", "depreciationAndAmortization": "4511000000", "incomeBeforeTax": "7716000000", "incomeTaxExpense": "3118000000", "interestAndDebtExpense": "None", "netIncomeFromContinuingOperations": "4635000000", "comprehensiveIncomeNetOfTax": "None", "ebit": "5353000000", "ebitda": "9864000000", "netIncome": "4598000000"}, {"fiscalDateEnding": "2011-12-31", "reportedCurrency": "USD", "grossProfit": "16569000000", "totalRevenue": "23954000000", "costOfRevenue": "7385000000", "costofGoodsAndServicesSold": "7385000000", "operatingIncome": "11270000000", "sellingGeneralAndAdministrative": "1523000000", "researchAndDevelopment": "0", "operatingExpenses": "5977000000", "investmentIncomeNet": "None", "netInterestIncome": "None", "interestIncome": "None", "interestExpense": "298000000", "nonInterestIncome": "None", "otherNonOperatingIncome": "None", "depreciation": "None", "depreciationAndAmortization": "3591000000", "incomeBeforeTax": "10459000000", "incomeTaxExpense": "4201000000", "interestAndDebtExpense": "None", "netIncomeFromContinuingOperations": "None", "comprehensiveIncomeNetOfTax": "None", "ebit": "10757000000", "ebitda": "14348000000", "netIncome": "6771000000"}, {"fiscalDateEnding": "2010-12-31", "reportedCurrency": "USD", "grossProfit": "12783000000", "totalRevenue": "19157000000", "costOfRevenue": "6374000000", "costofGoodsAndServicesSold": "6374000000", "operatingIncome": "7641000000", "sellingGeneralAndAdministrative": "1396000000", "researchAndDevelopment": "0", "operatingExpenses": "5033000000", "investmentIncomeNet": "None", "netInterestIncome": "None", "interestIncome": "None", "interestExpense": "116000000", "nonInterestIncome": "None", "otherNonOperatingIncome": "278000000", "depreciation": "None", "depreciationAndAmortization": "3153000000", "incomeBeforeTax": "7359000000", "incomeTaxExpense": "2995000000", "interestAndDebtExpense": "None", "netIncomeFromContinuingOperations": "4641000000", "comprehensiveIncomeNetOfTax": "None", "ebit": "7500000000", "ebitda": "10653000000", "netIncome": "4530000000"}, {"fiscalDateEnding": "2009-12-31", "reportedCurrency": "USD", "grossProfit": "9904000000", "totalRevenue": "15531000000", "costOfRevenue": "5627000000", "costofGoodsAndServicesSold": "5627000000", "operatingIncome": "4973000000", "sellingGeneralAndAdministrative": "1375000000", "researchAndDevelopment": "0", "operatingExpenses": "4925000000", "investmentIncomeNet": "None", "netInterestIncome": "None", "interestIncome": "None", "interestExpense": "140000000", "nonInterestIncome": "None", "otherNonOperatingIncome": "None", "depreciation": "None", "depreciationAndAmortization": "3117000000", "incomeBeforeTax": "4669000000", "incomeTaxExpense": "1918000000", "interestAndDebtExpense": "None", "netIncomeFromContinuingOperations": "None", "comprehensiveIncomeNetOfTax": "None", "ebit": "4741000000", "ebitda": "7858000000", "netIncome": "2915000000"}, {"fiscalDateEnding": "2008-12-31", "reportedCurrency": "USD", "grossProfit": "16730000000", "totalRevenue": "24480000000", "costOfRevenue": "7750000000", "costofGoodsAndServicesSold": "7750000000", "operatingIncome": "11512000000", "sellingGeneralAndAdministrative": "1285000000", "researchAndDevelopment": "None", "operatingExpenses": "4686000000", "investmentIncomeNet": "None", "netInterestIncome": "None", "interestIncome": "None", "interestExpense": "26000000", "nonInterestIncome": "None", "otherNonOperatingIncome": "None", "depreciation": "None", "depreciationAndAmortization": "2710000000", "incomeBeforeTax": "11371000000", "incomeTaxExpense": "4629000000", "interestAndDebtExpense": "None", "netIncomeFromContinuingOperations": "None", "comprehensiveIncomeNetOfTax": "None", "ebit": "11528000000", "ebitda": "14238000000", "netIncome": "6857000000"}, {"fiscalDateEnding": "2007-12-31", "reportedCurrency": "USD", "grossProfit": "12964000000", "totalRevenue": "20013000000", "costOfRevenue": "7049000000", "costofGoodsAndServicesSold": "7049000000", "operatingIncome": "8907000000", "sellingGeneralAndAdministrative": "1668000000", "researchAndDevelopment": "None", "operatingExpenses": "4047000000", "investmentIncomeNet": "None", "netInterestIncome": "None", "interestIncome": "None", "interestExpense": "199000000", "nonInterestIncome": "None", "otherNonOperatingIncome": "None", "depreciation": "None", "depreciationAndAmortization": "2379000000", "incomeBeforeTax": "8578000000", "incomeTaxExpense": "3507000000", "interestAndDebtExpense": "None", "netIncomeFromContinuingOperations": "None", "comprehensiveIncomeNetOfTax": "None", "ebit": "8777000000", "ebitda": "11156000000", "netIncome": "5400000000"}, {"fiscalDateEnding": "2006-12-31", "reportedCurrency": "USD", "grossProfit": "11581000000", "totalRevenue": "18160000000", "costOfRevenue": "6579000000", "costofGoodsAndServicesSold": "6579000000", "operatingIncome": "8121000000", "sellingGeneralAndAdministrative": "1418000000", "researchAndDevelopment": "None", "operatingExpenses": "3460000000", "investmentIncomeNet": "None", "netInterestIncome": "None", "interestIncome": "None", "interestExpense": "291000000", "nonInterestIncome": "None", "otherNonOperatingIncome": "None", "depreciation": "None", "depreciationAndAmortization": "2042000000", "incomeBeforeTax": "7830000000", "incomeTaxExpense": "3466000000", "interestAndDebtExpense": "None", "netIncomeFromContinuingOperations": "None", "comprehensiveIncomeNetOfTax": "None", "ebit": "7741000000", "ebitda": "9783000000", "netIncome": "4182000000"}, {"fiscalDateEnding": "2005-12-31", "reportedCurrency": "USD", "grossProfit": "10388000000", "totalRevenue": "16259000000", "costOfRevenue": "5871000000", "costofGoodsAndServicesSold": "5871000000", "operatingIncome": "7426000000", "sellingGeneralAndAdministrative": "1477000000", "researchAndDevelopment": "None", "operatingExpenses": "2962000000", "investmentIncomeNet": "None", "netInterestIncome": "None", "interestIncome": "None", "interestExpense": "293000000", "nonInterestIncome": "None", "otherNonOperatingIncome": "None", "depreciation": "None", "depreciationAndAmortization": "1485000000", "incomeBeforeTax": "7133000000", "incomeTaxExpense": "2020000000", "interestAndDebtExpense": "None", "netIncomeFromContinuingOperations": "None", "comprehensiveIncomeNetOfTax": "None", "ebit": "6701000000", "ebitda": "8186000000", "netIncome": "5281000000"}], "quarterlyReports": [{"fiscalDateEnding": "2024-12-31", "reportedCurrency": "USD", "grossProfit": "2318000000", "totalRevenue": "6760000000", "costOfRevenue": "4442000000", "costofGoodsAndServicesSold": "4442000000", "operatingIncome": "1197000000", "sellingGeneralAndAdministrative": "276000000", "researchAndDevelopment": "None", "operatingExpenses": "1121000000", "investmentIncomeNet": "None", "netInterestIncome": "-286000000", "interestIncome": "41000000", "interestExpense": "327000000", "nonInterestIncome": "None", "otherNonOperatingIncome": "None", "depreciation": "None", "depreciationAndAmortization": "1977000000", "incomeBeforeTax": "-169000000", "incomeTaxExpense": "-49000000", "interestAndDebtExpense": "None", "netIncomeFromContinuingOperations": "-120000000", "comprehensiveIncomeNetOfTax": "None", "ebit": "158000000", "ebitda": "2135000000", "netIncome": "-127000000"}, {"fiscalDateEnding": "2024-09-30", "reportedCurrency": "USD", "grossProfit": "2744000000", "totalRevenue": "7173000000", "costOfRevenue": "4429000000", "costofGoodsAndServicesSold": "4429000000", "operatingIncome": "1140000000", "sellingGeneralAndAdministrative": "268000000", "researchAndDevelopment": "None", "operatingExpenses": "2744000000", "investmentIncomeNet": "None", "netInterestIncome": "-252000000", "interestIncome": "60000000", "interestExpense": "312000000", "nonInterestIncome": "None", "otherNonOperatingIncome": "None", "depreciation": "None", "depreciationAndAmortization": "1926000000", "incomeBeforeTax": "1428000000", "incomeTaxExpense": "454000000", "interestAndDebtExpense": "None", "netIncomeFromContinuingOperations": "1140000000", "comprehensiveIncomeNetOfTax": "None", "ebit": "1906000000", "ebitda": "3832000000", "netIncome": "1133000000"}, {"fiscalDateEnding": "2024-06-30", "reportedCurrency": "USD", "grossProfit": "2548000000", "totalRevenue": "6817000000", "costOfRevenue": "4269000000", "costofGoodsAndServicesSold": "4269000000", "operatingIncome": "1597000000", "sellingGeneralAndAdministrative": "259000000", "researchAndDevelopment": "None", "operatingExpenses": "951000000", "investmentIncomeNet": "None", "netInterestIncome": "-218000000", "interestIncome": "34000000", "interestExpense": "252000000", "nonInterestIncome": "None", "otherNonOperatingIncome": "None", "depreciation": "None", "depreciationAndAmortization": "1775000000", "incomeBeforeTax": "1635000000", "incomeTaxExpense": "465000000", "interestAndDebtExpense": "None", "netIncomeFromContinuingOperations": "1170000000", "comprehensiveIncomeNetOfTax": "None", "ebit": "1887000000", "ebitda": "3662000000", "netIncome": "1162000000"}, {"fiscalDateEnding": "2024-03-31", "reportedCurrency": "USD", "grossProfit": "1940000000", "totalRevenue": "5975000000", "costOfRevenue": "4035000000", "costofGoodsAndServicesSold": "4035000000", "operatingIncome": "1020000000", "sellingGeneralAndAdministrative": "259000000", "researchAndDevelopment": "None", "operatingExpenses": "970000000", "investmentIncomeNet": "None", "netInterestIncome": "-248000000", "interestIncome": "36000000", "interestExpense": "284000000", "nonInterestIncome": "None", "otherNonOperatingIncome": "None", "depreciation": "None", "depreciationAndAmortization": "1693000000", "incomeBeforeTax": "1010000000", "incomeTaxExpense": "304000000", "interestAndDebtExpense": "None", "netIncomeFromContinuingOperations": "706000000", "comprehensiveIncomeNetOfTax": "None", "ebit": "1294000000", "ebitda": "2987000000", "netIncome": "888000000"}, {"fiscalDateEnding": "2023-12-31", "reportedCurrency": "USD", "grossProfit": "2414000000", "totalRevenue": "7172000000", "costOfRevenue": "4758000000", "costofGoodsAndServicesSold": "4758000000", "operatingIncome": "1507000000", "sellingGeneralAndAdministrative": "307000000", "researchAndDevelopment": "None", "operatingExpenses": "1082000000", "investmentIncomeNet": "None", "netInterestIncome": "-215000000", "interestIncome": "32000000", "interestExpense": "247000000", "nonInterestIncome": "None", "otherNonOperatingIncome": "None", "depreciation": "None", "depreciationAndAmortization": "1723000000", "incomeBeforeTax": "1559000000", "incomeTaxExpense": "361000000", "interestAndDebtExpense": "None", "netIncomeFromContinuingOperations": "1198000000", "comprehensiveIncomeNetOfTax": "None", "ebit": "1806000000", "ebitda": "3529000000", "netIncome": "1198000000"}, {"fiscalDateEnding": "2023-09-30", "reportedCurrency": "USD", "grossProfit": "5956000000", "totalRevenue": "7158000000", "costOfRevenue": "1202000000", "costofGoodsAndServicesSold": "1202000000", "operatingIncome": "4767000000", "sellingGeneralAndAdministrative": "258000000", "researchAndDevelopment": "None", "operatingExpenses": "1189000000", "investmentIncomeNet": "None", "netInterestIncome": "-180000000", "interestIncome": "50000000", "interestExpense": "230000000", "nonInterestIncome": "None", "otherNonOperatingIncome": "None", "depreciation": "None", "depreciationAndAmortization": "1712000000", "incomeBeforeTax": "1703000000", "incomeTaxExpense": "-434000000", "interestAndDebtExpense": "None", "netIncomeFromContinuingOperations": "1375000000", "comprehensiveIncomeNetOfTax": "None", "ebit": "2039000000", "ebitda": "3751000000", "netIncome": "1375000000"}, {"fiscalDateEnding": "2023-06-30", "reportedCurrency": "USD", "grossProfit": "2207000000", "totalRevenue": "6702000000", "costOfRevenue": "4495000000", "costofGoodsAndServicesSold": "4495000000", "operatingIncome": "1580000000", "sellingGeneralAndAdministrative": "553000000", "researchAndDevelopment": "None", "operatingExpenses": "655000000", "investmentIncomeNet": "None", "netInterestIncome": "-202000000", "interestIncome": "28000000", "interestExpense": "230000000", "nonInterestIncome": "None", "otherNonOperatingIncome": "186000000", "depreciation": "None", "depreciationAndAmortization": "1709000000", "incomeBeforeTax": "1142000000", "incomeTaxExpense": "467000000", "interestAndDebtExpense": "None", "netIncomeFromContinuingOperations": "860000000", "comprehensiveIncomeNetOfTax": "None", "ebit": "1557000000", "ebitda": "3266000000", "netIncome": "860000000"}, {"fiscalDateEnding": "2023-03-31", "reportedCurrency": "USD", "grossProfit": "2796000000", "totalRevenue": "7225000000", "costOfRevenue": "4429000000", "costofGoodsAndServicesSold": "4429000000", "operatingIncome": "1839000000", "sellingGeneralAndAdministrative": "855000000", "researchAndDevelopment": "None", "operatingExpenses": "2796000000", "investmentIncomeNet": "None", "netInterestIncome": "-209000000", "interestIncome": "29000000", "interestExpense": "238000000", "nonInterestIncome": "None", "otherNonOperatingIncome": "104000000", "depreciation": "None", "depreciationAndAmortization": "1721000000", "incomeBeforeTax": "1734000000", "incomeTaxExpense": "471000000", "interestAndDebtExpense": "None", "netIncomeFromContinuingOperations": "1263000000", "comprehensiveIncomeNetOfTax": "None", "ebit": "1813000000", "ebitda": "3534000000", "netIncome": "1263000000"}, {"fiscalDateEnding": "2022-12-31", "reportedCurrency": "USD", "grossProfit": "3466000000", "totalRevenue": "8219000000", "costOfRevenue": "4753000000", "costofGoodsAndServicesSold": "4753000000", "operatingIncome": "2606000000", "sellingGeneralAndAdministrative": "618000000", "researchAndDevelopment": "None", "operatingExpenses": "1098000000", "investmentIncomeNet": "None", "netInterestIncome": "-229000000", "interestIncome": "8000000", "interestExpense": "260000000", "nonInterestIncome": "None", "otherNonOperatingIncome": "None", "depreciation": "None", "depreciationAndAmortization": "1819000000", "incomeBeforeTax": "2400000000", "incomeTaxExpense": "473000000", "interestAndDebtExpense": "None", "netIncomeFromContinuingOperations": "1927000000", "comprehensiveIncomeNetOfTax": "None", "ebit": "2606000000", "ebitda": "4425000000", "netIncome": "1927000000"}, {"fiscalDateEnding": "2022-09-30", "reportedCurrency": "USD", "grossProfit": "4600000000", "totalRevenue": "9390000000", "costOfRevenue": "4790000000", "costofGoodsAndServicesSold": "4790000000", "operatingIncome": "3597000000", "sellingGeneralAndAdministrative": "993000000", "researchAndDevelopment": "None", "operatingExpenses": "1040000000", "investmentIncomeNet": "None", "netInterestIncome": "-248000000", "interestIncome": "55000000", "interestExpense": "285000000", "nonInterestIncome": "None", "otherNonOperatingIncome": "266000000", "depreciation": "None", "depreciationAndAmortization": "1736000000", "incomeBeforeTax": "3452000000", "incomeTaxExpense": "902000000", "interestAndDebtExpense": "None", "netIncomeFromContinuingOperations": "2746000000", "comprehensiveIncomeNetOfTax": "None", "ebit": "3933000000", "ebitda": "5669000000", "netIncome": "2746000000"}, {"fiscalDateEnding": "2022-06-30", "reportedCurrency": "USD", "grossProfit": "5713000000", "totalRevenue": "10676000000", "costOfRevenue": "4963000000", "costofGoodsAndServicesSold": "4963000000", "operatingIncome": "4762000000", "sellingGeneralAndAdministrative": "961000000", "researchAndDevelopment": "None", "operatingExpenses": "987000000", "investmentIncomeNet": "None", "netInterestIncome": "-78000000", "interestIncome": "36000000", "interestExpense": "114000000", "nonInterestIncome": "None", "otherNonOperatingIncome": "328000000", "depreciation": "None", "depreciationAndAmortization": "1728000000", "incomeBeforeTax": "4785000000", "incomeTaxExpense": "1231000000", "interestAndDebtExpense": "None", "netIncomeFromContinuingOperations": "3755000000", "comprehensiveIncomeNetOfTax": "None", "ebit": "5100000000", "ebitda": "6828000000", "netIncome": "3755000000"}, {"fiscalDateEnding": "2022-03-31", "reportedCurrency": "USD", "grossProfit": "3866000000", "totalRevenue": "8349000000", "costOfRevenue": "4483000000", "costofGoodsAndServicesSold": "4483000000", "operatingIncome": "3060000000", "sellingGeneralAndAdministrative": "830000000", "researchAndDevelopment": "None", "operatingExpenses": "855000000", "investmentIncomeNet": "None", "netInterestIncome": "-322000000", "interestIncome": "49000000", "interestExpense": "371000000", "nonInterestIncome": "None", "otherNonOperatingIncome": "324000000", "depreciation": "None", "depreciationAndAmortization": "1643000000", "incomeBeforeTax": "2894000000", "incomeTaxExpense": "-1793000000", "interestAndDebtExpense": "None", "netIncomeFromContinuingOperations": "4876000000", "comprehensiveIncomeNetOfTax": "None", "ebit": "3454000000", "ebitda": "5097000000", "netIncome": "4876000000"}, {"fiscalDateEnding": "2021-12-31", "reportedCurrency": "USD", "grossProfit": "3292000000", "totalRevenue": "7913000000", "costOfRevenue": "4621000000", "costofGoodsAndServicesSold": "4621000000", "operatingIncome": "2532000000", "sellingGeneralAndAdministrative": "845000000", "researchAndDevelopment": "None", "operatingExpenses": "952000000", "investmentIncomeNet": "None", "netInterestIncome": "-361000000", "interestIncome": "172000000", "interestExpense": "385000000", "nonInterestIncome": "None", "otherNonOperatingIncome": "140000000", "depreciation": "None", "depreciationAndAmortization": "1966000000", "incomeBeforeTax": "2030000000", "incomeTaxExpense": "469000000", "interestAndDebtExpense": "None", "netIncomeFromContinuingOperations": "1561000000", "comprehensiveIncomeNetOfTax": "None", "ebit": "2415000000", "ebitda": "4381000000", "netIncome": "1537000000"}, {"fiscalDateEnding": "2021-09-30", "reportedCurrency": "USD", "grossProfit": "2368000000", "totalRevenue": "6792000000", "costOfRevenue": "4424000000", "costofGoodsAndServicesSold": "4424000000", "operatingIncome": "1733000000", "sellingGeneralAndAdministrative": "785000000", "researchAndDevelopment": "None", "operatingExpenses": "816000000", "investmentIncomeNet": "None", "netInterestIncome": "-431000000", "interestIncome": "307000000", "interestExpense": "449000000", "nonInterestIncome": "None", "otherNonOperatingIncome": "137000000", "depreciation": "None", "depreciationAndAmortization": "1916000000", "incomeBeforeTax": "1217000000", "incomeTaxExpense": "387000000", "interestAndDebtExpense": "None", "netIncomeFromContinuingOperations": "830000000", "comprehensiveIncomeNetOfTax": "None", "ebit": "1666000000", "ebitda": "3582000000", "netIncome": "828000000"}, {"fiscalDateEnding": "2021-06-30", "reportedCurrency": "USD", "grossProfit": "1348000000", "totalRevenue": "5958000000", "costOfRevenue": "4610000000", "costofGoodsAndServicesSold": "4610000000", "operatingIncome": "642000000", "sellingGeneralAndAdministrative": "177000000", "researchAndDevelopment": "None", "operatingExpenses": "755000000", "investmentIncomeNet": "None", "netInterestIncome": "-336000000", "interestIncome": "49000000", "interestExpense": "385000000", "nonInterestIncome": "None", "otherNonOperatingIncome": "-44000000", "depreciation": "None", "depreciationAndAmortization": "2371000000", "incomeBeforeTax": "-36000000", "incomeTaxExpense": "43000000", "interestAndDebtExpense": "None", "netIncomeFromContinuingOperations": "100000000", "comprehensiveIncomeNetOfTax": "None", "ebit": "528000000", "ebitda": "2899000000", "netIncome": "103000000"}, {"fiscalDateEnding": "2021-03-31", "reportedCurrency": "USD", "grossProfit": "842000000", "totalRevenue": "5293000000", "costOfRevenue": "4451000000", "costofGoodsAndServicesSold": "4451000000", "operatingIncome": "255000000", "sellingGeneralAndAdministrative": "634000000", "researchAndDevelopment": "None", "operatingExpenses": "662000000", "investmentIncomeNet": "None", "netInterestIncome": "-320000000", "interestIncome": "75000000", "interestExpense": "395000000", "nonInterestIncome": "None", "otherNonOperatingIncome": "520000000", "depreciation": "None", "depreciationAndAmortization": "2194000000", "incomeBeforeTax": "194000000", "incomeTaxExpense": "16000000", "interestAndDebtExpense": "None", "netIncomeFromContinuingOperations": "299000000", "comprehensiveIncomeNetOfTax": "None", "ebit": "710000000", "ebitda": "2904000000", "netIncome": "-146000000"}, {"fiscalDateEnding": "2020-12-31", "reportedCurrency": "USD", "grossProfit": "316000000", "totalRevenue": "4160000000", "costOfRevenue": "3844000000", "costofGoodsAndServicesSold": "3844000000", "operatingIncome": "-979000000", "sellingGeneralAndAdministrative": "864000000", "researchAndDevelopment": "None", "operatingExpenses": "733000000", "investmentIncomeNet": "None", "netInterestIncome": "-379000000", "interestIncome": "914000000", "interestExpense": "409000000", "nonInterestIncome": "None", "otherNonOperatingIncome": "337000000", "depreciation": "None", "depreciationAndAmortization": "1754000000", "incomeBeforeTax": "-1425000000", "incomeTaxExpense": "-276000000", "interestAndDebtExpense": "None", "netIncomeFromContinuingOperations": "-1149000000", "comprehensiveIncomeNetOfTax": "None", "ebit": "-1016000000", "ebitda": "738000000", "netIncome": "-1112000000"}, {"fiscalDateEnding": "2020-09-30", "reportedCurrency": "USD", "grossProfit": "243000000", "totalRevenue": "4108000000", "costOfRevenue": "3865000000", "costofGoodsAndServicesSold": "3865000000", "operatingIncome": "-3625000000", "sellingGeneralAndAdministrative": "577000000", "researchAndDevelopment": "None", "operatingExpenses": "606000000", "investmentIncomeNet": "None", "netInterestIncome": "-332000000", "interestIncome": "988000000", "interestExpense": "353000000", "nonInterestIncome": "None", "otherNonOperatingIncome": "211000000", "depreciation": "None", "depreciationAndAmortization": "1915000000", "incomeBeforeTax": "-4058000000", "incomeTaxExpense": "-403000000", "interestAndDebtExpense": "None", "netIncomeFromContinuingOperations": "-3655000000", "comprehensiveIncomeNetOfTax": "None", "ebit": "-3705000000", "ebitda": "-1790000000", "netIncome": "-3575000000"}, {"fiscalDateEnding": "2020-06-30", "reportedCurrency": "USD", "grossProfit": "-980000000", "totalRevenue": "2928000000", "costOfRevenue": "3908000000", "costofGoodsAndServicesSold": "3908000000", "operatingIncome": "-9289000000", "sellingGeneralAndAdministrative": "225000000", "researchAndDevelopment": "None", "operatingExpenses": "440000000", "investmentIncomeNet": "None", "netInterestIncome": "-277000000", "interestIncome": "33000000", "interestExpense": "310000000", "nonInterestIncome": "None", "otherNonOperatingIncome": "117000000", "depreciation": "None", "depreciationAndAmortization": "2186000000", "incomeBeforeTax": "-8184000000", "incomeTaxExpense": "-1468000000", "interestAndDebtExpense": "None", "netIncomeFromContinuingOperations": "-6716000000", "comprehensiveIncomeNetOfTax": "None", "ebit": "-7941000000", "ebitda": "-5755000000", "netIncome": "-8131000000"}, {"fiscalDateEnding": "2020-03-31", "reportedCurrency": "USD", "grossProfit": "1559000000", "totalRevenue": "6410000000", "costOfRevenue": "4851000000", "costofGoodsAndServicesSold": "4851000000", "operatingIncome": "-1743000000", "sellingGeneralAndAdministrative": "260000000", "researchAndDevelopment": "None", "operatingExpenses": "674000000", "investmentIncomeNet": "None", "netInterestIncome": "-318000000", "interestIncome": "34000000", "interestExpense": "352000000", "nonInterestIncome": "None", "otherNonOperatingIncome": "-718000000", "depreciation": "None", "depreciationAndAmortization": "2242000000", "incomeBeforeTax": "-2095000000", "incomeTaxExpense": "-82000000", "interestAndDebtExpense": "None", "netIncomeFromContinuingOperations": "-2013000000", "comprehensiveIncomeNetOfTax": "None", "ebit": "-1798000000", "ebitda": "444000000", "netIncome": "-2013000000"}, {"fiscalDateEnding": "2019-12-31", "reportedCurrency": "USD", "grossProfit": "1562000000", "totalRevenue": "6282000000", "costOfRevenue": "4720000000", "costofGoodsAndServicesSold": "4720000000", "operatingIncome": "-659000000", "sellingGeneralAndAdministrative": "337000000", "researchAndDevelopment": "None", "operatingExpenses": "1288000000", "investmentIncomeNet": "None", "netInterestIncome": "-392000000", "interestIncome": "42000000", "interestExpense": "434000000", "nonInterestIncome": "None", "otherNonOperatingIncome": "365000000", "depreciation": "None", "depreciationAndAmortization": "2271000000", "incomeBeforeTax": "-990000000", "incomeTaxExpense": "46000000", "interestAndDebtExpense": "None", "netIncomeFromContinuingOperations": "-866000000", "comprehensiveIncomeNetOfTax": "None", "ebit": "-508000000", "ebitda": "1763000000", "netIncome": "-1139000000"}, {"fiscalDateEnding": "2019-09-30", "reportedCurrency": "USD", "grossProfit": "1620000000", "totalRevenue": "5687000000", "costOfRevenue": "4067000000", "costofGoodsAndServicesSold": "4067000000", "operatingIncome": "-297000000", "sellingGeneralAndAdministrative": "242000000", "researchAndDevelopment": "None", "operatingExpenses": "866000000", "investmentIncomeNet": "None", "netInterestIncome": "-325000000", "interestIncome": "56000000", "interestExpense": "381000000", "nonInterestIncome": "None", "otherNonOperatingIncome": "71000000", "depreciation": "None", "depreciationAndAmortization": "1706000000", "incomeBeforeTax": "-621000000", "incomeTaxExpense": "116000000", "interestAndDebtExpense": "None", "netIncomeFromContinuingOperations": "-737000000", "comprehensiveIncomeNetOfTax": "None", "ebit": "-220000000", "ebitda": "1486000000", "netIncome": "-794000000"}, {"fiscalDateEnding": "2019-06-30", "reportedCurrency": "USD", "grossProfit": "1572000000", "totalRevenue": "4420000000", "costOfRevenue": "2848000000", "costofGoodsAndServicesSold": "2848000000", "operatingIncome": "1094000000", "sellingGeneralAndAdministrative": "163000000", "researchAndDevelopment": "None", "operatingExpenses": "581000000", "investmentIncomeNet": "None", "netInterestIncome": "-112000000", "interestIncome": "41000000", "interestExpense": "153000000", "nonInterestIncome": "None", "otherNonOperatingIncome": "97000000", "depreciation": "None", "depreciationAndAmortization": "1031000000", "incomeBeforeTax": "844000000", "incomeTaxExpense": "306000000", "interestAndDebtExpense": "None", "netIncomeFromContinuingOperations": "538000000", "comprehensiveIncomeNetOfTax": "None", "ebit": "1094000000", "ebitda": "2125000000", "netIncome": "635000000"}, {"fiscalDateEnding": "2019-03-31", "reportedCurrency": "USD", "grossProfit": "1321000000", "totalRevenue": "4004000000", "costOfRevenue": "2683000000", "costofGoodsAndServicesSold": "2683000000", "operatingIncome": "954000000", "sellingGeneralAndAdministrative": "676000000", "researchAndDevelopment": "None", "operatingExpenses": "525000000", "investmentIncomeNet": "None", "netInterestIncome": "-20000000", "interestIncome": "151000000", "interestExpense": "98000000", "nonInterestIncome": "None", "otherNonOperatingIncome": "73000000", "depreciation": "None", "depreciationAndAmortization": "973000000", "incomeBeforeTax": "783000000", "incomeTaxExpense": "225000000", "interestAndDebtExpense": "None", "netIncomeFromContinuingOperations": "558000000", "comprehensiveIncomeNetOfTax": "None", "ebit": "796000000", "ebitda": "1769000000", "netIncome": "631000000"}, {"fiscalDateEnding": "2018-12-31", "reportedCurrency": "USD", "grossProfit": "1722000000", "totalRevenue": "4762000000", "costOfRevenue": "3040000000", "costofGoodsAndServicesSold": "3040000000", "operatingIncome": "931000000", "sellingGeneralAndAdministrative": "473000000", "researchAndDevelopment": "0", "operatingExpenses": "629000000", "investmentIncomeNet": "None", "netInterestIncome": "None", "interestIncome": "None", "interestExpense": "99000000", "nonInterestIncome": "None", "otherNonOperatingIncome": "-866000000", "depreciation": "None", "depreciationAndAmortization": "1086000000", "incomeBeforeTax": "729000000", "incomeTaxExpense": "126000000", "interestAndDebtExpense": "None", "netIncomeFromContinuingOperations": "934000000", "comprehensiveIncomeNetOfTax": "None", "ebit": "857000000", "ebitda": "1943000000", "netIncome": "706000000"}, {"fiscalDateEnding": "2018-09-30", "reportedCurrency": "USD", "grossProfit": "2407000000", "totalRevenue": "5216000000", "costOfRevenue": "2809000000", "costofGoodsAndServicesSold": "2809000000", "operatingIncome": "2675000000", "sellingGeneralAndAdministrative": "431000000", "researchAndDevelopment": "0", "operatingExpenses": "565000000", "investmentIncomeNet": "None", "netInterestIncome": "None", "interestIncome": "None", "interestExpense": "96000000", "nonInterestIncome": "None", "otherNonOperatingIncome": "1013000000", "depreciation": "None", "depreciationAndAmortization": "1023000000", "incomeBeforeTax": "2492000000", "incomeTaxExpense": "710000000", "interestAndDebtExpense": "None", "netIncomeFromContinuingOperations": "1782000000", "comprehensiveIncomeNetOfTax": "None", "ebit": "1876000000", "ebitda": "2899000000", "netIncome": "1869000000"}, {"fiscalDateEnding": "2018-06-30", "reportedCurrency": "USD", "grossProfit": "1671000000", "totalRevenue": "4083000000", "costOfRevenue": "2412000000", "costofGoodsAndServicesSold": "2412000000", "operatingIncome": "1247000000", "sellingGeneralAndAdministrative": "402000000", "researchAndDevelopment": "0", "operatingExpenses": "538000000", "investmentIncomeNet": "None", "netInterestIncome": "None", "interestIncome": "None", "interestExpense": "97000000", "nonInterestIncome": "None", "otherNonOperatingIncome": "88000000", "depreciation": "None", "depreciationAndAmortization": "947000000", "incomeBeforeTax": "1072000000", "incomeTaxExpense": "302000000", "interestAndDebtExpense": "None", "netIncomeFromContinuingOperations": "770000000", "comprehensiveIncomeNetOfTax": "None", "ebit": "1169000000", "ebitda": "2116000000", "netIncome": "848000000"}, {"fiscalDateEnding": "2018-03-31", "reportedCurrency": "USD", "grossProfit": "1479000000", "totalRevenue": "3763000000", "costOfRevenue": "2284000000", "costofGoodsAndServicesSold": "2284000000", "operatingIncome": "1144000000", "sellingGeneralAndAdministrative": "307000000", "researchAndDevelopment": "0", "operatingExpenses": "430000000", "investmentIncomeNet": "None", "netInterestIncome": "None", "interestIncome": "None", "interestExpense": "97000000", "nonInterestIncome": "None", "otherNonOperatingIncome": "96000000", "depreciation": "None", "depreciationAndAmortization": "921000000", "incomeBeforeTax": "984000000", "incomeTaxExpense": "339000000", "interestAndDebtExpense": "None", "netIncomeFromContinuingOperations": "645000000", "comprehensiveIncomeNetOfTax": "None", "ebit": "1081000000", "ebitda": "2002000000", "netIncome": "708000000"}, {"fiscalDateEnding": "2017-12-31", "reportedCurrency": "USD", "grossProfit": "1091000000", "totalRevenue": "3492000000", "costOfRevenue": "2401000000", "costofGoodsAndServicesSold": "2401000000", "operatingIncome": "153000000", "sellingGeneralAndAdministrative": "448000000", "researchAndDevelopment": "0", "operatingExpenses": "593000000", "investmentIncomeNet": "None", "netInterestIncome": "None", "interestIncome": "None", "interestExpense": "87000000", "nonInterestIncome": "None", "otherNonOperatingIncome": "-518000000", "depreciation": "None", "depreciationAndAmortization": "1076000000", "incomeBeforeTax": "-14000000", "incomeTaxExpense": "-431000000", "interestAndDebtExpense": "None", "netIncomeFromContinuingOperations": "497000000", "comprehensiveIncomeNetOfTax": "None", "ebit": "116000000", "ebitda": "1192000000", "netIncome": "497000000"}, {"fiscalDateEnding": "2017-09-30", "reportedCurrency": "USD", "grossProfit": "647000000", "totalRevenue": "2999000000", "costOfRevenue": "2352000000", "costofGoodsAndServicesSold": "2352000000", "operatingIncome": "366000000", "sellingGeneralAndAdministrative": "352000000", "researchAndDevelopment": "0", "operatingExpenses": "436000000", "investmentIncomeNet": "None", "netInterestIncome": "None", "interestIncome": "None", "interestExpense": "91000000", "nonInterestIncome": "None", "otherNonOperatingIncome": "146000000", "depreciation": "None", "depreciationAndAmortization": "995000000", "incomeBeforeTax": "215000000", "incomeTaxExpense": "85000000", "interestAndDebtExpense": "None", "netIncomeFromContinuingOperations": "190000000", "comprehensiveIncomeNetOfTax": "None", "ebit": "231000000", "ebitda": "1226000000", "netIncome": "190000000"}, {"fiscalDateEnding": "2017-06-30", "reportedCurrency": "USD", "grossProfit": "585000000", "totalRevenue": "3060000000", "costOfRevenue": "2475000000", "costofGoodsAndServicesSold": "2475000000", "operatingIncome": "878000000", "sellingGeneralAndAdministrative": "352000000", "researchAndDevelopment": "0", "operatingExpenses": "437000000", "investmentIncomeNet": "None", "netInterestIncome": "None", "interestIncome": "None", "interestExpense": "86000000", "nonInterestIncome": "None", "otherNonOperatingIncome": "699000000", "depreciation": "None", "depreciationAndAmortization": "989000000", "incomeBeforeTax": "605000000", "incomeTaxExpense": "285000000", "interestAndDebtExpense": "None", "netIncomeFromContinuingOperations": "507000000", "comprehensiveIncomeNetOfTax": "None", "ebit": "691000000", "ebitda": "1680000000", "netIncome": "507000000"}, {"fiscalDateEnding": "2017-03-31", "reportedCurrency": "USD", "grossProfit": "589000000", "totalRevenue": "2957000000", "costOfRevenue": "2368000000", "costofGoodsAndServicesSold": "2368000000", "operatingIncome": "276000000", "sellingGeneralAndAdministrative": "139000000", "researchAndDevelopment": "0", "operatingExpenses": "351000000", "investmentIncomeNet": "None", "netInterestIncome": "None", "interestIncome": "None", "interestExpense": "81000000", "nonInterestIncome": "None", "otherNonOperatingIncome": "30000000", "depreciation": "None", "depreciationAndAmortization": "942000000", "incomeBeforeTax": "165000000", "incomeTaxExpense": "78000000", "interestAndDebtExpense": "None", "netIncomeFromContinuingOperations": "117000000", "comprehensiveIncomeNetOfTax": "None", "ebit": "246000000", "ebitda": "1188000000", "netIncome": "117000000"}, {"fiscalDateEnding": "2016-12-31", "reportedCurrency": "USD", "grossProfit": "412000000", "totalRevenue": "2788000000", "costOfRevenue": "2376000000", "costofGoodsAndServicesSold": "2376000000", "operatingIncome": "-529000000", "sellingGeneralAndAdministrative": "404000000", "researchAndDevelopment": "0", "operatingExpenses": "488000000", "investmentIncomeNet": "None", "netInterestIncome": "None", "interestIncome": "None", "interestExpense": "76000000", "nonInterestIncome": "None", "otherNonOperatingIncome": "39000000", "depreciation": "None", "depreciationAndAmortization": "1050000000", "incomeBeforeTax": "-640000000", "incomeTaxExpense": "-333000000", "interestAndDebtExpense": "None", "netIncomeFromContinuingOperations": "-268000000", "comprehensiveIncomeNetOfTax": "None", "ebit": "-564000000", "ebitda": "486000000", "netIncome": "-272000000"}, {"fiscalDateEnding": "2016-09-30", "reportedCurrency": "USD", "grossProfit": "264000000", "totalRevenue": "2648000000", "costOfRevenue": "2384000000", "costofGoodsAndServicesSold": "2384000000", "operatingIncome": "-203000000", "sellingGeneralAndAdministrative": "316000000", "researchAndDevelopment": "0", "operatingExpenses": "386000000", "investmentIncomeNet": "None", "netInterestIncome": "None", "interestIncome": "None", "interestExpense": "68000000", "nonInterestIncome": "None", "otherNonOperatingIncome": "58000000", "depreciation": "None", "depreciationAndAmortization": "1046000000", "incomeBeforeTax": "-326000000", "incomeTaxExpense": "-30000000", "interestAndDebtExpense": "None", "netIncomeFromContinuingOperations": "-238000000", "comprehensiveIncomeNetOfTax": "None", "ebit": "-253000000", "ebitda": "793000000", "netIncome": "-241000000"}, {"fiscalDateEnding": "2016-06-30", "reportedCurrency": "USD", "grossProfit": "217000000", "totalRevenue": "2531000000", "costOfRevenue": "2314000000", "costofGoodsAndServicesSold": "2314000000", "operatingIncome": "-147000000", "sellingGeneralAndAdministrative": "338000000", "researchAndDevelopment": "0", "operatingExpenses": "439000000", "investmentIncomeNet": "None", "netInterestIncome": "None", "interestIncome": "None", "interestExpense": "88000000", "nonInterestIncome": "None", "otherNonOperatingIncome": "51000000", "depreciation": "None", "depreciationAndAmortization": "1070000000", "incomeBeforeTax": "-283000000", "incomeTaxExpense": "-96000000", "interestAndDebtExpense": "None", "netIncomeFromContinuingOperations": "-136000000", "comprehensiveIncomeNetOfTax": "None", "ebit": "-195000000", "ebitda": "875000000", "netIncome": "-139000000"}, {"fiscalDateEnding": "2016-03-31", "reportedCurrency": "USD", "grossProfit": "-260000000", "totalRevenue": "2123000000", "costOfRevenue": "2383000000", "costofGoodsAndServicesSold": "2383000000", "operatingIncome": "-65000000", "sellingGeneralAndAdministrative": "139000000", "researchAndDevelopment": "0", "operatingExpenses": "356000000", "investmentIncomeNet": "None", "netInterestIncome": "None", "interestIncome": "None", "interestExpense": "60000000", "nonInterestIncome": "None", "otherNonOperatingIncome": "33000000", "depreciation": "None", "depreciationAndAmortization": "1102000000", "incomeBeforeTax": "-596000000", "incomeTaxExpense": "-203000000", "interestAndDebtExpense": "None", "netIncomeFromContinuingOperations": "-360000000", "comprehensiveIncomeNetOfTax": "None", "ebit": "-616000000", "ebitda": "486000000", "netIncome": "78000000"}, {"fiscalDateEnding": "2015-12-31", "reportedCurrency": "USD", "grossProfit": "176000000", "totalRevenue": "2806000000", "costOfRevenue": "2630000000", "costofGoodsAndServicesSold": "2630000000", "operatingIncome": "-6307000000", "sellingGeneralAndAdministrative": "320000000", "researchAndDevelopment": "0", "operatingExpenses": "383000000", "investmentIncomeNet": "None", "netInterestIncome": "None", "interestIncome": "None", "interestExpense": "61000000", "nonInterestIncome": "None", "otherNonOperatingIncome": "35000000", "depreciation": "None", "depreciationAndAmortization": "1276000000", "incomeBeforeTax": "-6749000000", "incomeTaxExpense": "-1190000000", "interestAndDebtExpense": "None", "netIncomeFromContinuingOperations": "-5505000000", "comprehensiveIncomeNetOfTax": "None", "ebit": "-177000000", "ebitda": "1099000000", "netIncome": "-5178000000"}, {"fiscalDateEnding": "2015-09-30", "reportedCurrency": "USD", "grossProfit": "580000000", "totalRevenue": "3116000000", "costOfRevenue": "2536000000", "costofGoodsAndServicesSold": "2536000000", "operatingIncome": "-3006000000", "sellingGeneralAndAdministrative": "292000000", "researchAndDevelopment": "0", "operatingExpenses": "376000000", "investmentIncomeNet": "None", "netInterestIncome": "None", "interestIncome": "None", "interestExpense": "48000000", "nonInterestIncome": "None", "otherNonOperatingIncome": "60000000", "depreciation": "None", "depreciationAndAmortization": "1123000000", "incomeBeforeTax": "-3111000000", "incomeTaxExpense": "-445000000", "interestAndDebtExpense": "None", "netIncomeFromContinuingOperations": "-2606000000", "comprehensiveIncomeNetOfTax": "None", "ebit": "-2116000000", "ebitda": "-993000000", "netIncome": "-2609000000"}, {"fiscalDateEnding": "2015-06-30", "reportedCurrency": "USD", "grossProfit": "873000000", "totalRevenue": "3469000000", "costOfRevenue": "2596000000", "costofGoodsAndServicesSold": "2596000000", "operatingIncome": "508000000", "sellingGeneralAndAdministrative": "347000000", "researchAndDevelopment": "0", "operatingExpenses": "464000000", "investmentIncomeNet": "None", "netInterestIncome": "None", "interestIncome": "None", "interestExpense": "8000000", "nonInterestIncome": "None", "otherNonOperatingIncome": "77000000", "depreciation": "None", "depreciationAndAmortization": "1116000000", "incomeBeforeTax": "446000000", "incomeTaxExpense": "324000000", "interestAndDebtExpense": "None", "netIncomeFromContinuingOperations": "180000000", "comprehensiveIncomeNetOfTax": "None", "ebit": "454000000", "ebitda": "1570000000", "netIncome": "176000000"}, {"fiscalDateEnding": "2015-03-31", "reportedCurrency": "USD", "grossProfit": "503000000", "totalRevenue": "3089000000", "costOfRevenue": "2586000000", "costofGoodsAndServicesSold": "2586000000", "operatingIncome": "-207000000", "sellingGeneralAndAdministrative": "311000000", "researchAndDevelopment": "0", "operatingExpenses": "426000000", "investmentIncomeNet": "None", "netInterestIncome": "None", "interestIncome": "None", "interestExpense": "30000000", "nonInterestIncome": "None", "otherNonOperatingIncome": "36000000", "depreciation": "None", "depreciationAndAmortization": "1029000000", "incomeBeforeTax": "-270000000", "incomeTaxExpense": "-19000000", "interestAndDebtExpense": "None", "netIncomeFromContinuingOperations": "-215000000", "comprehensiveIncomeNetOfTax": "None", "ebit": "-240000000", "ebitda": "789000000", "netIncome": "-218000000"}, {"fiscalDateEnding": "2014-12-31", "reportedCurrency": "USD", "grossProfit": "-231000000", "totalRevenue": "953000000", "costOfRevenue": "1184000000", "costofGoodsAndServicesSold": "1184000000", "operatingIncome": "-4409000000", "sellingGeneralAndAdministrative": "176000000", "researchAndDevelopment": "0", "operatingExpenses": "121000000", "investmentIncomeNet": "None", "netInterestIncome": "None", "interestIncome": "None", "interestExpense": "25000000", "nonInterestIncome": "None", "otherNonOperatingIncome": "-432000000", "depreciation": "None", "depreciationAndAmortization": "318000000", "incomeBeforeTax": "-5277000000", "incomeTaxExpense": "-1021000000", "interestAndDebtExpense": "None", "netIncomeFromContinuingOperations": "-4168000000", "comprehensiveIncomeNetOfTax": "None", "ebit": "-5252000000", "ebitda": "-4934000000", "netIncome": "-3413000000"}, {"fiscalDateEnding": "2014-09-30", "reportedCurrency": "USD", "grossProfit": "2611000000", "totalRevenue": "5996000000", "costOfRevenue": "3385000000", "costofGoodsAndServicesSold": "3385000000", "operatingIncome": "2039000000", "sellingGeneralAndAdministrative": "441000000", "researchAndDevelopment": "0", "operatingExpenses": "685000000", "investmentIncomeNet": "None", "netInterestIncome": "None", "interestIncome": "None", "interestExpense": "13000000", "nonInterestIncome": "None", "otherNonOperatingIncome": "88000000", "depreciation": "None", "depreciationAndAmortization": "1360000000", "incomeBeforeTax": "1176000000", "incomeTaxExpense": "-32000000", "interestAndDebtExpense": "None", "netIncomeFromContinuingOperations": "1214000000", "comprehensiveIncomeNetOfTax": "None", "ebit": "1316000000", "ebitda": "2676000000", "netIncome": "1208000000"}, {"fiscalDateEnding": "2014-06-30", "reportedCurrency": "USD", "grossProfit": "2978000000", "totalRevenue": "6275000000", "costOfRevenue": "3297000000", "costofGoodsAndServicesSold": "3297000000", "operatingIncome": "2406000000", "sellingGeneralAndAdministrative": "498000000", "researchAndDevelopment": "0", "operatingExpenses": "751000000", "investmentIncomeNet": "None", "netInterestIncome": "None", "interestIncome": "None", "interestExpense": "18000000", "nonInterestIncome": "None", "otherNonOperatingIncome": "608000000", "depreciation": "None", "depreciationAndAmortization": "1317000000", "incomeBeforeTax": "2309000000", "incomeTaxExpense": "957000000", "interestAndDebtExpense": "None", "netIncomeFromContinuingOperations": "1435000000", "comprehensiveIncomeNetOfTax": "None", "ebit": "1614000000", "ebitda": "2931000000", "netIncome": "1431000000"}, {"fiscalDateEnding": "2014-03-31", "reportedCurrency": "USD", "grossProfit": "2890000000", "totalRevenue": "6088000000", "costOfRevenue": "3198000000", "costofGoodsAndServicesSold": "3198000000", "operatingIncome": "2342000000", "sellingGeneralAndAdministrative": "388000000", "researchAndDevelopment": "0", "operatingExpenses": "646000000", "investmentIncomeNet": "None", "netInterestIncome": "None", "interestIncome": "None", "interestExpense": "20000000", "nonInterestIncome": "None", "otherNonOperatingIncome": "67000000", "depreciation": "None", "depreciationAndAmortization": "1266000000", "incomeBeforeTax": "2254000000", "incomeTaxExpense": "932000000", "interestAndDebtExpense": "None", "netIncomeFromContinuingOperations": "1389000000", "comprehensiveIncomeNetOfTax": "None", "ebit": "1597000000", "ebitda": "2863000000", "netIncome": "1390000000"}, {"fiscalDateEnding": "2013-12-31", "reportedCurrency": "USD", "grossProfit": "2794000000", "totalRevenue": "6172000000", "costOfRevenue": "3378000000", "costofGoodsAndServicesSold": "3378000000", "operatingIncome": "2641000000", "sellingGeneralAndAdministrative": "454000000", "researchAndDevelopment": "0", "operatingExpenses": "695000000", "investmentIncomeNet": "None", "netInterestIncome": "None", "interestIncome": "None", "interestExpense": "23000000", "nonInterestIncome": "None", "otherNonOperatingIncome": "1151000000", "depreciation": "None", "depreciationAndAmortization": "1451000000", "incomeBeforeTax": "2616000000", "incomeTaxExpense": "973000000", "interestAndDebtExpense": "None", "netIncomeFromContinuingOperations": "1253000000", "comprehensiveIncomeNetOfTax": "None", "ebit": "1188000000", "ebitda": "2639000000", "netIncome": "1643000000"}, {"fiscalDateEnding": "2013-09-30", "reportedCurrency": "USD", "grossProfit": "3235000000", "totalRevenue": "6449000000", "costOfRevenue": "3214000000", "costofGoodsAndServicesSold": "3214000000", "operatingIncome": "2649000000", "sellingGeneralAndAdministrative": "459000000", "researchAndDevelopment": "0", "operatingExpenses": "713000000", "investmentIncomeNet": "None", "netInterestIncome": "None", "interestIncome": "None", "interestExpense": "28000000", "nonInterestIncome": "None", "otherNonOperatingIncome": "106000000", "depreciation": "None", "depreciationAndAmortization": "1334000000", "incomeBeforeTax": "2620000000", "incomeTaxExpense": "1037000000", "interestAndDebtExpense": "None", "netIncomeFromContinuingOperations": "1588000000", "comprehensiveIncomeNetOfTax": "None", "ebit": "2548000000", "ebitda": "3882000000", "netIncome": "1583000000"}, {"fiscalDateEnding": "2013-06-30", "reportedCurrency": "USD", "grossProfit": "2782000000", "totalRevenue": "5962000000", "costOfRevenue": "3180000000", "costofGoodsAndServicesSold": "3180000000", "operatingIncome": "2253000000", "sellingGeneralAndAdministrative": "495000000", "researchAndDevelopment": "0", "operatingExpenses": "769000000", "investmentIncomeNet": "None", "netInterestIncome": "None", "interestIncome": "None", "interestExpense": "30000000", "nonInterestIncome": "None", "otherNonOperatingIncome": "217000000", "depreciation": "None", "depreciationAndAmortization": "1303000000", "incomeBeforeTax": "2142000000", "incomeTaxExpense": "901000000", "interestAndDebtExpense": "None", "netIncomeFromContinuingOperations": "1327000000", "comprehensiveIncomeNetOfTax": "None", "ebit": "2172000000", "ebitda": "3475000000", "netIncome": "1322000000"}, {"fiscalDateEnding": "2013-03-31", "reportedCurrency": "USD", "grossProfit": "2735000000", "totalRevenue": "5872000000", "costOfRevenue": "3137000000", "costofGoodsAndServicesSold": "3137000000", "operatingIncome": "2233000000", "sellingGeneralAndAdministrative": "393000000", "researchAndDevelopment": "0", "operatingExpenses": "629000000", "investmentIncomeNet": "None", "netInterestIncome": "None", "interestIncome": "None", "interestExpense": "30000000", "nonInterestIncome": "None", "otherNonOperatingIncome": "96000000", "depreciation": "None", "depreciationAndAmortization": "1259000000", "incomeBeforeTax": "2107000000", "incomeTaxExpense": "844000000", "interestAndDebtExpense": "None", "netIncomeFromContinuingOperations": "1359000000", "comprehensiveIncomeNetOfTax": "None", "ebit": "2141000000", "ebitda": "3400000000", "netIncome": "1355000000"}, {"fiscalDateEnding": "2012-12-31", "reportedCurrency": "USD", "grossProfit": "3002000000", "totalRevenue": "6171000000", "costOfRevenue": "3169000000", "costofGoodsAndServicesSold": "3169000000", "operatingIncome": "621000000", "sellingGeneralAndAdministrative": "439000000", "researchAndDevelopment": "0", "operatingExpenses": "688000000", "investmentIncomeNet": "None", "netInterestIncome": "None", "interestIncome": "None", "interestExpense": "30000000", "nonInterestIncome": "None", "otherNonOperatingIncome": "None", "depreciation": "None", "depreciationAndAmortization": "1191000000", "incomeBeforeTax": "585000000", "incomeTaxExpense": "249000000", "interestAndDebtExpense": "None", "netIncomeFromContinuingOperations": "0", "comprehensiveIncomeNetOfTax": "None", "ebit": "579000000", "ebitda": "1770000000", "netIncome": "336000000"}, {"fiscalDateEnding": "2012-09-30", "reportedCurrency": "USD", "grossProfit": "2789000000", "totalRevenue": "5965000000", "costOfRevenue": "3176000000", "costofGoodsAndServicesSold": "3176000000", "operatingIncome": "2266000000", "sellingGeneralAndAdministrative": "394000000", "researchAndDevelopment": "0", "operatingExpenses": "635000000", "investmentIncomeNet": "None", "netInterestIncome": "None", "interestIncome": "None", "interestExpense": "34000000", "nonInterestIncome": "None", "otherNonOperatingIncome": "None", "depreciation": "None", "depreciationAndAmortization": "1148000000", "incomeBeforeTax": "2234000000", "incomeTaxExpense": "855000000", "interestAndDebtExpense": "None", "netIncomeFromContinuingOperations": "0", "comprehensiveIncomeNetOfTax": "None", "ebit": "2180000000", "ebitda": "3328000000", "netIncome": "1375000000"}, {"fiscalDateEnding": "2012-06-30", "reportedCurrency": "USD", "grossProfit": "2708000000", "totalRevenue": "5768000000", "costOfRevenue": "3060000000", "costofGoodsAndServicesSold": "3060000000", "operatingIncome": "2231000000", "sellingGeneralAndAdministrative": "335000000", "researchAndDevelopment": "0", "operatingExpenses": "598000000", "investmentIncomeNet": "None", "netInterestIncome": "None", "interestIncome": "None", "interestExpense": "28000000", "nonInterestIncome": "None", "otherNonOperatingIncome": "None", "depreciation": "None", "depreciationAndAmortization": "1087000000", "incomeBeforeTax": "2106000000", "incomeTaxExpense": "875000000", "interestAndDebtExpense": "None", "netIncomeFromContinuingOperations": "0", "comprehensiveIncomeNetOfTax": "None", "ebit": "2134000000", "ebitda": "3221000000", "netIncome": "1328000000"}, {"fiscalDateEnding": "2012-03-31", "reportedCurrency": "USD", "grossProfit": "3318000000", "totalRevenue": "6268000000", "costOfRevenue": "2950000000", "costofGoodsAndServicesSold": "2950000000", "operatingIncome": "2728000000", "sellingGeneralAndAdministrative": "434000000", "researchAndDevelopment": "0", "operatingExpenses": "706000000", "investmentIncomeNet": "None", "netInterestIncome": "None", "interestIncome": "None", "interestExpense": "28000000", "nonInterestIncome": "None", "otherNonOperatingIncome": "None", "depreciation": "None", "depreciationAndAmortization": "1085000000", "incomeBeforeTax": "2699000000", "incomeTaxExpense": "1139000000", "interestAndDebtExpense": "None", "netIncomeFromContinuingOperations": "0", "comprehensiveIncomeNetOfTax": "None", "ebit": "2627000000", "ebitda": "3712000000", "netIncome": "1559000000"}, {"fiscalDateEnding": "2011-12-31", "reportedCurrency": "USD", "grossProfit": "6789000000", "totalRevenue": "6049000000", "costOfRevenue": "-740000000", "costofGoodsAndServicesSold": "-740000000", "operatingIncome": "2614000000", "sellingGeneralAndAdministrative": "452000000", "researchAndDevelopment": "0", "operatingExpenses": "4256000000", "investmentIncomeNet": "None", "netInterestIncome": "None", "interestIncome": "None", "interestExpense": "31000000", "nonInterestIncome": "None", "otherNonOperatingIncome": "None", "depreciation": "None", "depreciationAndAmortization": "938000000", "incomeBeforeTax": "2509000000", "incomeTaxExpense": "949000000", "interestAndDebtExpense": "None", "netIncomeFromContinuingOperations": "0", "comprehensiveIncomeNetOfTax": "None", "ebit": "2540000000", "ebitda": "3478000000", "netIncome": "1634000000"}, {"fiscalDateEnding": "2011-09-30", "reportedCurrency": "USD", "grossProfit": "3127000000", "totalRevenue": "6006000000", "costOfRevenue": "2879000000", "costofGoodsAndServicesSold": "2879000000", "operatingIncome": "2883000000", "sellingGeneralAndAdministrative": "242000000", "researchAndDevelopment": "0", "operatingExpenses": "49000000", "investmentIncomeNet": "None", "netInterestIncome": "None", "interestIncome": "None", "interestExpense": "23000000", "nonInterestIncome": "None", "otherNonOperatingIncome": "123000000", "depreciation": "None", "depreciationAndAmortization": "924000000", "incomeBeforeTax": "2862000000", "incomeTaxExpense": "1087000000", "interestAndDebtExpense": "None", "netIncomeFromContinuingOperations": "1775000000", "comprehensiveIncomeNetOfTax": "None", "ebit": "1961000000", "ebitda": "2885000000", "netIncome": "1771000000"}, {"fiscalDateEnding": "2011-06-30", "reportedCurrency": "USD", "grossProfit": "3453000000", "totalRevenue": "6173000000", "costOfRevenue": "2720000000", "costofGoodsAndServicesSold": "2720000000", "operatingIncome": "2955000000", "sellingGeneralAndAdministrative": "388000000", "researchAndDevelopment": "0", "operatingExpenses": "112000000", "investmentIncomeNet": "None", "netInterestIncome": "None", "interestIncome": "None", "interestExpense": "22000000", "nonInterestIncome": "None", "otherNonOperatingIncome": "81000000", "depreciation": "None", "depreciationAndAmortization": "839000000", "incomeBeforeTax": "2930000000", "incomeTaxExpense": "1111000000", "interestAndDebtExpense": "None", "netIncomeFromContinuingOperations": "1819000000", "comprehensiveIncomeNetOfTax": "None", "ebit": "2113000000", "ebitda": "2952000000", "netIncome": "1817000000"}, {"fiscalDateEnding": "2011-03-31", "reportedCurrency": "USD", "grossProfit": "3200000000", "totalRevenue": "5726000000", "costOfRevenue": "2526000000", "costofGoodsAndServicesSold": "2526000000", "operatingIncome": "2818000000", "sellingGeneralAndAdministrative": "441000000", "researchAndDevelopment": "0", "operatingExpenses": "676000000", "investmentIncomeNet": "None", "netInterestIncome": "None", "interestIncome": "None", "interestExpense": "215000000", "nonInterestIncome": "None", "otherNonOperatingIncome": "118000000", "depreciation": "None", "depreciationAndAmortization": "890000000", "incomeBeforeTax": "2362000000", "incomeTaxExpense": "1054000000", "interestAndDebtExpense": "None", "netIncomeFromContinuingOperations": "1405000000", "comprehensiveIncomeNetOfTax": "None", "ebit": "2577000000", "ebitda": "3467000000", "netIncome": "1549000000"}, {"fiscalDateEnding": "2010-12-31", "reportedCurrency": "USD", "grossProfit": "5884000000", "totalRevenue": "4728000000", "costOfRevenue": "-1156000000", "costofGoodsAndServicesSold": "-1156000000", "operatingIncome": "1882000000", "sellingGeneralAndAdministrative": "424000000", "researchAndDevelopment": "0", "operatingExpenses": "3688000000", "investmentIncomeNet": "None", "netInterestIncome": "None", "interestIncome": "None", "interestExpense": "20000000", "nonInterestIncome": "None", "otherNonOperatingIncome": "None", "depreciation": "None", "depreciationAndAmortization": "545000000", "incomeBeforeTax": "1813000000", "incomeTaxExpense": "650000000", "interestAndDebtExpense": "None", "netIncomeFromContinuingOperations": "0", "comprehensiveIncomeNetOfTax": "None", "ebit": "1833000000", "ebitda": "2378000000", "netIncome": "1212000000"}, {"fiscalDateEnding": "2010-09-30", "reportedCurrency": "USD", "grossProfit": "2375000000", "totalRevenue": "4902000000", "costOfRevenue": "2527000000", "costofGoodsAndServicesSold": "2527000000", "operatingIncome": "2033000000", "sellingGeneralAndAdministrative": "288000000", "researchAndDevelopment": "0", "operatingExpenses": "411000000", "investmentIncomeNet": "None", "netInterestIncome": "None", "interestIncome": "None", "interestExpense": "26000000", "nonInterestIncome": "None", "otherNonOperatingIncome": "None", "depreciation": "None", "depreciationAndAmortization": "858000000", "incomeBeforeTax": "1965000000", "incomeTaxExpense": "816000000", "interestAndDebtExpense": "None", "netIncomeFromContinuingOperations": "0", "comprehensiveIncomeNetOfTax": "None", "ebit": "1937000000", "ebitda": "2795000000", "netIncome": "1191000000"}, {"fiscalDateEnding": "2010-06-30", "reportedCurrency": "USD", "grossProfit": "2290000000", "totalRevenue": "4795000000", "costOfRevenue": "2505000000", "costofGoodsAndServicesSold": "2505000000", "operatingIncome": "1895000000", "sellingGeneralAndAdministrative": "309000000", "researchAndDevelopment": "0", "operatingExpenses": "436000000", "investmentIncomeNet": "None", "netInterestIncome": "None", "interestIncome": "None", "interestExpense": "32000000", "nonInterestIncome": "None", "otherNonOperatingIncome": "None", "depreciation": "None", "depreciationAndAmortization": "876000000", "incomeBeforeTax": "1822000000", "incomeTaxExpense": "800000000", "interestAndDebtExpense": "None", "netIncomeFromContinuingOperations": "0", "comprehensiveIncomeNetOfTax": "None", "ebit": "1791000000", "ebitda": "2667000000", "netIncome": "1063000000"}, {"fiscalDateEnding": "2010-03-31", "reportedCurrency": "USD", "grossProfit": "2295000000", "totalRevenue": "4793000000", "costOfRevenue": "2498000000", "costofGoodsAndServicesSold": "2498000000", "operatingIncome": "1831000000", "sellingGeneralAndAdministrative": "375000000", "researchAndDevelopment": "0", "operatingExpenses": "498000000", "investmentIncomeNet": "None", "netInterestIncome": "None", "interestIncome": "None", "interestExpense": "38000000", "nonInterestIncome": "None", "otherNonOperatingIncome": "None", "depreciation": "None", "depreciationAndAmortization": "874000000", "incomeBeforeTax": "1759000000", "incomeTaxExpense": "729000000", "interestAndDebtExpense": "None", "netIncomeFromContinuingOperations": "0", "comprehensiveIncomeNetOfTax": "None", "ebit": "1728000000", "ebitda": "2602000000", "netIncome": "1064000000"}, {"fiscalDateEnding": "2009-12-31", "reportedCurrency": "USD", "grossProfit": "5374000000", "totalRevenue": "4580000000", "costOfRevenue": "-794000000", "costofGoodsAndServicesSold": "-794000000", "operatingIncome": "1652000000", "sellingGeneralAndAdministrative": "374000000", "researchAndDevelopment": "0", "operatingExpenses": "3604000000", "investmentIncomeNet": "None", "netInterestIncome": "None", "interestIncome": "None", "interestExpense": "41000000", "nonInterestIncome": "None", "otherNonOperatingIncome": "None", "depreciation": "None", "depreciationAndAmortization": "820000000", "incomeBeforeTax": "1559000000", "incomeTaxExpense": "673000000", "interestAndDebtExpense": "None", "netIncomeFromContinuingOperations": "0", "comprehensiveIncomeNetOfTax": "None", "ebit": "1600000000", "ebitda": "2420000000", "netIncome": "938000000"}, {"fiscalDateEnding": "2009-09-30", "reportedCurrency": "USD", "grossProfit": "1940000000", "totalRevenue": "4126000000", "costOfRevenue": "2186000000", "costofGoodsAndServicesSold": "2186000000", "operatingIncome": "1516000000", "sellingGeneralAndAdministrative": "10000000", "researchAndDevelopment": "0", "operatingExpenses": "474000000", "investmentIncomeNet": "None", "netInterestIncome": "None", "interestIncome": "None", "interestExpense": "40000000", "nonInterestIncome": "None", "otherNonOperatingIncome": "None", "depreciation": "None", "depreciationAndAmortization": "769000000", "incomeBeforeTax": "1426000000", "incomeTaxExpense": "549000000", "interestAndDebtExpense": "None", "netIncomeFromContinuingOperations": "0", "comprehensiveIncomeNetOfTax": "None", "ebit": "1466000000", "ebitda": "2235000000", "netIncome": "927000000"}, {"fiscalDateEnding": "2009-06-30", "reportedCurrency": "USD", "grossProfit": "1574000000", "totalRevenue": "3687000000", "costOfRevenue": "2113000000", "costofGoodsAndServicesSold": "2113000000", "operatingIncome": "1169000000", "sellingGeneralAndAdministrative": "362000000", "researchAndDevelopment": "0", "operatingExpenses": "472000000", "investmentIncomeNet": "None", "netInterestIncome": "None", "interestIncome": "None", "interestExpense": "32000000", "nonInterestIncome": "None", "otherNonOperatingIncome": "None", "depreciation": "None", "depreciationAndAmortization": "742000000", "incomeBeforeTax": "1139000000", "incomeTaxExpense": "455000000", "interestAndDebtExpense": "None", "netIncomeFromContinuingOperations": "0", "comprehensiveIncomeNetOfTax": "None", "ebit": "1137000000", "ebitda": "1879000000", "netIncome": "682000000"}, {"fiscalDateEnding": "2009-03-31", "reportedCurrency": "USD", "grossProfit": "981000000", "totalRevenue": "3103000000", "costOfRevenue": "2122000000", "costofGoodsAndServicesSold": "2122000000", "operatingIncome": "636000000", "sellingGeneralAndAdministrative": "270000000", "researchAndDevelopment": "0", "operatingExpenses": "375000000", "investmentIncomeNet": "None", "netInterestIncome": "None", "interestIncome": "None", "interestExpense": "27000000", "nonInterestIncome": "None", "otherNonOperatingIncome": "None", "depreciation": "None", "depreciationAndAmortization": "786000000", "incomeBeforeTax": "579000000", "incomeTaxExpense": "241000000", "interestAndDebtExpense": "None", "netIncomeFromContinuingOperations": "0", "comprehensiveIncomeNetOfTax": "None", "ebit": "606000000", "ebitda": "1392000000", "netIncome": "368000000"}, {"fiscalDateEnding": "2008-12-31", "reportedCurrency": "USD", "grossProfit": "4714000000", "totalRevenue": "4284000000", "costOfRevenue": "-430000000", "costofGoodsAndServicesSold": "-430000000", "operatingIncome": "561000000", "sellingGeneralAndAdministrative": "16000000", "researchAndDevelopment": "0", "operatingExpenses": "3385000000", "investmentIncomeNet": "None", "netInterestIncome": "None", "interestIncome": "None", "interestExpense": "35000000", "nonInterestIncome": "None", "otherNonOperatingIncome": "None", "depreciation": "None", "depreciationAndAmortization": "753000000", "incomeBeforeTax": "533000000", "incomeTaxExpense": "118000000", "interestAndDebtExpense": "None", "netIncomeFromContinuingOperations": "0", "comprehensiveIncomeNetOfTax": "None", "ebit": "1354000000", "ebitda": "2107000000", "netIncome": "443000000"}, {"fiscalDateEnding": "2008-09-30", "reportedCurrency": "USD", "grossProfit": "4155000000", "totalRevenue": "7060000000", "costOfRevenue": "2905000000", "costofGoodsAndServicesSold": "2905000000", "operatingIncome": "3764000000", "sellingGeneralAndAdministrative": "391000000", "researchAndDevelopment": "0", "operatingExpenses": "391000000", "investmentIncomeNet": "None", "netInterestIncome": "None", "interestIncome": "None", "interestExpense": "53000000", "nonInterestIncome": "None", "otherNonOperatingIncome": "None", "depreciation": "None", "depreciationAndAmortization": "683000000", "incomeBeforeTax": "3799000000", "incomeTaxExpense": "1546000000", "interestAndDebtExpense": "None", "netIncomeFromContinuingOperations": "0", "comprehensiveIncomeNetOfTax": "None", "ebit": "3764000000", "ebitda": "4447000000", "netIncome": "2271000000"}, {"fiscalDateEnding": "2008-06-30", "reportedCurrency": "USD", "grossProfit": "4377000000", "totalRevenue": "7116000000", "costOfRevenue": "2739000000", "costofGoodsAndServicesSold": "2739000000", "operatingIncome": "3968000000", "sellingGeneralAndAdministrative": "506000000", "researchAndDevelopment": "0", "operatingExpenses": "506000000", "investmentIncomeNet": "None", "netInterestIncome": "None", "interestIncome": "None", "interestExpense": "32000000", "nonInterestIncome": "None", "otherNonOperatingIncome": "None", "depreciation": "None", "depreciationAndAmortization": "621000000", "incomeBeforeTax": "3943000000", "incomeTaxExpense": "1671000000", "interestAndDebtExpense": "None", "netIncomeFromContinuingOperations": "0", "comprehensiveIncomeNetOfTax": "None", "ebit": "3975000000", "ebitda": "4596000000", "netIncome": "2297000000"}, {"fiscalDateEnding": "2008-03-31", "reportedCurrency": "USD", "grossProfit": "3484000000", "totalRevenue": "6020000000", "costOfRevenue": "2536000000", "costofGoodsAndServicesSold": "2536000000", "operatingIncome": "3140000000", "sellingGeneralAndAdministrative": "404000000", "researchAndDevelopment": "0", "operatingExpenses": "404000000", "investmentIncomeNet": "None", "netInterestIncome": "None", "interestIncome": "None", "interestExpense": "38000000", "nonInterestIncome": "None", "otherNonOperatingIncome": "None", "depreciation": "None", "depreciationAndAmortization": "653000000", "incomeBeforeTax": "3096000000", "incomeTaxExpense": "1294000000", "interestAndDebtExpense": "None", "netIncomeFromContinuingOperations": "0", "comprehensiveIncomeNetOfTax": "None", "ebit": "3134000000", "ebitda": "3787000000", "netIncome": "1846000000"}, {"fiscalDateEnding": "2007-12-31", "reportedCurrency": "USD", "grossProfit": "6571000000", "totalRevenue": "6746000000", "costOfRevenue": "175000000", "costofGoodsAndServicesSold": "175000000", "operatingIncome": "2509000000", "sellingGeneralAndAdministrative": "468000000", "researchAndDevelopment": "0", "operatingExpenses": "2847000000", "investmentIncomeNet": "None", "netInterestIncome": "None", "interestIncome": "None", "interestExpense": "42000000", "nonInterestIncome": "None", "otherNonOperatingIncome": "None", "depreciation": "None", "depreciationAndAmortization": "639000000", "incomeBeforeTax": "2507000000", "incomeTaxExpense": "1057000000", "interestAndDebtExpense": "None", "netIncomeFromContinuingOperations": "0", "comprehensiveIncomeNetOfTax": "None", "ebit": "3724000000", "ebitda": "4363000000", "netIncome": "1452000000"}, {"fiscalDateEnding": "2007-09-30", "reportedCurrency": "USD", "grossProfit": "2418000000", "totalRevenue": "4841000000", "costOfRevenue": "2423000000", "costofGoodsAndServicesSold": "2423000000", "operatingIncome": "2186000000", "sellingGeneralAndAdministrative": "415000000", "researchAndDevelopment": "0", "operatingExpenses": "415000000", "investmentIncomeNet": "None", "netInterestIncome": "None", "interestIncome": "None", "interestExpense": "48000000", "nonInterestIncome": "None", "otherNonOperatingIncome": "None", "depreciation": "None", "depreciationAndAmortization": "602000000", "incomeBeforeTax": "2169000000", "incomeTaxExpense": "862000000", "interestAndDebtExpense": "None", "netIncomeFromContinuingOperations": "0", "comprehensiveIncomeNetOfTax": "None", "ebit": "2003000000", "ebitda": "2605000000", "netIncome": "1324000000"}, {"fiscalDateEnding": "2007-06-30", "reportedCurrency": "USD", "grossProfit": "2113000000", "totalRevenue": "4411000000", "costOfRevenue": "2298000000", "costofGoodsAndServicesSold": "2298000000", "operatingIncome": "1719000000", "sellingGeneralAndAdministrative": "394000000", "researchAndDevelopment": "0", "operatingExpenses": "394000000", "investmentIncomeNet": "None", "netInterestIncome": "None", "interestIncome": "None", "interestExpense": "597000000", "nonInterestIncome": "None", "otherNonOperatingIncome": "None", "depreciation": "None", "depreciationAndAmortization": "550000000", "incomeBeforeTax": "2052000000", "incomeTaxExpense": "904000000", "interestAndDebtExpense": "None", "netIncomeFromContinuingOperations": "0", "comprehensiveIncomeNetOfTax": "None", "ebit": "1733000000", "ebitda": "2283000000", "netIncome": "1412000000"}, {"fiscalDateEnding": "2007-03-31", "reportedCurrency": "USD", "grossProfit": "1928000000", "totalRevenue": "4108000000", "costOfRevenue": "2180000000", "costofGoodsAndServicesSold": "2180000000", "operatingIncome": "1915000000", "sellingGeneralAndAdministrative": "395000000", "researchAndDevelopment": "0", "operatingExpenses": "395000000", "investmentIncomeNet": "None", "netInterestIncome": "None", "interestIncome": "None", "interestExpense": "217000000", "nonInterestIncome": "None", "otherNonOperatingIncome": "None", "depreciation": "None", "depreciationAndAmortization": "588000000", "incomeBeforeTax": "1912000000", "incomeTaxExpense": "703000000", "interestAndDebtExpense": "None", "netIncomeFromContinuingOperations": "0", "comprehensiveIncomeNetOfTax": "None", "ebit": "1457000000", "ebitda": "2045000000", "netIncome": "1212000000"}, {"fiscalDateEnding": "2006-12-31", "reportedCurrency": "USD", "grossProfit": "4202000000", "totalRevenue": "4415000000", "costOfRevenue": "213000000", "costofGoodsAndServicesSold": "213000000", "operatingIncome": "1805000000", "sellingGeneralAndAdministrative": "355000000", "researchAndDevelopment": "0", "operatingExpenses": "2397000000", "investmentIncomeNet": "None", "netInterestIncome": "None", "interestIncome": "None", "interestExpense": "83000000", "nonInterestIncome": "None", "otherNonOperatingIncome": "None", "depreciation": "None", "depreciationAndAmortization": "565000000", "incomeBeforeTax": "1716000000", "incomeTaxExpense": "794000000", "interestAndDebtExpense": "None", "netIncomeFromContinuingOperations": "0", "comprehensiveIncomeNetOfTax": "None", "ebit": "1805000000", "ebitda": "2370000000", "netIncome": "928000000"}, {"fiscalDateEnding": "2006-09-30", "reportedCurrency": "USD", "grossProfit": "2431000000", "totalRevenue": "4603000000", "costOfRevenue": "2172000000", "costofGoodsAndServicesSold": "2172000000", "operatingIncome": "2054000000", "sellingGeneralAndAdministrative": "356000000", "researchAndDevelopment": "0", "operatingExpenses": "356000000", "investmentIncomeNet": "None", "netInterestIncome": "None", "interestIncome": "None", "interestExpense": "62000000", "nonInterestIncome": "None", "otherNonOperatingIncome": "None", "depreciation": "None", "depreciationAndAmortization": "524000000", "incomeBeforeTax": "2013000000", "incomeTaxExpense": "886000000", "interestAndDebtExpense": "None", "netIncomeFromContinuingOperations": "0", "comprehensiveIncomeNetOfTax": "None", "ebit": "1902000000", "ebitda": "2426000000", "netIncome": "1168000000"}, {"fiscalDateEnding": "2006-06-30", "reportedCurrency": "USD", "grossProfit": "2505000000", "totalRevenue": "4689000000", "costOfRevenue": "2184000000", "costofGoodsAndServicesSold": "2184000000", "operatingIncome": "1738000000", "sellingGeneralAndAdministrative": "356000000", "researchAndDevelopment": "0", "operatingExpenses": "356000000", "investmentIncomeNet": "None", "netInterestIncome": "None", "interestIncome": "None", "interestExpense": "339000000", "nonInterestIncome": "None", "otherNonOperatingIncome": "None", "depreciation": "None", "depreciationAndAmortization": "473000000", "incomeBeforeTax": "2077000000", "incomeTaxExpense": "881000000", "interestAndDebtExpense": "None", "netIncomeFromContinuingOperations": "0", "comprehensiveIncomeNetOfTax": "None", "ebit": "1960000000", "ebitda": "2433000000", "netIncome": "857000000"}, {"fiscalDateEnding": "2006-03-31", "reportedCurrency": "USD", "grossProfit": "2567000000", "totalRevenue": "4627000000", "costOfRevenue": "2060000000", "costofGoodsAndServicesSold": "2060000000", "operatingIncome": "2161000000", "sellingGeneralAndAdministrative": "383000000", "researchAndDevelopment": "0", "operatingExpenses": "383000000", "investmentIncomeNet": "None", "netInterestIncome": "None", "interestIncome": "None", "interestExpense": "29000000", "nonInterestIncome": "None", "otherNonOperatingIncome": "None", "depreciation": "None", "depreciationAndAmortization": "480000000", "incomeBeforeTax": "2116000000", "incomeTaxExpense": "932000000", "interestAndDebtExpense": "None", "netIncomeFromContinuingOperations": "0", "comprehensiveIncomeNetOfTax": "None", "ebit": "2079000000", "ebitda": "2559000000", "netIncome": "1229000000"}, {"fiscalDateEnding": "2005-12-31", "reportedCurrency": "USD", "grossProfit": "3513000000", "totalRevenue": "4391000000", "costOfRevenue": "878000000", "costofGoodsAndServicesSold": "878000000", "operatingIncome": "1723000000", "sellingGeneralAndAdministrative": "305000000", "researchAndDevelopment": "0", "operatingExpenses": "1790000000", "investmentIncomeNet": "None", "netInterestIncome": "None", "interestIncome": "None", "interestExpense": "193000000", "nonInterestIncome": "None", "otherNonOperatingIncome": "None", "depreciation": "None", "depreciationAndAmortization": "409000000", "incomeBeforeTax": "1875000000", "incomeTaxExpense": "764000000", "interestAndDebtExpense": "None", "netIncomeFromContinuingOperations": "0", "comprehensiveIncomeNetOfTax": "None", "ebit": "1723000000", "ebitda": "2132000000", "netIncome": "1152000000"}, {"fiscalDateEnding": "2005-09-30", "reportedCurrency": "USD", "grossProfit": "3001000000", "totalRevenue": "4834000000", "costOfRevenue": "1833000000", "costofGoodsAndServicesSold": "1833000000", "operatingIncome": "2358000000", "sellingGeneralAndAdministrative": "553000000", "researchAndDevelopment": "0", "operatingExpenses": "553000000", "investmentIncomeNet": "None", "netInterestIncome": "None", "interestIncome": "None", "interestExpense": "96000000", "nonInterestIncome": "None", "otherNonOperatingIncome": "None", "depreciation": "None", "depreciationAndAmortization": "376000000", "incomeBeforeTax": "2297000000", "incomeTaxExpense": "611000000", "interestAndDebtExpense": "None", "netIncomeFromContinuingOperations": "0", "comprehensiveIncomeNetOfTax": "None", "ebit": "2257000000", "ebitda": "2633000000", "netIncome": "1747000000"}, {"fiscalDateEnding": "2005-06-30", "reportedCurrency": "USD", "grossProfit": "1955000000", "totalRevenue": "3694000000", "costOfRevenue": "1739000000", "costofGoodsAndServicesSold": "1739000000", "operatingIncome": "1764000000", "sellingGeneralAndAdministrative": "324000000", "researchAndDevelopment": "0", "operatingExpenses": "324000000", "investmentIncomeNet": "None", "netInterestIncome": "None", "interestIncome": "None", "interestExpense": "184000000", "nonInterestIncome": "None", "otherNonOperatingIncome": "None", "depreciation": "None", "depreciationAndAmortization": "356000000", "incomeBeforeTax": "1560000000", "incomeTaxExpense": "44000000", "interestAndDebtExpense": "None", "netIncomeFromContinuingOperations": "0", "comprehensiveIncomeNetOfTax": "None", "ebit": "1524000000", "ebitda": "1880000000", "netIncome": "1536000000"}, {"fiscalDateEnding": "2005-03-31", "reportedCurrency": "USD", "grossProfit": "1761000000", "totalRevenue": "3340000000", "costOfRevenue": "1579000000", "costofGoodsAndServicesSold": "1579000000", "operatingIncome": "1447000000", "sellingGeneralAndAdministrative": "285000000", "researchAndDevelopment": "0", "operatingExpenses": "285000000", "investmentIncomeNet": "None", "netInterestIncome": "None", "interestIncome": "None", "interestExpense": "65000000", "nonInterestIncome": "None", "otherNonOperatingIncome": "None", "depreciation": "None", "depreciationAndAmortization": "344000000", "incomeBeforeTax": "1401000000", "incomeTaxExpense": "601000000", "interestAndDebtExpense": "None", "netIncomeFromContinuingOperations": "0", "comprehensiveIncomeNetOfTax": "None", "ebit": "1476000000", "ebitda": "1820000000", "netIncome": "846000000"}, {"fiscalDateEnding": "2004-12-31", "reportedCurrency": "USD", "grossProfit": "2695000000", "totalRevenue": "2929000000", "costOfRevenue": "234000000", "costofGoodsAndServicesSold": "234000000", "operatingIncome": "1212000000", "sellingGeneralAndAdministrative": "359000000", "researchAndDevelopment": "0", "operatingExpenses": "1662000000", "investmentIncomeNet": "None", "netInterestIncome": "None", "interestIncome": "None", "interestExpense": "61000000", "nonInterestIncome": "None", "otherNonOperatingIncome": "None", "depreciation": "None", "depreciationAndAmortization": "350000000", "incomeBeforeTax": "1116000000", "incomeTaxExpense": "470000000", "interestAndDebtExpense": "None", "netIncomeFromContinuingOperations": "0", "comprehensiveIncomeNetOfTax": "None", "ebit": "1033000000", "ebitda": "1383000000", "netIncome": "742000000"}]}