{"symbol": "CBOE", "annualReports": [{"fiscalDateEnding": "2024-12-31", "reportedCurrency": "USD", "grossProfit": "1610000000", "totalRevenue": "4094500000", "costOfRevenue": "2484500000", "costofGoodsAndServicesSold": "2484500000", "operatingIncome": "1098400000", "sellingGeneralAndAdministrative": "94800000", "researchAndDevelopment": "None", "operatingExpenses": "511600000", "investmentIncomeNet": "None", "netInterestIncome": "-24200000", "interestIncome": "27300000", "interestExpense": "51500000", "nonInterestIncome": "None", "otherNonOperatingIncome": "None", "depreciation": "None", "depreciationAndAmortization": "133000000", "incomeBeforeTax": "1083800000", "incomeTaxExpense": "318900000", "interestAndDebtExpense": "None", "netIncomeFromContinuingOperations": "764900000", "comprehensiveIncomeNetOfTax": "None", "ebit": "1135300000", "ebitda": "1268300000", "netIncome": "764900000"}, {"fiscalDateEnding": "2023-12-31", "reportedCurrency": "USD", "grossProfit": "1918000000", "totalRevenue": "3773500000", "costOfRevenue": "1855500000", "costofGoodsAndServicesSold": "1855500000", "operatingIncome": "1057900000", "sellingGeneralAndAdministrative": "182900000", "researchAndDevelopment": "0.28", "operatingExpenses": "860100000", "investmentIncomeNet": "None", "netInterestIncome": "-56600000", "interestIncome": "9700000", "interestExpense": "62400000", "nonInterestIncome": "None", "otherNonOperatingIncome": "None", "depreciation": "None", "depreciationAndAmortization": "158000000", "incomeBeforeTax": "1047599999", "incomeTaxExpense": "286200000", "interestAndDebtExpense": "None", "netIncomeFromContinuingOperations": "709100000", "comprehensiveIncomeNetOfTax": "None", "ebit": "1110000000", "ebitda": "1268000000", "netIncome": "761400000"}, {"fiscalDateEnding": "2022-12-31", "reportedCurrency": "USD", "grossProfit": "1741700000", "totalRevenue": "3958500000", "costOfRevenue": "2216800000", "costofGoodsAndServicesSold": "2216800000", "operatingIncome": "970100000", "sellingGeneralAndAdministrative": "553400000", "researchAndDevelopment": "0.11", "operatingExpenses": "771300000", "investmentIncomeNet": "None", "netInterestIncome": "-56400000", "interestIncome": "3600000", "interestExpense": "56400000", "nonInterestIncome": "None", "otherNonOperatingIncome": "-300000", "depreciation": "None", "depreciationAndAmortization": "2988100000", "incomeBeforeTax": "432900000", "incomeTaxExpense": "197900000", "interestAndDebtExpense": "None", "netIncomeFromContinuingOperations": "235000000", "comprehensiveIncomeNetOfTax": "None", "ebit": "-1850900000", "ebitda": "1137200000", "netIncome": "235000000"}, {"fiscalDateEnding": "2021-12-31", "reportedCurrency": "USD", "grossProfit": "1187600000", "totalRevenue": "3494800000", "costOfRevenue": "2307200000", "costofGoodsAndServicesSold": "2307200000", "operatingIncome": "805900000", "sellingGeneralAndAdministrative": "83700000", "researchAndDevelopment": "0.22", "operatingExpenses": "366100000", "investmentIncomeNet": "None", "netInterestIncome": "-47400000", "interestIncome": "600000", "interestExpense": "47400000", "nonInterestIncome": "None", "otherNonOperatingIncome": "-2400000", "depreciation": "None", "depreciationAndAmortization": "2673300000", "incomeBeforeTax": "756100000", "incomeTaxExpense": "227100000", "interestAndDebtExpense": "None", "netIncomeFromContinuingOperations": "529000000", "comprehensiveIncomeNetOfTax": "None", "ebit": "-1684400000", "ebitda": "988900000", "netIncome": "529000000"}, {"fiscalDateEnding": "2020-12-31", "reportedCurrency": "USD", "grossProfit": "1029400000", "totalRevenue": "3427100000", "costOfRevenue": "2397700000", "costofGoodsAndServicesSold": "2397700000", "operatingIncome": "662200000", "sellingGeneralAndAdministrative": "60600000", "researchAndDevelopment": "0.19", "operatingExpenses": "322000000", "investmentIncomeNet": "None", "netInterestIncome": "-37600000", "interestIncome": "1100000", "interestExpense": "37600000", "nonInterestIncome": "None", "otherNonOperatingIncome": "35800000", "depreciation": "None", "depreciationAndAmortization": "2719700000", "incomeBeforeTax": "660400000", "incomeTaxExpense": "192200000", "interestAndDebtExpense": "None", "netIncomeFromContinuingOperations": "468200000", "comprehensiveIncomeNetOfTax": "None", "ebit": "-1853800000", "ebitda": "865900000", "netIncome": "468200000"}, {"fiscalDateEnding": "2019-12-31", "reportedCurrency": "USD", "grossProfit": "937900000", "totalRevenue": "2496100000", "costOfRevenue": "1558200000", "costofGoodsAndServicesSold": "1558200000", "operatingIncome": "537200000", "sellingGeneralAndAdministrative": "68300000", "researchAndDevelopment": "None", "operatingExpenses": "352200000", "investmentIncomeNet": "None", "netInterestIncome": "-35900000", "interestIncome": "1900000", "interestExpense": "35900000", "nonInterestIncome": "None", "otherNonOperatingIncome": "100000", "depreciation": "None", "depreciationAndAmortization": "225200000", "incomeBeforeTax": "501400000", "incomeTaxExpense": "130600000", "interestAndDebtExpense": "None", "netIncomeFromContinuingOperations": "370800000", "comprehensiveIncomeNetOfTax": "None", "ebit": "537200000", "ebitda": "762400000", "netIncome": "374900000"}, {"fiscalDateEnding": "2018-12-31", "reportedCurrency": "USD", "grossProfit": "988100000", "totalRevenue": "2768800000", "costOfRevenue": "1780700000", "costofGoodsAndServicesSold": "1780700000", "operatingIncome": "599400000", "sellingGeneralAndAdministrative": "68300000", "researchAndDevelopment": "0", "operatingExpenses": "358600000", "investmentIncomeNet": "None", "netInterestIncome": "-38200000", "interestIncome": "2300000", "interestExpense": "38200000", "nonInterestIncome": "None", "otherNonOperatingIncome": "10000000", "depreciation": "None", "depreciationAndAmortization": "204000000", "incomeBeforeTax": "571200000", "incomeTaxExpense": "146000000", "interestAndDebtExpense": "None", "netIncomeFromContinuingOperations": "425200000", "comprehensiveIncomeNetOfTax": "None", "ebit": "639500000", "ebitda": "843500000", "netIncome": "426500000"}, {"fiscalDateEnding": "2017-12-31", "reportedCurrency": "USD", "grossProfit": "794200000", "totalRevenue": "2229100000", "costOfRevenue": "1434900000", "costofGoodsAndServicesSold": "1434900000", "operatingIncome": "371900000", "sellingGeneralAndAdministrative": "66000000", "researchAndDevelopment": "0", "operatingExpenses": "336900000", "investmentIncomeNet": "None", "netInterestIncome": "-41300000", "interestIncome": "1300000", "interestExpense": "41300000", "nonInterestIncome": "None", "otherNonOperatingIncome": "3800000", "depreciation": "None", "depreciationAndAmortization": "192200000", "incomeBeforeTax": "334400000", "incomeTaxExpense": "-66200000", "interestAndDebtExpense": "None", "netIncomeFromContinuingOperations": "400600000", "comprehensiveIncomeNetOfTax": "None", "ebit": "461100000", "ebitda": "653300000", "netIncome": "401700000"}, {"fiscalDateEnding": "2016-12-31", "reportedCurrency": "USD", "grossProfit": "454001000", "totalRevenue": "645106000", "costOfRevenue": "191105000", "costofGoodsAndServicesSold": "191105000", "operatingIncome": "298200000", "sellingGeneralAndAdministrative": "66703000", "researchAndDevelopment": "0", "operatingExpenses": "155801000", "investmentIncomeNet": "None", "netInterestIncome": "-5747000", "interestIncome": "None", "interestExpense": "5747000", "nonInterestIncome": "None", "otherNonOperatingIncome": "8404000", "depreciation": "None", "depreciationAndAmortization": "44455000", "incomeBeforeTax": "306604000", "incomeTaxExpense": "120884000", "interestAndDebtExpense": "None", "netIncomeFromContinuingOperations": "185720000", "comprehensiveIncomeNetOfTax": "None", "ebit": "298200000", "ebitda": "342655000", "netIncome": "186820000"}, {"fiscalDateEnding": "2015-12-31", "reportedCurrency": "USD", "grossProfit": "458046000", "totalRevenue": "634545000", "costOfRevenue": "176499000", "costofGoodsAndServicesSold": "176499000", "operatingIncome": "319928000", "sellingGeneralAndAdministrative": "50060000", "researchAndDevelopment": "0", "operatingExpenses": "138118000", "investmentIncomeNet": "None", "netInterestIncome": "None", "interestIncome": "None", "interestExpense": "43000", "nonInterestIncome": "None", "otherNonOperatingIncome": "4096000", "depreciation": "None", "depreciationAndAmortization": "46355000", "incomeBeforeTax": "324024000", "incomeTaxExpense": "119001000", "interestAndDebtExpense": "None", "netIncomeFromContinuingOperations": "205023000", "comprehensiveIncomeNetOfTax": "None", "ebit": "319928000", "ebitda": "366283000", "netIncome": "205023000"}, {"fiscalDateEnding": "2014-12-31", "reportedCurrency": "USD", "grossProfit": "551115000", "totalRevenue": "617225000", "costOfRevenue": "66110000", "costofGoodsAndServicesSold": "66110000", "operatingIncome": "313801000", "sellingGeneralAndAdministrative": "121734000", "researchAndDevelopment": "0", "operatingExpenses": "237314000", "investmentIncomeNet": "None", "netInterestIncome": "None", "interestIncome": "None", "interestExpense": "0", "nonInterestIncome": "None", "otherNonOperatingIncome": "-4104000", "depreciation": "None", "depreciationAndAmortization": "40000000", "incomeBeforeTax": "309697000", "incomeTaxExpense": "119983000", "interestAndDebtExpense": "None", "netIncomeFromContinuingOperations": "189714000", "comprehensiveIncomeNetOfTax": "None", "ebit": "317905000", "ebitda": "357905000", "netIncome": "189714000"}, {"fiscalDateEnding": "2013-12-31", "reportedCurrency": "USD", "grossProfit": "515474000", "totalRevenue": "572050000", "costOfRevenue": "56576000", "costofGoodsAndServicesSold": "56576000", "operatingIncome": "285814000", "sellingGeneralAndAdministrative": "118083000", "researchAndDevelopment": "0", "operatingExpenses": "229660000", "investmentIncomeNet": "None", "netInterestIncome": "None", "interestIncome": "None", "interestExpense": "0", "nonInterestIncome": "None", "otherNonOperatingIncome": "-2158000", "depreciation": "None", "depreciationAndAmortization": "34602000", "incomeBeforeTax": "283656000", "incomeTaxExpense": "107657000", "interestAndDebtExpense": "None", "netIncomeFromContinuingOperations": "175999000", "comprehensiveIncomeNetOfTax": "None", "ebit": "287972000", "ebitda": "322574000", "netIncome": "175999000"}, {"fiscalDateEnding": "2012-12-31", "reportedCurrency": "USD", "grossProfit": "466203000", "totalRevenue": "512338000", "costOfRevenue": "46135000", "costofGoodsAndServicesSold": "46135000", "operatingIncome": "244097000", "sellingGeneralAndAdministrative": "104196000", "researchAndDevelopment": "0", "operatingExpenses": "222106000", "investmentIncomeNet": "None", "netInterestIncome": "None", "interestIncome": "None", "interestExpense": "0", "nonInterestIncome": "None", "otherNonOperatingIncome": "-1546000", "depreciation": "None", "depreciationAndAmortization": "31573000", "incomeBeforeTax": "242551000", "incomeTaxExpense": "85156000", "interestAndDebtExpense": "None", "netIncomeFromContinuingOperations": "157395000", "comprehensiveIncomeNetOfTax": "None", "ebit": "244097000", "ebitda": "275670000", "netIncome": "157395000"}, {"fiscalDateEnding": "2011-12-31", "reportedCurrency": "USD", "grossProfit": "508144000", "totalRevenue": "508144000", "costOfRevenue": "232418000", "costofGoodsAndServicesSold": "232418000", "operatingIncome": "241632000", "sellingGeneralAndAdministrative": "226970000", "researchAndDevelopment": "0", "operatingExpenses": "266512000", "investmentIncomeNet": "None", "netInterestIncome": "None", "interestIncome": "None", "interestExpense": "879000", "nonInterestIncome": "None", "otherNonOperatingIncome": "-1548000", "depreciation": "None", "depreciationAndAmortization": "34184000", "incomeBeforeTax": "240084000", "incomeTaxExpense": "100678000", "interestAndDebtExpense": "None", "netIncomeFromContinuingOperations": "139406000", "comprehensiveIncomeNetOfTax": "None", "ebit": "240821000", "ebitda": "275005000", "netIncome": "139406000"}, {"fiscalDateEnding": "2010-12-31", "reportedCurrency": "USD", "grossProfit": "437104000", "totalRevenue": "437104000", "costOfRevenue": "239872000", "costofGoodsAndServicesSold": "239872000", "operatingIncome": "167341000", "sellingGeneralAndAdministrative": "235006000", "researchAndDevelopment": "None", "operatingExpenses": "269763000", "investmentIncomeNet": "None", "netInterestIncome": "None", "interestIncome": "None", "interestExpense": "896000", "nonInterestIncome": "None", "otherNonOperatingIncome": "None", "depreciation": "None", "depreciationAndAmortization": "29960000", "incomeBeforeTax": "164623000", "incomeTaxExpense": "65227000", "interestAndDebtExpense": "None", "netIncomeFromContinuingOperations": "None", "comprehensiveIncomeNetOfTax": "None", "ebit": "165044000", "ebitda": "195004000", "netIncome": "99396000"}, {"fiscalDateEnding": "2009-12-31", "reportedCurrency": "USD", "grossProfit": "426082000", "totalRevenue": "426082000", "costOfRevenue": "218899000", "costofGoodsAndServicesSold": "218899000", "operatingIncome": "177585000", "sellingGeneralAndAdministrative": "215351000", "researchAndDevelopment": "None", "operatingExpenses": "248497000", "investmentIncomeNet": "None", "netInterestIncome": "None", "interestIncome": "None", "interestExpense": "875000", "nonInterestIncome": "None", "otherNonOperatingIncome": "None", "depreciation": "None", "depreciationAndAmortization": "27725000", "incomeBeforeTax": "177230000", "incomeTaxExpense": "70779000", "interestAndDebtExpense": "None", "netIncomeFromContinuingOperations": "None", "comprehensiveIncomeNetOfTax": "None", "ebit": "176498000", "ebitda": "204223000", "netIncome": "106451000"}, {"fiscalDateEnding": "2008-12-31", "reportedCurrency": "USD", "grossProfit": "416783000", "totalRevenue": "416783000", "costOfRevenue": "None", "costofGoodsAndServicesSold": "None", "operatingIncome": "187310000", "sellingGeneralAndAdministrative": "196959000", "researchAndDevelopment": "None", "operatingExpenses": "229473000", "investmentIncomeNet": "None", "netInterestIncome": "None", "interestIncome": "None", "interestExpense": "19000", "nonInterestIncome": "None", "otherNonOperatingIncome": "None", "depreciation": "None", "depreciationAndAmortization": "25656000", "incomeBeforeTax": "193407000", "incomeTaxExpense": "78119000", "interestAndDebtExpense": "None", "netIncomeFromContinuingOperations": "None", "comprehensiveIncomeNetOfTax": "None", "ebit": "186428000", "ebitda": "212084000", "netIncome": "115288000"}], "quarterlyReports": [{"fiscalDateEnding": "2024-12-31", "reportedCurrency": "USD", "grossProfit": "412600000", "totalRevenue": "1107600000", "costOfRevenue": "695000000", "costofGoodsAndServicesSold": "695000000", "operatingIncome": "298500000", "sellingGeneralAndAdministrative": "25600000", "researchAndDevelopment": "None", "operatingExpenses": "114100000", "investmentIncomeNet": "None", "netInterestIncome": "-5700000", "interestIncome": "7200000", "interestExpense": "12900000", "nonInterestIncome": "None", "otherNonOperatingIncome": "None", "depreciation": "None", "depreciationAndAmortization": "32100000", "incomeBeforeTax": "279700000", "incomeTaxExpense": "83200000", "interestAndDebtExpense": "None", "netIncomeFromContinuingOperations": "196500000", "comprehensiveIncomeNetOfTax": "None", "ebit": "292600000", "ebitda": "324700000", "netIncome": "196500000"}, {"fiscalDateEnding": "2024-09-30", "reportedCurrency": "USD", "grossProfit": "412900000", "totalRevenue": "1055700000", "costOfRevenue": "642800000", "costofGoodsAndServicesSold": "642800000", "operatingIncome": "307400000", "sellingGeneralAndAdministrative": "21900000", "researchAndDevelopment": "None", "operatingExpenses": "105500000", "investmentIncomeNet": "None", "netInterestIncome": "-1400000", "interestIncome": "11400000", "interestExpense": "12800000", "nonInterestIncome": "None", "otherNonOperatingIncome": "None", "depreciation": "None", "depreciationAndAmortization": "31800000", "incomeBeforeTax": "309000000", "incomeTaxExpense": "90500000", "interestAndDebtExpense": "None", "netIncomeFromContinuingOperations": "218500000", "comprehensiveIncomeNetOfTax": "None", "ebit": "321800000", "ebitda": "353600000", "netIncome": "217400000"}, {"fiscalDateEnding": "2024-06-30", "reportedCurrency": "USD", "grossProfit": "482000000", "totalRevenue": "974000000", "costOfRevenue": "492000000", "costofGoodsAndServicesSold": "492000000", "operatingIncome": "291700000", "sellingGeneralAndAdministrative": "141900000", "researchAndDevelopment": "None", "operatingExpenses": "222100000", "investmentIncomeNet": "None", "netInterestIncome": "-8200000", "interestIncome": "4600000", "interestExpense": "12800000", "nonInterestIncome": "None", "otherNonOperatingIncome": "None", "depreciation": "None", "depreciationAndAmortization": "31800000", "incomeBeforeTax": "203000000", "incomeTaxExpense": "62600000", "interestAndDebtExpense": "None", "netIncomeFromContinuingOperations": "140400000", "comprehensiveIncomeNetOfTax": "None", "ebit": "291700000", "ebitda": "323500000", "netIncome": "140400000"}, {"fiscalDateEnding": "2024-03-31", "reportedCurrency": "USD", "grossProfit": "464800000", "totalRevenue": "957200000", "costOfRevenue": "492400000", "costofGoodsAndServicesSold": "492400000", "operatingIncome": "283000000", "sellingGeneralAndAdministrative": "28000000", "researchAndDevelopment": "None", "operatingExpenses": "181800000", "investmentIncomeNet": "None", "netInterestIncome": "-8900000", "interestIncome": "4100000", "interestExpense": "13000000", "nonInterestIncome": "None", "otherNonOperatingIncome": "None", "depreciation": "None", "depreciationAndAmortization": "37300000", "incomeBeforeTax": "292100000", "incomeTaxExpense": "82600000", "interestAndDebtExpense": "None", "netIncomeFromContinuingOperations": "209500000", "comprehensiveIncomeNetOfTax": "None", "ebit": "283000000", "ebitda": "320300000", "netIncome": "209500000"}, {"fiscalDateEnding": "2023-12-31", "reportedCurrency": "USD", "grossProfit": "461000000", "totalRevenue": "968700000", "costOfRevenue": "507700000", "costofGoodsAndServicesSold": "507700000", "operatingIncome": "293500000", "sellingGeneralAndAdministrative": "23300000", "researchAndDevelopment": "None", "operatingExpenses": "167500000", "investmentIncomeNet": "None", "netInterestIncome": "-9500000", "interestIncome": "3700000", "interestExpense": "13200000", "nonInterestIncome": "None", "otherNonOperatingIncome": "None", "depreciation": "None", "depreciationAndAmortization": "38000000", "incomeBeforeTax": "287500000", "incomeTaxExpense": "75500000", "interestAndDebtExpense": "None", "netIncomeFromContinuingOperations": "212000000", "comprehensiveIncomeNetOfTax": "None", "ebit": "293500000", "ebitda": "331500000", "netIncome": "212000000"}, {"fiscalDateEnding": "2023-09-30", "reportedCurrency": "USD", "grossProfit": "480500000", "totalRevenue": "908800000", "costOfRevenue": "428300000", "costofGoodsAndServicesSold": "428300000", "operatingIncome": "271200000", "sellingGeneralAndAdministrative": "24400000", "researchAndDevelopment": "None", "operatingExpenses": "112400000", "investmentIncomeNet": "None", "netInterestIncome": "-11900000", "interestIncome": "3500000", "interestExpense": "15400000", "nonInterestIncome": "None", "otherNonOperatingIncome": "None", "depreciation": "None", "depreciationAndAmortization": "38800000", "incomeBeforeTax": "270100000", "incomeTaxExpense": "61900000", "interestAndDebtExpense": "None", "netIncomeFromContinuingOperations": "208200000", "comprehensiveIncomeNetOfTax": "None", "ebit": "286300000", "ebitda": "325100000", "netIncome": "208200000"}, {"fiscalDateEnding": "2023-06-30", "reportedCurrency": "USD", "grossProfit": "467100000", "totalRevenue": "907800000", "costOfRevenue": "440700000", "costofGoodsAndServicesSold": "440700000", "operatingIncome": "244800000", "sellingGeneralAndAdministrative": "126900000", "researchAndDevelopment": "None", "operatingExpenses": "221600000", "investmentIncomeNet": "None", "netInterestIncome": "-13900000", "interestIncome": "2800000", "interestExpense": "16700000", "nonInterestIncome": "None", "otherNonOperatingIncome": "10900000", "depreciation": "None", "depreciationAndAmortization": "39800000", "incomeBeforeTax": "241800000", "incomeTaxExpense": "74000000", "interestAndDebtExpense": "None", "netIncomeFromContinuingOperations": "167800000", "comprehensiveIncomeNetOfTax": "None", "ebit": "246200000", "ebitda": "286000000", "netIncome": "167800000"}, {"fiscalDateEnding": "2023-03-31", "reportedCurrency": "USD", "grossProfit": "471400000", "totalRevenue": "988200000", "costOfRevenue": "516800000", "costofGoodsAndServicesSold": "516800000", "operatingIncome": "247900000", "sellingGeneralAndAdministrative": "134300000", "researchAndDevelopment": "None", "operatingExpenses": "217100000", "investmentIncomeNet": "None", "netInterestIncome": "-15100000", "interestIncome": "2000000", "interestExpense": "15100000", "nonInterestIncome": "None", "otherNonOperatingIncome": "15400000", "depreciation": "None", "depreciationAndAmortization": "63200000", "incomeBeforeTax": "248200000", "incomeTaxExpense": "74800000", "interestAndDebtExpense": "None", "netIncomeFromContinuingOperations": "173400000", "comprehensiveIncomeNetOfTax": "None", "ebit": "247900000", "ebitda": "311100000", "netIncome": "173400000"}, {"fiscalDateEnding": "2022-12-31", "reportedCurrency": "USD", "grossProfit": "457100000", "totalRevenue": "1004700000", "costOfRevenue": "547600000", "costofGoodsAndServicesSold": "547600000", "operatingIncome": "250500000", "sellingGeneralAndAdministrative": "148900000", "researchAndDevelopment": "None", "operatingExpenses": "204600000", "investmentIncomeNet": "None", "netInterestIncome": "-15700000", "interestIncome": "1400000", "interestExpense": "15700000", "nonInterestIncome": "None", "otherNonOperatingIncome": "1000000", "depreciation": "None", "depreciationAndAmortization": "47700000", "incomeBeforeTax": "235800000", "incomeTaxExpense": "76100000", "interestAndDebtExpense": "None", "netIncomeFromContinuingOperations": "159700000", "comprehensiveIncomeNetOfTax": "None", "ebit": "250500000", "ebitda": "298200000", "netIncome": "159700000"}, {"fiscalDateEnding": "2022-09-30", "reportedCurrency": "USD", "grossProfit": "442400000", "totalRevenue": "993500000", "costOfRevenue": "551100000", "costofGoodsAndServicesSold": "551100000", "operatingIncome": "236800000", "sellingGeneralAndAdministrative": "147600000", "researchAndDevelopment": "None", "operatingExpenses": "203200000", "investmentIncomeNet": "None", "netInterestIncome": "-15300000", "interestIncome": "800000", "interestExpense": "16100000", "nonInterestIncome": "None", "otherNonOperatingIncome": "7500000", "depreciation": "None", "depreciationAndAmortization": "51700000", "incomeBeforeTax": "229000000", "incomeTaxExpense": "78800000", "interestAndDebtExpense": "None", "netIncomeFromContinuingOperations": "150200000", "comprehensiveIncomeNetOfTax": "None", "ebit": "236800000", "ebitda": "288500000", "netIncome": "149600000"}, {"fiscalDateEnding": "2022-06-30", "reportedCurrency": "USD", "grossProfit": "424100000", "totalRevenue": "985800000", "costOfRevenue": "561700000", "costofGoodsAndServicesSold": "561700000", "operatingIncome": "232700000", "sellingGeneralAndAdministrative": "140500000", "researchAndDevelopment": "None", "operatingExpenses": "187100000", "investmentIncomeNet": "None", "netInterestIncome": "-14600000", "interestIncome": "500000", "interestExpense": "15100000", "nonInterestIncome": "None", "otherNonOperatingIncome": "-4800000", "depreciation": "None", "depreciationAndAmortization": "40200000", "incomeBeforeTax": "-256800000", "incomeTaxExpense": "-72300000", "interestAndDebtExpense": "None", "netIncomeFromContinuingOperations": "-184500000", "comprehensiveIncomeNetOfTax": "None", "ebit": "232700000", "ebitda": "272900000", "netIncome": "-184500000"}, {"fiscalDateEnding": "2022-03-31", "reportedCurrency": "USD", "grossProfit": "336900000", "totalRevenue": "974500000", "costOfRevenue": "637600000", "costofGoodsAndServicesSold": "637600000", "operatingIncome": "239700000", "sellingGeneralAndAdministrative": "48300000", "researchAndDevelopment": "None", "operatingExpenses": "95200000", "investmentIncomeNet": "None", "netInterestIncome": "-10800000", "interestIncome": "900000", "interestExpense": "11700000", "nonInterestIncome": "None", "otherNonOperatingIncome": "-4000000", "depreciation": "None", "depreciationAndAmortization": "39800000", "incomeBeforeTax": "224900000", "incomeTaxExpense": "115300000", "interestAndDebtExpense": "None", "netIncomeFromContinuingOperations": "109600000", "comprehensiveIncomeNetOfTax": "None", "ebit": "239700000", "ebitda": "279500000", "netIncome": "109200000"}, {"fiscalDateEnding": "2021-12-31", "reportedCurrency": "USD", "grossProfit": "316000000", "totalRevenue": "866400000", "costOfRevenue": "550400000", "costofGoodsAndServicesSold": "550400000", "operatingIncome": "220600000", "sellingGeneralAndAdministrative": "21700000", "researchAndDevelopment": "None", "operatingExpenses": "91700000", "investmentIncomeNet": "None", "netInterestIncome": "-11100000", "interestIncome": "400000", "interestExpense": "11100000", "nonInterestIncome": "None", "otherNonOperatingIncome": "700000", "depreciation": "None", "depreciationAndAmortization": "42000000", "incomeBeforeTax": "210200000", "incomeTaxExpense": "44300000", "interestAndDebtExpense": "None", "netIncomeFromContinuingOperations": "165900000", "comprehensiveIncomeNetOfTax": "None", "ebit": "225000000", "ebitda": "267000000", "netIncome": "165900000"}, {"fiscalDateEnding": "2021-09-30", "reportedCurrency": "USD", "grossProfit": "295500000", "totalRevenue": "816800000", "costOfRevenue": "521300000", "costofGoodsAndServicesSold": "521300000", "operatingIncome": "190700000", "sellingGeneralAndAdministrative": "43000000", "researchAndDevelopment": "None", "operatingExpenses": "98100000", "investmentIncomeNet": "None", "netInterestIncome": "-11700000", "interestIncome": "0", "interestExpense": "11700000", "nonInterestIncome": "None", "otherNonOperatingIncome": "-5200000", "depreciation": "None", "depreciationAndAmortization": "42800000", "incomeBeforeTax": "173800000", "incomeTaxExpense": "53400000", "interestAndDebtExpense": "None", "netIncomeFromContinuingOperations": "120400000", "comprehensiveIncomeNetOfTax": "None", "ebit": "192200000", "ebitda": "235000000", "netIncome": "120400000"}, {"fiscalDateEnding": "2021-06-30", "reportedCurrency": "USD", "grossProfit": "282900000", "totalRevenue": "800800000", "costOfRevenue": "517900000", "costofGoodsAndServicesSold": "517900000", "operatingIncome": "190000000", "sellingGeneralAndAdministrative": "40500000", "researchAndDevelopment": "None", "operatingExpenses": "91100000", "investmentIncomeNet": "None", "netInterestIncome": "-12300000", "interestIncome": "100000", "interestExpense": "12400000", "nonInterestIncome": "None", "otherNonOperatingIncome": "1500000", "depreciation": "None", "depreciationAndAmortization": "40600000", "incomeBeforeTax": "179200000", "incomeTaxExpense": "73700000", "interestAndDebtExpense": "None", "netIncomeFromContinuingOperations": "105500000", "comprehensiveIncomeNetOfTax": "None", "ebit": "193400000", "ebitda": "234000000", "netIncome": "105500000"}, {"fiscalDateEnding": "2021-03-31", "reportedCurrency": "USD", "grossProfit": "293200000", "totalRevenue": "1010800000", "costOfRevenue": "717600000", "costofGoodsAndServicesSold": "717600000", "operatingIncome": "204600000", "sellingGeneralAndAdministrative": "34400000", "researchAndDevelopment": "None", "operatingExpenses": "85200000", "investmentIncomeNet": "None", "netInterestIncome": "-12300000", "interestIncome": "100000", "interestExpense": "12400000", "nonInterestIncome": "None", "otherNonOperatingIncome": "600000", "depreciation": "None", "depreciationAndAmortization": "42000000", "incomeBeforeTax": "192900000", "incomeTaxExpense": "55700000", "interestAndDebtExpense": "None", "netIncomeFromContinuingOperations": "137200000", "comprehensiveIncomeNetOfTax": "None", "ebit": "208700000", "ebitda": "250700000", "netIncome": "137200000"}, {"fiscalDateEnding": "2020-12-31", "reportedCurrency": "USD", "grossProfit": "249600000", "totalRevenue": "844200000", "costOfRevenue": "594600000", "costofGoodsAndServicesSold": "594600000", "operatingIncome": "134800000", "sellingGeneralAndAdministrative": "17600000", "researchAndDevelopment": "None", "operatingExpenses": "86000000", "investmentIncomeNet": "None", "netInterestIncome": "-13500000", "interestIncome": "200000", "interestExpense": "13500000", "nonInterestIncome": "None", "otherNonOperatingIncome": "1600000", "depreciation": "None", "depreciationAndAmortization": "40500000", "incomeBeforeTax": "122900000", "incomeTaxExpense": "35600000", "interestAndDebtExpense": "None", "netIncomeFromContinuingOperations": "87300000", "comprehensiveIncomeNetOfTax": "None", "ebit": "165200000", "ebitda": "205700000", "netIncome": "87300000"}, {"fiscalDateEnding": "2020-09-30", "reportedCurrency": "USD", "grossProfit": "232800000", "totalRevenue": "792700000", "costOfRevenue": "559900000", "costofGoodsAndServicesSold": "559900000", "operatingIncome": "139300000", "sellingGeneralAndAdministrative": "32100000", "researchAndDevelopment": "None", "operatingExpenses": "87300000", "investmentIncomeNet": "None", "netInterestIncome": "-9500000", "interestIncome": "100000", "interestExpense": "9600000", "nonInterestIncome": "None", "otherNonOperatingIncome": "33600000", "depreciation": "None", "depreciationAndAmortization": "39500000", "incomeBeforeTax": "163400000", "incomeTaxExpense": "53500000", "interestAndDebtExpense": "None", "netIncomeFromContinuingOperations": "109900000", "comprehensiveIncomeNetOfTax": "None", "ebit": "179200000", "ebitda": "218700000", "netIncome": "109900000"}, {"fiscalDateEnding": "2020-06-30", "reportedCurrency": "USD", "grossProfit": "242000000", "totalRevenue": "868700000", "costOfRevenue": "626700000", "costofGoodsAndServicesSold": "626700000", "operatingIncome": "161700000", "sellingGeneralAndAdministrative": "25700000", "researchAndDevelopment": "None", "operatingExpenses": "70900000", "investmentIncomeNet": "None", "netInterestIncome": "-7300000", "interestIncome": "100000", "interestExpense": "7000000", "nonInterestIncome": "None", "otherNonOperatingIncome": "2200000", "depreciation": "None", "depreciationAndAmortization": "38000000", "incomeBeforeTax": "156600000", "incomeTaxExpense": "43000000", "interestAndDebtExpense": "None", "netIncomeFromContinuingOperations": "113600000", "comprehensiveIncomeNetOfTax": "None", "ebit": "173000000", "ebitda": "211000000", "netIncome": "113600000"}, {"fiscalDateEnding": "2020-03-31", "reportedCurrency": "USD", "grossProfit": "305000000", "totalRevenue": "921500000", "costOfRevenue": "616500000", "costofGoodsAndServicesSold": "616500000", "operatingIncome": "226400000", "sellingGeneralAndAdministrative": "28900000", "researchAndDevelopment": "None", "operatingExpenses": "77800000", "investmentIncomeNet": "None", "netInterestIncome": "-7300000", "interestIncome": "700000", "interestExpense": "7600000", "nonInterestIncome": "None", "otherNonOperatingIncome": "-1600000", "depreciation": "None", "depreciationAndAmortization": "40500000", "incomeBeforeTax": "217500000", "incomeTaxExpense": "60100000", "interestAndDebtExpense": "None", "netIncomeFromContinuingOperations": "157400000", "comprehensiveIncomeNetOfTax": "None", "ebit": "225900000", "ebitda": "266400000", "netIncome": "157400000"}, {"fiscalDateEnding": "2019-12-31", "reportedCurrency": "USD", "grossProfit": "231300000", "totalRevenue": "598600000", "costOfRevenue": "367300000", "costofGoodsAndServicesSold": "367300000", "operatingIncome": "119200000", "sellingGeneralAndAdministrative": "15400000", "researchAndDevelopment": "None", "operatingExpenses": "103400000", "investmentIncomeNet": "None", "netInterestIncome": "-7800000", "interestIncome": "300000", "interestExpense": "7800000", "nonInterestIncome": "None", "otherNonOperatingIncome": "2800000", "depreciation": "None", "depreciationAndAmortization": "42800000", "incomeBeforeTax": "114200000", "incomeTaxExpense": "27900000", "interestAndDebtExpense": "None", "netIncomeFromContinuingOperations": "85200000", "comprehensiveIncomeNetOfTax": "None", "ebit": "130700000", "ebitda": "173500000", "netIncome": "86300000"}, {"fiscalDateEnding": "2019-09-30", "reportedCurrency": "USD", "grossProfit": "244300000", "totalRevenue": "675400000", "costOfRevenue": "431100000", "costofGoodsAndServicesSold": "431100000", "operatingIncome": "147400000", "sellingGeneralAndAdministrative": "30800000", "researchAndDevelopment": "None", "operatingExpenses": "80200000", "investmentIncomeNet": "None", "netInterestIncome": "-8200000", "interestIncome": "600000", "interestExpense": "8500000", "nonInterestIncome": "None", "otherNonOperatingIncome": "1700000", "depreciation": "None", "depreciationAndAmortization": "42900000", "incomeBeforeTax": "140900000", "incomeTaxExpense": "35000000", "interestAndDebtExpense": "None", "netIncomeFromContinuingOperations": "105900000", "comprehensiveIncomeNetOfTax": "None", "ebit": "166100000", "ebitda": "209000000", "netIncome": "106000000"}, {"fiscalDateEnding": "2019-06-30", "reportedCurrency": "USD", "grossProfit": "231000000", "totalRevenue": "620600000", "costOfRevenue": "389600000", "costofGoodsAndServicesSold": "389600000", "operatingIncome": "125200000", "sellingGeneralAndAdministrative": "34000000", "researchAndDevelopment": "None", "operatingExpenses": "85000000", "investmentIncomeNet": "None", "netInterestIncome": "-10000000", "interestIncome": "500000", "interestExpense": "10000000", "nonInterestIncome": "None", "otherNonOperatingIncome": "4400000", "depreciation": "None", "depreciationAndAmortization": "43700000", "incomeBeforeTax": "119600000", "incomeTaxExpense": "35100000", "interestAndDebtExpense": "None", "netIncomeFromContinuingOperations": "84500000", "comprehensiveIncomeNetOfTax": "None", "ebit": "150400000", "ebitda": "194100000", "netIncome": "88300000"}, {"fiscalDateEnding": "2019-03-31", "reportedCurrency": "USD", "grossProfit": "232400000", "totalRevenue": "602600000", "costOfRevenue": "370200000", "costofGoodsAndServicesSold": "370200000", "operatingIncome": "146500000", "sellingGeneralAndAdministrative": "30700000", "researchAndDevelopment": "None", "operatingExpenses": "83600000", "investmentIncomeNet": "None", "netInterestIncome": "-9900000", "interestIncome": "500000", "interestExpense": "10000000", "nonInterestIncome": "None", "otherNonOperatingIncome": "-8800000", "depreciation": "None", "depreciationAndAmortization": "47200000", "incomeBeforeTax": "127800000", "incomeTaxExpense": "32600000", "interestAndDebtExpense": "None", "netIncomeFromContinuingOperations": "95200000", "comprehensiveIncomeNetOfTax": "None", "ebit": "140100000", "ebitda": "187300000", "netIncome": "95400000"}, {"fiscalDateEnding": "2018-12-31", "reportedCurrency": "USD", "grossProfit": "273600000", "totalRevenue": "747700000", "costOfRevenue": "474100000", "costofGoodsAndServicesSold": "474100000", "operatingIncome": "176400000", "sellingGeneralAndAdministrative": "16400000", "researchAndDevelopment": "0", "operatingExpenses": "90400000", "investmentIncomeNet": "None", "netInterestIncome": "None", "interestIncome": "None", "interestExpense": "9700000", "nonInterestIncome": "None", "otherNonOperatingIncome": "8900000", "depreciation": "None", "depreciationAndAmortization": "49100000", "incomeBeforeTax": "175600000", "incomeTaxExpense": "37300000", "interestAndDebtExpense": "None", "netIncomeFromContinuingOperations": "138400000", "comprehensiveIncomeNetOfTax": "None", "ebit": "192100000", "ebitda": "241200000", "netIncome": "138700000"}, {"fiscalDateEnding": "2018-09-30", "reportedCurrency": "USD", "grossProfit": "218700000", "totalRevenue": "575900000", "costOfRevenue": "357200000", "costofGoodsAndServicesSold": "357200000", "operatingIncome": "126100000", "sellingGeneralAndAdministrative": "16600000", "researchAndDevelopment": "0", "operatingExpenses": "86700000", "investmentIncomeNet": "None", "netInterestIncome": "None", "interestIncome": "None", "interestExpense": "9600000", "nonInterestIncome": "None", "otherNonOperatingIncome": "-200000", "depreciation": "None", "depreciationAndAmortization": "50300000", "incomeBeforeTax": "116300000", "incomeTaxExpense": "30600000", "interestAndDebtExpense": "None", "netIncomeFromContinuingOperations": "85700000", "comprehensiveIncomeNetOfTax": "None", "ebit": "131800000", "ebitda": "182100000", "netIncome": "86000000"}, {"fiscalDateEnding": "2018-06-30", "reportedCurrency": "USD", "grossProfit": "226100000", "totalRevenue": "667500000", "costOfRevenue": "441400000", "costofGoodsAndServicesSold": "441400000", "operatingIncome": "129100000", "sellingGeneralAndAdministrative": "32600000", "researchAndDevelopment": "0", "operatingExpenses": "88400000", "investmentIncomeNet": "None", "netInterestIncome": "None", "interestIncome": "None", "interestExpense": "9700000", "nonInterestIncome": "None", "otherNonOperatingIncome": "None", "depreciation": "None", "depreciationAndAmortization": "50400000", "incomeBeforeTax": "119800000", "incomeTaxExpense": "36800000", "interestAndDebtExpense": "None", "netIncomeFromContinuingOperations": "83000000", "comprehensiveIncomeNetOfTax": "None", "ebit": "138100000", "ebitda": "188500000", "netIncome": "83300000"}, {"fiscalDateEnding": "2018-03-31", "reportedCurrency": "USD", "grossProfit": "269600000", "totalRevenue": "777700000", "costOfRevenue": "508100000", "costofGoodsAndServicesSold": "508100000", "operatingIncome": "167700000", "sellingGeneralAndAdministrative": "18000000", "researchAndDevelopment": "0", "operatingExpenses": "93100000", "investmentIncomeNet": "None", "netInterestIncome": "None", "interestIncome": "None", "interestExpense": "9600000", "nonInterestIncome": "None", "otherNonOperatingIncome": "1300000", "depreciation": "None", "depreciationAndAmortization": "54200000", "incomeBeforeTax": "159400000", "incomeTaxExpense": "41300000", "interestAndDebtExpense": "None", "netIncomeFromContinuingOperations": "118100000", "comprehensiveIncomeNetOfTax": "None", "ebit": "177800000", "ebitda": "232000000", "netIncome": "118400000"}, {"fiscalDateEnding": "2017-12-31", "reportedCurrency": "USD", "grossProfit": "212400000", "totalRevenue": "620700000", "costOfRevenue": "408300000", "costofGoodsAndServicesSold": "408300000", "operatingIncome": "108700000", "sellingGeneralAndAdministrative": "17100000", "researchAndDevelopment": "0", "operatingExpenses": "94700000", "investmentIncomeNet": "None", "netInterestIncome": "None", "interestIncome": "None", "interestExpense": "10400000", "nonInterestIncome": "None", "otherNonOperatingIncome": "5800000", "depreciation": "None", "depreciationAndAmortization": "55900000", "incomeBeforeTax": "104100000", "incomeTaxExpense": "-153000000", "interestAndDebtExpense": "None", "netIncomeFromContinuingOperations": "257100000", "comprehensiveIncomeNetOfTax": "None", "ebit": "123500000", "ebitda": "179400000", "netIncome": "257400000"}, {"fiscalDateEnding": "2017-09-30", "reportedCurrency": "USD", "grossProfit": "219300000", "totalRevenue": "611400000", "costOfRevenue": "392100000", "costofGoodsAndServicesSold": "392100000", "operatingIncome": "119300000", "sellingGeneralAndAdministrative": "33500000", "researchAndDevelopment": "0", "operatingExpenses": "94100000", "investmentIncomeNet": "None", "netInterestIncome": "None", "interestIncome": "None", "interestExpense": "10800000", "nonInterestIncome": "None", "otherNonOperatingIncome": "-2900000", "depreciation": "None", "depreciationAndAmortization": "55400000", "incomeBeforeTax": "105900000", "incomeTaxExpense": "45600000", "interestAndDebtExpense": "None", "netIncomeFromContinuingOperations": "60300000", "comprehensiveIncomeNetOfTax": "None", "ebit": "122600000", "ebitda": "178000000", "netIncome": "60500000"}, {"fiscalDateEnding": "2017-06-30", "reportedCurrency": "USD", "grossProfit": "216900000", "totalRevenue": "640800000", "costOfRevenue": "423900000", "costofGoodsAndServicesSold": "423900000", "operatingIncome": "117800000", "sellingGeneralAndAdministrative": "33100000", "researchAndDevelopment": "0", "operatingExpenses": "93900000", "investmentIncomeNet": "None", "netInterestIncome": "None", "interestIncome": "None", "interestExpense": "11100000", "nonInterestIncome": "None", "otherNonOperatingIncome": "800000", "depreciation": "None", "depreciationAndAmortization": "55800000", "incomeBeforeTax": "106100000", "incomeTaxExpense": "38100000", "interestAndDebtExpense": "None", "netIncomeFromContinuingOperations": "68000000", "comprehensiveIncomeNetOfTax": "None", "ebit": "122400000", "ebitda": "178200000", "netIncome": "68300000"}, {"fiscalDateEnding": "2017-03-31", "reportedCurrency": "USD", "grossProfit": "145600000", "totalRevenue": "356200000", "costOfRevenue": "210600000", "costofGoodsAndServicesSold": "210600000", "operatingIncome": "26100000", "sellingGeneralAndAdministrative": "14400000", "researchAndDevelopment": "0", "operatingExpenses": "54100000", "investmentIncomeNet": "None", "netInterestIncome": "None", "interestIncome": "None", "interestExpense": "7900000", "nonInterestIncome": "None", "otherNonOperatingIncome": "100000", "depreciation": "None", "depreciationAndAmortization": "25100000", "incomeBeforeTax": "18300000", "incomeTaxExpense": "3100000", "interestAndDebtExpense": "None", "netIncomeFromContinuingOperations": "15200000", "comprehensiveIncomeNetOfTax": "None", "ebit": "156900000", "ebitda": "182000000", "netIncome": "15500000"}, {"fiscalDateEnding": "2016-12-31", "reportedCurrency": "USD", "grossProfit": "113966000", "totalRevenue": "163241000", "costOfRevenue": "49275000", "costofGoodsAndServicesSold": "49275000", "operatingIncome": "75102000", "sellingGeneralAndAdministrative": "16946000", "researchAndDevelopment": "0", "operatingExpenses": "38864000", "investmentIncomeNet": "None", "netInterestIncome": "None", "interestIncome": "None", "interestExpense": "5515000", "nonInterestIncome": "None", "otherNonOperatingIncome": "-115000", "depreciation": "None", "depreciationAndAmortization": "10087000", "incomeBeforeTax": "74986000", "incomeTaxExpense": "29825000", "interestAndDebtExpense": "None", "netIncomeFromContinuingOperations": "45162000", "comprehensiveIncomeNetOfTax": "None", "ebit": "75102000", "ebitda": "85189000", "netIncome": "45469000"}, {"fiscalDateEnding": "2016-09-30", "reportedCurrency": "USD", "grossProfit": "108464000", "totalRevenue": "156207000", "costOfRevenue": "47743000", "costofGoodsAndServicesSold": "47743000", "operatingIncome": "65650000", "sellingGeneralAndAdministrative": "21381000", "researchAndDevelopment": "0", "operatingExpenses": "42814000", "investmentIncomeNet": "None", "netInterestIncome": "None", "interestIncome": "None", "interestExpense": "177000", "nonInterestIncome": "None", "otherNonOperatingIncome": "1686000", "depreciation": "None", "depreciationAndAmortization": "10217000", "incomeBeforeTax": "67336000", "incomeTaxExpense": "26885000", "interestAndDebtExpense": "None", "netIncomeFromContinuingOperations": "40451000", "comprehensiveIncomeNetOfTax": "None", "ebit": "65650000", "ebitda": "75867000", "netIncome": "40721000"}, {"fiscalDateEnding": "2016-06-30", "reportedCurrency": "USD", "grossProfit": "115463000", "totalRevenue": "163329000", "costOfRevenue": "47866000", "costofGoodsAndServicesSold": "47866000", "operatingIncome": "77967000", "sellingGeneralAndAdministrative": "14745000", "researchAndDevelopment": "0", "operatingExpenses": "37496000", "investmentIncomeNet": "None", "netInterestIncome": "None", "interestIncome": "None", "interestExpense": "28000", "nonInterestIncome": "None", "otherNonOperatingIncome": "5847000", "depreciation": "None", "depreciationAndAmortization": "12279000", "incomeBeforeTax": "83814000", "incomeTaxExpense": "32883000", "interestAndDebtExpense": "None", "netIncomeFromContinuingOperations": "50931000", "comprehensiveIncomeNetOfTax": "None", "ebit": "77967000", "ebitda": "90246000", "netIncome": "51230000"}, {"fiscalDateEnding": "2016-03-31", "reportedCurrency": "USD", "grossProfit": "116110000", "totalRevenue": "162330000", "costOfRevenue": "46220000", "costofGoodsAndServicesSold": "46220000", "operatingIncome": "79481000", "sellingGeneralAndAdministrative": "13631000", "researchAndDevelopment": "0", "operatingExpenses": "36629000", "investmentIncomeNet": "None", "netInterestIncome": "None", "interestIncome": "None", "interestExpense": "27000", "nonInterestIncome": "None", "otherNonOperatingIncome": "986000", "depreciation": "None", "depreciationAndAmortization": "11872000", "incomeBeforeTax": "80467000", "incomeTaxExpense": "31291000", "interestAndDebtExpense": "None", "netIncomeFromContinuingOperations": "49176000", "comprehensiveIncomeNetOfTax": "None", "ebit": "79481000", "ebitda": "91353000", "netIncome": "49400000"}, {"fiscalDateEnding": "2015-12-31", "reportedCurrency": "USD", "grossProfit": "111348000", "totalRevenue": "155946000", "costOfRevenue": "44598000", "costofGoodsAndServicesSold": "44598000", "operatingIncome": "75894000", "sellingGeneralAndAdministrative": "12897000", "researchAndDevelopment": "0", "operatingExpenses": "35454000", "investmentIncomeNet": "None", "netInterestIncome": "None", "interestIncome": "None", "interestExpense": "27000", "nonInterestIncome": "None", "otherNonOperatingIncome": "3770000", "depreciation": "None", "depreciationAndAmortization": "12225000", "incomeBeforeTax": "79664000", "incomeTaxExpense": "29262000", "interestAndDebtExpense": "None", "netIncomeFromContinuingOperations": "50403000", "comprehensiveIncomeNetOfTax": "None", "ebit": "75894000", "ebitda": "88119000", "netIncome": "50402000"}, {"fiscalDateEnding": "2015-09-30", "reportedCurrency": "USD", "grossProfit": "135612000", "totalRevenue": "187035000", "costOfRevenue": "51423000", "costofGoodsAndServicesSold": "51423000", "operatingIncome": "101110000", "sellingGeneralAndAdministrative": "12619000", "researchAndDevelopment": "0", "operatingExpenses": "34502000", "investmentIncomeNet": "None", "netInterestIncome": "None", "interestIncome": "None", "interestExpense": "16000", "nonInterestIncome": "None", "otherNonOperatingIncome": "341000", "depreciation": "None", "depreciationAndAmortization": "12417000", "incomeBeforeTax": "101451000", "incomeTaxExpense": "33935000", "interestAndDebtExpense": "None", "netIncomeFromContinuingOperations": "67516000", "comprehensiveIncomeNetOfTax": "None", "ebit": "101110000", "ebitda": "113527000", "netIncome": "67516000"}, {"fiscalDateEnding": "2015-06-30", "reportedCurrency": "USD", "grossProfit": "107834000", "totalRevenue": "148725000", "costOfRevenue": "40891000", "costofGoodsAndServicesSold": "40891000", "operatingIncome": "73370000", "sellingGeneralAndAdministrative": "12594000", "researchAndDevelopment": "0", "operatingExpenses": "34464000", "investmentIncomeNet": "None", "netInterestIncome": "None", "interestIncome": "None", "interestExpense": "0", "nonInterestIncome": "None", "otherNonOperatingIncome": "261000", "depreciation": "None", "depreciationAndAmortization": "11300000", "incomeBeforeTax": "73631000", "incomeTaxExpense": "28786000", "interestAndDebtExpense": "None", "netIncomeFromContinuingOperations": "44845000", "comprehensiveIncomeNetOfTax": "None", "ebit": "73109000", "ebitda": "84409000", "netIncome": "44845000"}, {"fiscalDateEnding": "2015-03-31", "reportedCurrency": "USD", "grossProfit": "103250000", "totalRevenue": "142839000", "costOfRevenue": "39589000", "costofGoodsAndServicesSold": "39589000", "operatingIncome": "69553000", "sellingGeneralAndAdministrative": "11950000", "researchAndDevelopment": "0", "operatingExpenses": "33697000", "investmentIncomeNet": "None", "netInterestIncome": "None", "interestIncome": "None", "interestExpense": "0", "nonInterestIncome": "None", "otherNonOperatingIncome": "-276000", "depreciation": "None", "depreciationAndAmortization": "10413000", "incomeBeforeTax": "69277000", "incomeTaxExpense": "27018000", "interestAndDebtExpense": "None", "netIncomeFromContinuingOperations": "42259000", "comprehensiveIncomeNetOfTax": "None", "ebit": "69829000", "ebitda": "80242000", "netIncome": "42259000"}, {"fiscalDateEnding": "2014-12-31", "reportedCurrency": "USD", "grossProfit": "147221000", "totalRevenue": "166487000", "costOfRevenue": "19266000", "costofGoodsAndServicesSold": "19266000", "operatingIncome": "86962000", "sellingGeneralAndAdministrative": "29356000", "researchAndDevelopment": "0", "operatingExpenses": "60259000", "investmentIncomeNet": "None", "netInterestIncome": "None", "interestIncome": "None", "interestExpense": "5700000", "nonInterestIncome": "None", "otherNonOperatingIncome": "-3017000", "depreciation": "None", "depreciationAndAmortization": "11080000", "incomeBeforeTax": "83945000", "incomeTaxExpense": "34603000", "interestAndDebtExpense": "None", "netIncomeFromContinuingOperations": "49343000", "comprehensiveIncomeNetOfTax": "None", "ebit": "89979000", "ebitda": "101059000", "netIncome": "49342000"}, {"fiscalDateEnding": "2014-09-30", "reportedCurrency": "USD", "grossProfit": "132675000", "totalRevenue": "148910000", "costOfRevenue": "16235000", "costofGoodsAndServicesSold": "16235000", "operatingIncome": "75084000", "sellingGeneralAndAdministrative": "28698000", "researchAndDevelopment": "0", "operatingExpenses": "57591000", "investmentIncomeNet": "None", "netInterestIncome": "None", "interestIncome": "None", "interestExpense": "0", "nonInterestIncome": "None", "otherNonOperatingIncome": "-271000", "depreciation": "None", "depreciationAndAmortization": "10372000", "incomeBeforeTax": "74813000", "incomeTaxExpense": "26447000", "interestAndDebtExpense": "None", "netIncomeFromContinuingOperations": "48366000", "comprehensiveIncomeNetOfTax": "None", "ebit": "75355000", "ebitda": "85727000", "netIncome": "48366000"}, {"fiscalDateEnding": "2014-06-30", "reportedCurrency": "USD", "grossProfit": "129235000", "totalRevenue": "143942000", "costOfRevenue": "14707000", "costofGoodsAndServicesSold": "14707000", "operatingIncome": "69716000", "sellingGeneralAndAdministrative": "30306000", "researchAndDevelopment": "0", "operatingExpenses": "59519000", "investmentIncomeNet": "None", "netInterestIncome": "None", "interestIncome": "None", "interestExpense": "0", "nonInterestIncome": "None", "otherNonOperatingIncome": "-321000", "depreciation": "None", "depreciationAndAmortization": "9926000", "incomeBeforeTax": "69395000", "incomeTaxExpense": "26414000", "interestAndDebtExpense": "None", "netIncomeFromContinuingOperations": "42981000", "comprehensiveIncomeNetOfTax": "None", "ebit": "70037000", "ebitda": "79963000", "netIncome": "42981000"}, {"fiscalDateEnding": "2014-03-31", "reportedCurrency": "USD", "grossProfit": "141983000", "totalRevenue": "157885000", "costOfRevenue": "15902000", "costofGoodsAndServicesSold": "15902000", "operatingIncome": "82038000", "sellingGeneralAndAdministrative": "33374000", "researchAndDevelopment": "0", "operatingExpenses": "59945000", "investmentIncomeNet": "None", "netInterestIncome": "None", "interestIncome": "None", "interestExpense": "0", "nonInterestIncome": "None", "otherNonOperatingIncome": "-495000", "depreciation": "None", "depreciationAndAmortization": "8622000", "incomeBeforeTax": "81543000", "incomeTaxExpense": "32519000", "interestAndDebtExpense": "None", "netIncomeFromContinuingOperations": "49024000", "comprehensiveIncomeNetOfTax": "None", "ebit": "82533000", "ebitda": "91155000", "netIncome": "49024000"}, {"fiscalDateEnding": "2013-12-31", "reportedCurrency": "USD", "grossProfit": "126787000", "totalRevenue": "141830000", "costOfRevenue": "15043000", "costofGoodsAndServicesSold": "15043000", "operatingIncome": "72599000", "sellingGeneralAndAdministrative": "28059000", "researchAndDevelopment": "0", "operatingExpenses": "54188000", "investmentIncomeNet": "None", "netInterestIncome": "None", "interestIncome": "None", "interestExpense": "0", "nonInterestIncome": "None", "otherNonOperatingIncome": "-447000", "depreciation": "None", "depreciationAndAmortization": "9136000", "incomeBeforeTax": "72153000", "incomeTaxExpense": "26043000", "interestAndDebtExpense": "None", "netIncomeFromContinuingOperations": "46109000", "comprehensiveIncomeNetOfTax": "None", "ebit": "73045000", "ebitda": "82181000", "netIncome": "46110000"}, {"fiscalDateEnding": "2013-09-30", "reportedCurrency": "USD", "grossProfit": "122899000", "totalRevenue": "136743000", "costOfRevenue": "13844000", "costofGoodsAndServicesSold": "13844000", "operatingIncome": "68427000", "sellingGeneralAndAdministrative": "27951000", "researchAndDevelopment": "0", "operatingExpenses": "54472000", "investmentIncomeNet": "None", "netInterestIncome": "None", "interestIncome": "None", "interestExpense": "0", "nonInterestIncome": "None", "otherNonOperatingIncome": "-517000", "depreciation": "None", "depreciationAndAmortization": "8504000", "incomeBeforeTax": "67910000", "incomeTaxExpense": "26554000", "interestAndDebtExpense": "None", "netIncomeFromContinuingOperations": "41356000", "comprehensiveIncomeNetOfTax": "None", "ebit": "68944000", "ebitda": "77448000", "netIncome": "41356000"}, {"fiscalDateEnding": "2013-06-30", "reportedCurrency": "USD", "grossProfit": "136254000", "totalRevenue": "150772000", "costOfRevenue": "14518000", "costofGoodsAndServicesSold": "14518000", "operatingIncome": "75358000", "sellingGeneralAndAdministrative": "31237000", "researchAndDevelopment": "0", "operatingExpenses": "60896000", "investmentIncomeNet": "None", "netInterestIncome": "None", "interestIncome": "None", "interestExpense": "0", "nonInterestIncome": "None", "otherNonOperatingIncome": "-473000", "depreciation": "None", "depreciationAndAmortization": "8651000", "incomeBeforeTax": "74885000", "incomeTaxExpense": "28724000", "interestAndDebtExpense": "None", "netIncomeFromContinuingOperations": "46161000", "comprehensiveIncomeNetOfTax": "None", "ebit": "75831000", "ebitda": "84482000", "netIncome": "46161000"}, {"fiscalDateEnding": "2013-03-31", "reportedCurrency": "USD", "grossProfit": "129536000", "totalRevenue": "142705000", "costOfRevenue": "13169000", "costofGoodsAndServicesSold": "13169000", "operatingIncome": "69430000", "sellingGeneralAndAdministrative": "30837000", "researchAndDevelopment": "0", "operatingExpenses": "60106000", "investmentIncomeNet": "None", "netInterestIncome": "None", "interestIncome": "None", "interestExpense": "0", "nonInterestIncome": "None", "otherNonOperatingIncome": "-721000", "depreciation": "None", "depreciationAndAmortization": "8311000", "incomeBeforeTax": "68709000", "incomeTaxExpense": "26336000", "interestAndDebtExpense": "None", "netIncomeFromContinuingOperations": "42373000", "comprehensiveIncomeNetOfTax": "None", "ebit": "70151000", "ebitda": "78462000", "netIncome": "42373000"}, {"fiscalDateEnding": "2012-12-31", "reportedCurrency": "USD", "grossProfit": "118438000", "totalRevenue": "130077000", "costOfRevenue": "11639000", "costofGoodsAndServicesSold": "11639000", "operatingIncome": "59752000", "sellingGeneralAndAdministrative": "26440000", "researchAndDevelopment": "0", "operatingExpenses": "58686000", "investmentIncomeNet": "None", "netInterestIncome": "None", "interestIncome": "None", "interestExpense": "0", "nonInterestIncome": "None", "otherNonOperatingIncome": "-355000", "depreciation": "None", "depreciationAndAmortization": "6233000", "incomeBeforeTax": "59399000", "incomeTaxExpense": "19674000", "interestAndDebtExpense": "None", "netIncomeFromContinuingOperations": "39724000", "comprehensiveIncomeNetOfTax": "None", "ebit": "59752000", "ebitda": "65985000", "netIncome": "39725000"}, {"fiscalDateEnding": "2012-09-30", "reportedCurrency": "USD", "grossProfit": "128319000", "totalRevenue": "128319000", "costOfRevenue": "58825000", "costofGoodsAndServicesSold": "58825000", "operatingIncome": "60861000", "sellingGeneralAndAdministrative": "57854000", "researchAndDevelopment": "0", "operatingExpenses": "67458000", "investmentIncomeNet": "None", "netInterestIncome": "None", "interestIncome": "None", "interestExpense": "0", "nonInterestIncome": "None", "otherNonOperatingIncome": "-327000", "depreciation": "None", "depreciationAndAmortization": "8656000", "incomeBeforeTax": "60534000", "incomeTaxExpense": "14776000", "interestAndDebtExpense": "None", "netIncomeFromContinuingOperations": "45758000", "comprehensiveIncomeNetOfTax": "None", "ebit": "60493000", "ebitda": "69149000", "netIncome": "45758000"}, {"fiscalDateEnding": "2012-06-30", "reportedCurrency": "USD", "grossProfit": "132549000", "totalRevenue": "132549000", "costOfRevenue": "58159000", "costofGoodsAndServicesSold": "58159000", "operatingIncome": "66069000", "sellingGeneralAndAdministrative": "57198000", "researchAndDevelopment": "0", "operatingExpenses": "66480000", "investmentIncomeNet": "None", "netInterestIncome": "None", "interestIncome": "None", "interestExpense": "0", "nonInterestIncome": "None", "otherNonOperatingIncome": "-411000", "depreciation": "None", "depreciationAndAmortization": "8342000", "incomeBeforeTax": "65658000", "incomeTaxExpense": "27162000", "interestAndDebtExpense": "None", "netIncomeFromContinuingOperations": "38496000", "comprehensiveIncomeNetOfTax": "None", "ebit": "65658000", "ebitda": "74000000", "netIncome": "38496000"}, {"fiscalDateEnding": "2012-03-31", "reportedCurrency": "USD", "grossProfit": "121392000", "totalRevenue": "121392000", "costOfRevenue": "55657000", "costofGoodsAndServicesSold": "55657000", "operatingIncome": "57415000", "sellingGeneralAndAdministrative": "54669000", "researchAndDevelopment": "0", "operatingExpenses": "63977000", "investmentIncomeNet": "None", "netInterestIncome": "None", "interestIncome": "None", "interestExpense": "0", "nonInterestIncome": "None", "otherNonOperatingIncome": "-453000", "depreciation": "None", "depreciationAndAmortization": "8342000", "incomeBeforeTax": "56962000", "incomeTaxExpense": "23545000", "interestAndDebtExpense": "None", "netIncomeFromContinuingOperations": "33417000", "comprehensiveIncomeNetOfTax": "None", "ebit": "56962000", "ebitda": "65304000", "netIncome": "33417000"}, {"fiscalDateEnding": "2011-12-31", "reportedCurrency": "USD", "grossProfit": "120209000", "totalRevenue": "120209000", "costOfRevenue": "60022000", "costofGoodsAndServicesSold": "60022000", "operatingIncome": "52681000", "sellingGeneralAndAdministrative": "58745000", "researchAndDevelopment": "0", "operatingExpenses": "67528000", "investmentIncomeNet": "None", "netInterestIncome": "None", "interestIncome": "None", "interestExpense": "206000", "nonInterestIncome": "None", "otherNonOperatingIncome": "None", "depreciation": "None", "depreciationAndAmortization": "7529000", "incomeBeforeTax": "52337000", "incomeTaxExpense": "20530000", "interestAndDebtExpense": "None", "netIncomeFromContinuingOperations": "0", "comprehensiveIncomeNetOfTax": "None", "ebit": "52520000", "ebitda": "60049000", "netIncome": "31807000"}, {"fiscalDateEnding": "2011-09-30", "reportedCurrency": "USD", "grossProfit": "143604000", "totalRevenue": "143604000", "costOfRevenue": "59743000", "costofGoodsAndServicesSold": "59743000", "operatingIncome": "74966000", "sellingGeneralAndAdministrative": "58141000", "researchAndDevelopment": "0", "operatingExpenses": "68638000", "investmentIncomeNet": "None", "netInterestIncome": "None", "interestIncome": "None", "interestExpense": "226000", "nonInterestIncome": "None", "otherNonOperatingIncome": "-401000", "depreciation": "None", "depreciationAndAmortization": "8918000", "incomeBeforeTax": "74565000", "incomeTaxExpense": "33238000", "interestAndDebtExpense": "None", "netIncomeFromContinuingOperations": "41327000", "comprehensiveIncomeNetOfTax": "None", "ebit": "74776000", "ebitda": "83694000", "netIncome": "41327000"}, {"fiscalDateEnding": "2011-06-30", "reportedCurrency": "USD", "grossProfit": "120290000", "totalRevenue": "120290000", "costOfRevenue": "54842000", "costofGoodsAndServicesSold": "54842000", "operatingIncome": "56452000", "sellingGeneralAndAdministrative": "53255000", "researchAndDevelopment": "0", "operatingExpenses": "63838000", "investmentIncomeNet": "None", "netInterestIncome": "None", "interestIncome": "None", "interestExpense": "223000", "nonInterestIncome": "None", "otherNonOperatingIncome": "-162000", "depreciation": "None", "depreciationAndAmortization": "9019000", "incomeBeforeTax": "56290000", "incomeTaxExpense": "22889000", "interestAndDebtExpense": "None", "netIncomeFromContinuingOperations": "33401000", "comprehensiveIncomeNetOfTax": "None", "ebit": "56452000", "ebitda": "65471000", "netIncome": "33401000"}, {"fiscalDateEnding": "2011-03-31", "reportedCurrency": "USD", "grossProfit": "124042000", "totalRevenue": "124042000", "costOfRevenue": "57811000", "costofGoodsAndServicesSold": "57811000", "operatingIncome": "57535000", "sellingGeneralAndAdministrative": "56825000", "researchAndDevelopment": "0", "operatingExpenses": "66507000", "investmentIncomeNet": "None", "netInterestIncome": "None", "interestIncome": "None", "interestExpense": "225000", "nonInterestIncome": "None", "otherNonOperatingIncome": "None", "depreciation": "None", "depreciationAndAmortization": "8718000", "incomeBeforeTax": "56892000", "incomeTaxExpense": "24021000", "interestAndDebtExpense": "None", "netIncomeFromContinuingOperations": "0", "comprehensiveIncomeNetOfTax": "None", "ebit": "57075000", "ebitda": "65793000", "netIncome": "32871000"}, {"fiscalDateEnding": "2010-12-31", "reportedCurrency": "USD", "grossProfit": "117391000", "totalRevenue": "117391000", "costOfRevenue": "57347000", "costofGoodsAndServicesSold": "57347000", "operatingIncome": "51854000", "sellingGeneralAndAdministrative": "56280000", "researchAndDevelopment": "0", "operatingExpenses": "65537000", "investmentIncomeNet": "None", "netInterestIncome": "None", "interestIncome": "None", "interestExpense": "225000", "nonInterestIncome": "None", "otherNonOperatingIncome": "None", "depreciation": "None", "depreciationAndAmortization": "8207000", "incomeBeforeTax": "49956000", "incomeTaxExpense": "18579000", "interestAndDebtExpense": "None", "netIncomeFromContinuingOperations": "0", "comprehensiveIncomeNetOfTax": "None", "ebit": "50099000", "ebitda": "58306000", "netIncome": "31377000"}, {"fiscalDateEnding": "2010-09-30", "reportedCurrency": "USD", "grossProfit": "106015000", "totalRevenue": "106015000", "costOfRevenue": "63983000", "costofGoodsAndServicesSold": "63983000", "operatingIncome": "34933000", "sellingGeneralAndAdministrative": "63202000", "researchAndDevelopment": "0", "operatingExpenses": "71082000", "investmentIncomeNet": "None", "netInterestIncome": "None", "interestIncome": "None", "interestExpense": "225000", "nonInterestIncome": "None", "otherNonOperatingIncome": "None", "depreciation": "None", "depreciationAndAmortization": "7117000", "incomeBeforeTax": "34698000", "incomeTaxExpense": "14244000", "interestAndDebtExpense": "None", "netIncomeFromContinuingOperations": "0", "comprehensiveIncomeNetOfTax": "None", "ebit": "34765000", "ebitda": "41882000", "netIncome": "20454000"}, {"fiscalDateEnding": "2010-06-30", "reportedCurrency": "USD", "grossProfit": "112618000", "totalRevenue": "112618000", "costOfRevenue": "63491000", "costofGoodsAndServicesSold": "63491000", "operatingIncome": "41826000", "sellingGeneralAndAdministrative": "61218000", "researchAndDevelopment": "0", "operatingExpenses": "70792000", "investmentIncomeNet": "None", "netInterestIncome": "None", "interestIncome": "None", "interestExpense": "224000", "nonInterestIncome": "None", "otherNonOperatingIncome": "None", "depreciation": "None", "depreciationAndAmortization": "7318000", "incomeBeforeTax": "41568000", "incomeTaxExpense": "16678000", "interestAndDebtExpense": "None", "netIncomeFromContinuingOperations": "0", "comprehensiveIncomeNetOfTax": "None", "ebit": "41657000", "ebitda": "48975000", "netIncome": "24890000"}, {"fiscalDateEnding": "2010-03-31", "reportedCurrency": "USD", "grossProfit": "101081000", "totalRevenue": "101081000", "costOfRevenue": "55051000", "costofGoodsAndServicesSold": "55051000", "operatingIncome": "38729000", "sellingGeneralAndAdministrative": "54306000", "researchAndDevelopment": "0", "operatingExpenses": "62352000", "investmentIncomeNet": "None", "netInterestIncome": "None", "interestIncome": "None", "interestExpense": "222000", "nonInterestIncome": "None", "otherNonOperatingIncome": "None", "depreciation": "None", "depreciationAndAmortization": "7318000", "incomeBeforeTax": "38402000", "incomeTaxExpense": "15726000", "interestAndDebtExpense": "None", "netIncomeFromContinuingOperations": "0", "comprehensiveIncomeNetOfTax": "None", "ebit": "38524000", "ebitda": "45842000", "netIncome": "22676000"}, {"fiscalDateEnding": "2009-12-31", "reportedCurrency": "USD", "grossProfit": "120833000", "totalRevenue": "120833000", "costOfRevenue": "55207000", "costofGoodsAndServicesSold": "55207000", "operatingIncome": "56681000", "sellingGeneralAndAdministrative": "55876000", "researchAndDevelopment": "0", "operatingExpenses": "64152000", "investmentIncomeNet": "None", "netInterestIncome": "None", "interestIncome": "None", "interestExpense": "220000", "nonInterestIncome": "None", "otherNonOperatingIncome": "None", "depreciation": "None", "depreciationAndAmortization": "6874000", "incomeBeforeTax": "56572000", "incomeTaxExpense": "21668000", "interestAndDebtExpense": "None", "netIncomeFromContinuingOperations": "0", "comprehensiveIncomeNetOfTax": "None", "ebit": "56268000", "ebitda": "63142000", "netIncome": "34904000"}, {"fiscalDateEnding": "2009-09-30", "reportedCurrency": "USD", "grossProfit": "98199000", "totalRevenue": "98199000", "costOfRevenue": "58312000", "costofGoodsAndServicesSold": "58312000", "operatingIncome": "33002000", "sellingGeneralAndAdministrative": "57272000", "researchAndDevelopment": "0", "operatingExpenses": "65197000", "investmentIncomeNet": "None", "netInterestIncome": "None", "interestIncome": "None", "interestExpense": "220000", "nonInterestIncome": "None", "otherNonOperatingIncome": "None", "depreciation": "None", "depreciationAndAmortization": "6900000", "incomeBeforeTax": "32776000", "incomeTaxExpense": "13616000", "interestAndDebtExpense": "None", "netIncomeFromContinuingOperations": "0", "comprehensiveIncomeNetOfTax": "None", "ebit": "32805000", "ebitda": "39705000", "netIncome": "19160000"}, {"fiscalDateEnding": "2009-06-30", "reportedCurrency": "USD", "grossProfit": "108985000", "totalRevenue": "108985000", "costOfRevenue": "54517000", "costofGoodsAndServicesSold": "54517000", "operatingIncome": "47582000", "sellingGeneralAndAdministrative": "53501000", "researchAndDevelopment": "0", "operatingExpenses": "61403000", "investmentIncomeNet": "None", "netInterestIncome": "None", "interestIncome": "None", "interestExpense": "218000", "nonInterestIncome": "None", "otherNonOperatingIncome": "None", "depreciation": "None", "depreciationAndAmortization": "7044000", "incomeBeforeTax": "47493000", "incomeTaxExpense": "19384000", "interestAndDebtExpense": "None", "netIncomeFromContinuingOperations": "0", "comprehensiveIncomeNetOfTax": "None", "ebit": "47331000", "ebitda": "54375000", "netIncome": "28109000"}, {"fiscalDateEnding": "2009-03-31", "reportedCurrency": "USD", "grossProfit": "98067000", "totalRevenue": "98067000", "costOfRevenue": "50863000", "costofGoodsAndServicesSold": "50863000", "operatingIncome": "40320000", "sellingGeneralAndAdministrative": "48703000", "researchAndDevelopment": "0", "operatingExpenses": "57747000", "investmentIncomeNet": "None", "netInterestIncome": "None", "interestIncome": "None", "interestExpense": "217000", "nonInterestIncome": "None", "otherNonOperatingIncome": "None", "depreciation": "None", "depreciationAndAmortization": "6907000", "incomeBeforeTax": "40389000", "incomeTaxExpense": "16111000", "interestAndDebtExpense": "None", "netIncomeFromContinuingOperations": "0", "comprehensiveIncomeNetOfTax": "None", "ebit": "40094000", "ebitda": "47001000", "netIncome": "24278000"}]}