{"symbol": "WDC", "annualReports": [{"fiscalDateEnding": "2024-06-30", "reportedCurrency": "USD", "grossProfit": "2945000000", "totalRevenue": "13003000000", "costOfRevenue": "10058000000", "costofGoodsAndServicesSold": "10058000000", "operatingIncome": "-317000000", "sellingGeneralAndAdministrative": "756000000", "researchAndDevelopment": "1907000000", "operatingExpenses": "3262000000", "investmentIncomeNet": "None", "netInterestIncome": "-378000000", "interestIncome": "39000000", "interestExpense": "417000000", "nonInterestIncome": "None", "otherNonOperatingIncome": "None", "depreciation": "None", "depreciationAndAmortization": "568000000", "incomeBeforeTax": "-661000000", "incomeTaxExpense": "137000000", "interestAndDebtExpense": "None", "netIncomeFromContinuingOperations": "-798000000", "comprehensiveIncomeNetOfTax": "None", "ebit": "-244000000", "ebitda": "324000000", "netIncome": "-798000000"}, {"fiscalDateEnding": "2023-06-30", "reportedCurrency": "USD", "grossProfit": "1887000000", "totalRevenue": "12318000000", "costOfRevenue": "10431000000", "costofGoodsAndServicesSold": "10431000000", "operatingIncome": "-1285000000", "sellingGeneralAndAdministrative": "901000000", "researchAndDevelopment": "2009000000", "operatingExpenses": "2979000000", "investmentIncomeNet": "None", "netInterestIncome": "-275000000", "interestIncome": "24000000", "interestExpense": "275000000", "nonInterestIncome": "None", "otherNonOperatingIncome": "37000000", "depreciation": "None", "depreciationAndAmortization": "828000000", "incomeBeforeTax": "-1560000000", "incomeTaxExpense": "146000000", "interestAndDebtExpense": "None", "netIncomeFromContinuingOperations": "-1706000000", "comprehensiveIncomeNetOfTax": "None", "ebit": "-1228000000", "ebitda": "-400000000", "netIncome": "-1706000000"}, {"fiscalDateEnding": "2022-06-30", "reportedCurrency": "USD", "grossProfit": "5874000000", "totalRevenue": "18793000000", "costOfRevenue": "12919000000", "costofGoodsAndServicesSold": "12919000000", "operatingIncome": "2391000000", "sellingGeneralAndAdministrative": "1029000000", "researchAndDevelopment": "2323000000", "operatingExpenses": "3440000000", "investmentIncomeNet": "None", "netInterestIncome": "-268000000", "interestIncome": "6000000", "interestExpense": "268000000", "nonInterestIncome": "None", "otherNonOperatingIncome": "36000000", "depreciation": "None", "depreciationAndAmortization": "929000000", "incomeBeforeTax": "2123000000", "incomeTaxExpense": "623000000", "interestAndDebtExpense": "None", "netIncomeFromContinuingOperations": "1500000000", "comprehensiveIncomeNetOfTax": "None", "ebit": "2667000000", "ebitda": "3596000000", "netIncome": "1546000000"}, {"fiscalDateEnding": "2021-06-30", "reportedCurrency": "USD", "grossProfit": "4521000000", "totalRevenue": "16922000000", "costOfRevenue": "12401000000", "costofGoodsAndServicesSold": "12401000000", "operatingIncome": "1220000000", "sellingGeneralAndAdministrative": "1021000000", "researchAndDevelopment": "2243000000", "operatingExpenses": "3348000000", "investmentIncomeNet": "None", "netInterestIncome": "-293000000", "interestIncome": "7000000", "interestExpense": "293000000", "nonInterestIncome": "None", "otherNonOperatingIncome": "33000000", "depreciation": "None", "depreciationAndAmortization": "1212000000", "incomeBeforeTax": "927000000", "incomeTaxExpense": "106000000", "interestAndDebtExpense": "None", "netIncomeFromContinuingOperations": "821000000", "comprehensiveIncomeNetOfTax": "None", "ebit": "1109000000", "ebitda": "2321000000", "netIncome": "821000000"}, {"fiscalDateEnding": "2020-06-30", "reportedCurrency": "USD", "grossProfit": "3781000000", "totalRevenue": "16736000000", "costOfRevenue": "12955000000", "costofGoodsAndServicesSold": "12955000000", "operatingIncome": "335000000", "sellingGeneralAndAdministrative": "1060000000", "researchAndDevelopment": "2261000000", "operatingExpenses": "3414000000", "investmentIncomeNet": "None", "netInterestIncome": "-385000000", "interestIncome": "28000000", "interestExpense": "381000000", "nonInterestIncome": "None", "otherNonOperatingIncome": "None", "depreciation": "None", "depreciationAndAmortization": "1566000000", "incomeBeforeTax": "-46000000", "incomeTaxExpense": "204000000", "interestAndDebtExpense": "None", "netIncomeFromContinuingOperations": "-250000000", "comprehensiveIncomeNetOfTax": "None", "ebit": "367000000", "ebitda": "1933000000", "netIncome": "-250000000"}, {"fiscalDateEnding": "2019-06-30", "reportedCurrency": "USD", "grossProfit": "3752000000", "totalRevenue": "16569000000", "costOfRevenue": "12817000000", "costofGoodsAndServicesSold": "12817000000", "operatingIncome": "419000000", "sellingGeneralAndAdministrative": "1210000000", "researchAndDevelopment": "2182000000", "operatingExpenses": "3499000000", "investmentIncomeNet": "None", "netInterestIncome": "-412000000", "interestIncome": "57000000", "interestExpense": "469000000", "nonInterestIncome": "None", "otherNonOperatingIncome": "95000000", "depreciation": "None", "depreciationAndAmortization": "1812000000", "incomeBeforeTax": "-287000000", "incomeTaxExpense": "467000000", "interestAndDebtExpense": "None", "netIncomeFromContinuingOperations": "180000000", "comprehensiveIncomeNetOfTax": "None", "ebit": "222000000", "ebitda": "2034000000", "netIncome": "-754000000"}, {"fiscalDateEnding": "2018-06-30", "reportedCurrency": "USD", "grossProfit": "7705000000", "totalRevenue": "20647000000", "costOfRevenue": "12942000000", "costofGoodsAndServicesSold": "12942000000", "operatingIncome": "3617000000", "sellingGeneralAndAdministrative": "1473000000", "researchAndDevelopment": "2400000000", "operatingExpenses": "3873000000", "investmentIncomeNet": "None", "netInterestIncome": "-616000000", "interestIncome": "60000000", "interestExpense": "1532000000", "nonInterestIncome": "None", "otherNonOperatingIncome": "-856000000", "depreciation": "None", "depreciationAndAmortization": "2056000000", "incomeBeforeTax": "2085000000", "incomeTaxExpense": "1410000000", "interestAndDebtExpense": "None", "netIncomeFromContinuingOperations": "3495000000", "comprehensiveIncomeNetOfTax": "None", "ebit": "3830000000", "ebitda": "5886000000", "netIncome": "675000000"}, {"fiscalDateEnding": "2017-06-30", "reportedCurrency": "USD", "grossProfit": "6072000000", "totalRevenue": "19093000000", "costOfRevenue": "13021000000", "costofGoodsAndServicesSold": "13021000000", "operatingIncome": "1954000000", "sellingGeneralAndAdministrative": "1445000000", "researchAndDevelopment": "2441000000", "operatingExpenses": "3886000000", "investmentIncomeNet": "None", "netInterestIncome": "-821000000", "interestIncome": "26000000", "interestExpense": "1185000000", "nonInterestIncome": "None", "otherNonOperatingIncome": "-338000000", "depreciation": "None", "depreciationAndAmortization": "2129000000", "incomeBeforeTax": "769000000", "incomeTaxExpense": "372000000", "interestAndDebtExpense": "None", "netIncomeFromContinuingOperations": "397000000", "comprehensiveIncomeNetOfTax": "None", "ebit": "1616000000", "ebitda": "3745000000", "netIncome": "397000000"}, {"fiscalDateEnding": "2016-06-30", "reportedCurrency": "USD", "grossProfit": "3435000000", "totalRevenue": "12994000000", "costOfRevenue": "9559000000", "costofGoodsAndServicesSold": "9559000000", "operatingIncome": "466000000", "sellingGeneralAndAdministrative": "997000000", "researchAndDevelopment": "1627000000", "operatingExpenses": "2624000000", "investmentIncomeNet": "None", "netInterestIncome": "-240000000", "interestIncome": "26000000", "interestExpense": "266000000", "nonInterestIncome": "None", "otherNonOperatingIncome": "-47000000", "depreciation": "None", "depreciationAndAmortization": "1154000000", "incomeBeforeTax": "153000000", "incomeTaxExpense": "-89000000", "interestAndDebtExpense": "None", "netIncomeFromContinuingOperations": "242000000", "comprehensiveIncomeNetOfTax": "None", "ebit": "811000000", "ebitda": "1965000000", "netIncome": "242000000"}, {"fiscalDateEnding": "2015-06-30", "reportedCurrency": "USD", "grossProfit": "4221000000", "totalRevenue": "14572000000", "costOfRevenue": "10351000000", "costofGoodsAndServicesSold": "10351000000", "operatingIncome": "1611000000", "sellingGeneralAndAdministrative": "773000000", "researchAndDevelopment": "1646000000", "operatingExpenses": "2419000000", "investmentIncomeNet": "None", "netInterestIncome": "None", "interestIncome": "34000000", "interestExpense": "49000000", "nonInterestIncome": "None", "otherNonOperatingIncome": "15000000", "depreciation": "None", "depreciationAndAmortization": "1114000000", "incomeBeforeTax": "1577000000", "incomeTaxExpense": "112000000", "interestAndDebtExpense": "None", "netIncomeFromContinuingOperations": "1465000000", "comprehensiveIncomeNetOfTax": "None", "ebit": "1787000000", "ebitda": "2901000000", "netIncome": "1465000000"}, {"fiscalDateEnding": "2014-06-30", "reportedCurrency": "USD", "grossProfit": "4360000000", "totalRevenue": "15130000000", "costOfRevenue": "10770000000", "costofGoodsAndServicesSold": "10770000000", "operatingIncome": "1791000000", "sellingGeneralAndAdministrative": "761000000", "researchAndDevelopment": "1661000000", "operatingExpenses": "2422000000", "investmentIncomeNet": "None", "netInterestIncome": "None", "interestIncome": "None", "interestExpense": "56000000", "nonInterestIncome": "None", "otherNonOperatingIncome": "17000000", "depreciation": "None", "depreciationAndAmortization": "1244000000", "incomeBeforeTax": "1752000000", "incomeTaxExpense": "135000000", "interestAndDebtExpense": "None", "netIncomeFromContinuingOperations": "1617000000", "comprehensiveIncomeNetOfTax": "None", "ebit": "1873000000", "ebitda": "3117000000", "netIncome": "1617000000"}, {"fiscalDateEnding": "2013-06-30", "reportedCurrency": "USD", "grossProfit": "4363000000", "totalRevenue": "15351000000", "costOfRevenue": "10988000000", "costofGoodsAndServicesSold": "10988000000", "operatingIncome": "1266000000", "sellingGeneralAndAdministrative": "706000000", "researchAndDevelopment": "1572000000", "operatingExpenses": "2278000000", "investmentIncomeNet": "None", "netInterestIncome": "None", "interestIncome": "None", "interestExpense": "55000000", "nonInterestIncome": "None", "otherNonOperatingIncome": "11000000", "depreciation": "None", "depreciationAndAmortization": "1233000000", "incomeBeforeTax": "1222000000", "incomeTaxExpense": "242000000", "interestAndDebtExpense": "None", "netIncomeFromContinuingOperations": "980000000", "comprehensiveIncomeNetOfTax": "None", "ebit": "1277000000", "ebitda": "2510000000", "netIncome": "980000000"}, {"fiscalDateEnding": "2012-06-30", "reportedCurrency": "USD", "grossProfit": "3638000000", "totalRevenue": "12478000000", "costOfRevenue": "8840000000", "costofGoodsAndServicesSold": "8840000000", "operatingIncome": "1771000000", "sellingGeneralAndAdministrative": "457000000", "researchAndDevelopment": "1055000000", "operatingExpenses": "1787000000", "investmentIncomeNet": "None", "netInterestIncome": "None", "interestIncome": "None", "interestExpense": "26000000", "nonInterestIncome": "None", "otherNonOperatingIncome": "12000000", "depreciation": "None", "depreciationAndAmortization": "825000000", "incomeBeforeTax": "1757000000", "incomeTaxExpense": "145000000", "interestAndDebtExpense": "None", "netIncomeFromContinuingOperations": "1612000000", "comprehensiveIncomeNetOfTax": "None", "ebit": "1787000000", "ebitda": "2612000000", "netIncome": "1612000000"}, {"fiscalDateEnding": "2011-06-30", "reportedCurrency": "USD", "grossProfit": "1791000000", "totalRevenue": "9526000000", "costOfRevenue": "7735000000", "costofGoodsAndServicesSold": "7735000000", "operatingIncome": "781000000", "sellingGeneralAndAdministrative": "265000000", "researchAndDevelopment": "703000000", "operatingExpenses": "1010000000", "investmentIncomeNet": "None", "netInterestIncome": "None", "interestIncome": "None", "interestExpense": "1000000", "nonInterestIncome": "None", "otherNonOperatingIncome": "9000000", "depreciation": "None", "depreciationAndAmortization": "602000000", "incomeBeforeTax": "780000000", "incomeTaxExpense": "54000000", "interestAndDebtExpense": "None", "netIncomeFromContinuingOperations": "726000000", "comprehensiveIncomeNetOfTax": "None", "ebit": "790000000", "ebitda": "1392000000", "netIncome": "726000000"}, {"fiscalDateEnding": "2010-06-30", "reportedCurrency": "USD", "grossProfit": "2401000000", "totalRevenue": "9850000000", "costOfRevenue": "7449000000", "costofGoodsAndServicesSold": "7449000000", "operatingIncome": "1525000000", "sellingGeneralAndAdministrative": "238000000", "researchAndDevelopment": "611000000", "operatingExpenses": "876000000", "investmentIncomeNet": "None", "netInterestIncome": "None", "interestIncome": "None", "interestExpense": "9000000", "nonInterestIncome": "None", "otherNonOperatingIncome": "4000000", "depreciation": "None", "depreciationAndAmortization": "510000000", "incomeBeforeTax": "1520000000", "incomeTaxExpense": "138000000", "interestAndDebtExpense": "None", "netIncomeFromContinuingOperations": "1382000000", "comprehensiveIncomeNetOfTax": "None", "ebit": "1529000000", "ebitda": "2039000000", "netIncome": "1382000000"}, {"fiscalDateEnding": "2009-06-30", "reportedCurrency": "USD", "grossProfit": "1337000000", "totalRevenue": "7453000000", "costOfRevenue": "6116000000", "costofGoodsAndServicesSold": "6116000000", "operatingIncome": "519000000", "sellingGeneralAndAdministrative": "201000000", "researchAndDevelopment": "509000000", "operatingExpenses": "710000000", "investmentIncomeNet": "None", "netInterestIncome": "None", "interestIncome": "None", "interestExpense": "27000000", "nonInterestIncome": "None", "otherNonOperatingIncome": "None", "depreciation": "None", "depreciationAndAmortization": "479000000", "incomeBeforeTax": "501000000", "incomeTaxExpense": "31000000", "interestAndDebtExpense": "None", "netIncomeFromContinuingOperations": "None", "comprehensiveIncomeNetOfTax": "None", "ebit": "518000000", "ebitda": "997000000", "netIncome": "470000000"}, {"fiscalDateEnding": "2008-06-30", "reportedCurrency": "USD", "grossProfit": "1739000000", "totalRevenue": "8074000000", "costOfRevenue": "6335000000", "costofGoodsAndServicesSold": "6335000000", "operatingIncome": "1006000000", "sellingGeneralAndAdministrative": "220000000", "researchAndDevelopment": "464000000", "operatingExpenses": "684000000", "investmentIncomeNet": "None", "netInterestIncome": "None", "interestIncome": "None", "interestExpense": "52000000", "nonInterestIncome": "None", "otherNonOperatingIncome": "None", "depreciation": "None", "depreciationAndAmortization": "413000000", "incomeBeforeTax": "981000000", "incomeTaxExpense": "114000000", "interestAndDebtExpense": "None", "netIncomeFromContinuingOperations": "None", "comprehensiveIncomeNetOfTax": "None", "ebit": "1020000000", "ebitda": "1433000000", "netIncome": "867000000"}, {"fiscalDateEnding": "2007-06-30", "reportedCurrency": "USD", "grossProfit": "900000000", "totalRevenue": "5468000000", "costOfRevenue": "4568000000", "costofGoodsAndServicesSold": "4568000000", "operatingIncome": "415000000", "sellingGeneralAndAdministrative": "179000000", "researchAndDevelopment": "306000000", "operatingExpenses": "485000000", "investmentIncomeNet": "None", "netInterestIncome": "None", "interestIncome": "None", "interestExpense": "4000000", "nonInterestIncome": "None", "otherNonOperatingIncome": "None", "depreciation": "None", "depreciationAndAmortization": "210000000", "incomeBeforeTax": "443000000", "incomeTaxExpense": "-121000000", "interestAndDebtExpense": "None", "netIncomeFromContinuingOperations": "None", "comprehensiveIncomeNetOfTax": "None", "ebit": "415000000", "ebitda": "625000000", "netIncome": "564000000"}, {"fiscalDateEnding": "2006-06-30", "reportedCurrency": "USD", "grossProfit": "828800000", "totalRevenue": "4341300000", "costOfRevenue": "3512500000", "costofGoodsAndServicesSold": "3512500000", "operatingIncome": "365900000", "sellingGeneralAndAdministrative": "165700000", "researchAndDevelopment": "297200000", "operatingExpenses": "462900000", "investmentIncomeNet": "None", "netInterestIncome": "None", "interestIncome": "None", "interestExpense": "3700000", "nonInterestIncome": "None", "otherNonOperatingIncome": "None", "depreciation": "None", "depreciationAndAmortization": "159800000", "incomeBeforeTax": "381700000", "incomeTaxExpense": "-12900000", "interestAndDebtExpense": "None", "netIncomeFromContinuingOperations": "None", "comprehensiveIncomeNetOfTax": "None", "ebit": "385400000", "ebitda": "545200000", "netIncome": "394600000"}, {"fiscalDateEnding": "2005-06-30", "reportedCurrency": "USD", "grossProfit": "589800000", "totalRevenue": "3638800000", "costOfRevenue": "3049000000", "costofGoodsAndServicesSold": "3049000000", "operatingIncome": "196900000", "sellingGeneralAndAdministrative": "154000000", "researchAndDevelopment": "238500000", "operatingExpenses": "392900000", "investmentIncomeNet": "None", "netInterestIncome": "None", "interestIncome": "None", "interestExpense": "5000000", "nonInterestIncome": "None", "otherNonOperatingIncome": "None", "depreciation": "None", "depreciationAndAmortization": "134800000", "incomeBeforeTax": "202300000", "incomeTaxExpense": "3900000", "interestAndDebtExpense": "None", "netIncomeFromContinuingOperations": "None", "comprehensiveIncomeNetOfTax": "None", "ebit": "196900000", "ebitda": "331700000", "netIncome": "198400000"}], "quarterlyReports": [{"fiscalDateEnding": "2024-12-31", "reportedCurrency": "USD", "grossProfit": "1516000000", "totalRevenue": "4285000000", "costOfRevenue": "2769000000", "costofGoodsAndServicesSold": "2769000000", "operatingIncome": "852000000", "sellingGeneralAndAdministrative": "238000000", "researchAndDevelopment": "502000000", "operatingExpenses": "664000000", "investmentIncomeNet": "None", "netInterestIncome": "-84000000", "interestIncome": "11000000", "interestExpense": "95000000", "nonInterestIncome": "None", "otherNonOperatingIncome": "None", "depreciation": "None", "depreciationAndAmortization": "120000000", "incomeBeforeTax": "741000000", "incomeTaxExpense": "147000000", "interestAndDebtExpense": "None", "netIncomeFromContinuingOperations": "594000000", "comprehensiveIncomeNetOfTax": "None", "ebit": "836000000", "ebitda": "956000000", "netIncome": "581000000"}, {"fiscalDateEnding": "2024-09-30", "reportedCurrency": "USD", "grossProfit": "1551000000", "totalRevenue": "4095000000", "costOfRevenue": "2544000000", "costofGoodsAndServicesSold": "2544000000", "operatingIncome": "742000000", "sellingGeneralAndAdministrative": "242000000", "researchAndDevelopment": "519000000", "operatingExpenses": "809000000", "investmentIncomeNet": "None", "netInterestIncome": "-90000000", "interestIncome": "9000000", "interestExpense": "99000000", "nonInterestIncome": "None", "otherNonOperatingIncome": "None", "depreciation": "None", "depreciationAndAmortization": "135000000", "incomeBeforeTax": "628000000", "incomeTaxExpense": "135000000", "interestAndDebtExpense": "None", "netIncomeFromContinuingOperations": "493000000", "comprehensiveIncomeNetOfTax": "None", "ebit": "727000000", "ebitda": "862000000", "netIncome": "493000000"}, {"fiscalDateEnding": "2024-06-30", "reportedCurrency": "USD", "grossProfit": "1353000000", "totalRevenue": "3764000000", "costOfRevenue": "2411000000", "costofGoodsAndServicesSold": "2411000000", "operatingIncome": "216000000", "sellingGeneralAndAdministrative": "148000000", "researchAndDevelopment": "538000000", "operatingExpenses": "1137000000", "investmentIncomeNet": "None", "netInterestIncome": "-94000000", "interestIncome": "9000000", "interestExpense": "103000000", "nonInterestIncome": "None", "otherNonOperatingIncome": "None", "depreciation": "None", "depreciationAndAmortization": "138000000", "incomeBeforeTax": "102000000", "incomeTaxExpense": "63000000", "interestAndDebtExpense": "None", "netIncomeFromContinuingOperations": "39000000", "comprehensiveIncomeNetOfTax": "None", "ebit": "205000000", "ebitda": "343000000", "netIncome": "39000000"}, {"fiscalDateEnding": "2024-03-31", "reportedCurrency": "USD", "grossProfit": "1001000000", "totalRevenue": "3457000000", "costOfRevenue": "2456000000", "costofGoodsAndServicesSold": "2456000000", "operatingIncome": "273000000", "sellingGeneralAndAdministrative": "203000000", "researchAndDevelopment": "494000000", "operatingExpenses": "728000000", "investmentIncomeNet": "None", "netInterestIncome": "-98000000", "interestIncome": "10000000", "interestExpense": "108000000", "nonInterestIncome": "None", "otherNonOperatingIncome": "None", "depreciation": "None", "depreciationAndAmortization": "140000000", "incomeBeforeTax": "178000000", "incomeTaxExpense": "43000000", "interestAndDebtExpense": "None", "netIncomeFromContinuingOperations": "135000000", "comprehensiveIncomeNetOfTax": "None", "ebit": "286000000", "ebitda": "426000000", "netIncome": "135000000"}, {"fiscalDateEnding": "2023-12-31", "reportedCurrency": "USD", "grossProfit": "492000000", "totalRevenue": "3032000000", "costOfRevenue": "2540000000", "costofGoodsAndServicesSold": "2540000000", "operatingIncome": "-210000000", "sellingGeneralAndAdministrative": "198000000", "researchAndDevelopment": "444000000", "operatingExpenses": "702000000", "investmentIncomeNet": "None", "netInterestIncome": "-96000000", "interestIncome": "12000000", "interestExpense": "108000000", "nonInterestIncome": "None", "otherNonOperatingIncome": "None", "depreciation": "None", "depreciationAndAmortization": "143000000", "incomeBeforeTax": "-259000000", "incomeTaxExpense": "28000000", "interestAndDebtExpense": "None", "netIncomeFromContinuingOperations": "-287000000", "comprehensiveIncomeNetOfTax": "None", "ebit": "-151000000", "ebitda": "-8000000", "netIncome": "-287000000"}, {"fiscalDateEnding": "2023-09-30", "reportedCurrency": "USD", "grossProfit": "99000000", "totalRevenue": "2750000000", "costOfRevenue": "2651000000", "costofGoodsAndServicesSold": "2651000000", "operatingIncome": "-596000000", "sellingGeneralAndAdministrative": "207000000", "researchAndDevelopment": "431000000", "operatingExpenses": "695000000", "investmentIncomeNet": "None", "netInterestIncome": "-86000000", "interestIncome": "8000000", "interestExpense": "98000000", "nonInterestIncome": "None", "otherNonOperatingIncome": "None", "depreciation": "None", "depreciationAndAmortization": "147000000", "incomeBeforeTax": "-682000000", "incomeTaxExpense": "3000000", "interestAndDebtExpense": "None", "netIncomeFromContinuingOperations": "-685000000", "comprehensiveIncomeNetOfTax": "None", "ebit": "-584000000", "ebitda": "-437000000", "netIncome": "-685000000"}, {"fiscalDateEnding": "2023-06-30", "reportedCurrency": "USD", "grossProfit": "92000000", "totalRevenue": "2672000000", "costOfRevenue": "2580000000", "costofGoodsAndServicesSold": "2580000000", "operatingIncome": "-650000000", "sellingGeneralAndAdministrative": "162000000", "researchAndDevelopment": "458000000", "operatingExpenses": "689000000", "investmentIncomeNet": "None", "netInterestIncome": "-80000000", "interestIncome": "9000000", "interestExpense": "80000000", "nonInterestIncome": "None", "otherNonOperatingIncome": "9000000", "depreciation": "None", "depreciationAndAmortization": "185000000", "incomeBeforeTax": "-730000000", "incomeTaxExpense": "-15000000", "interestAndDebtExpense": "None", "netIncomeFromContinuingOperations": "-715000000", "comprehensiveIncomeNetOfTax": "None", "ebit": "-641000000", "ebitda": "-456000000", "netIncome": "-715000000"}, {"fiscalDateEnding": "2023-03-31", "reportedCurrency": "USD", "grossProfit": "286000000", "totalRevenue": "2803000000", "costOfRevenue": "2517000000", "costofGoodsAndServicesSold": "2517000000", "operatingIncome": "-432000000", "sellingGeneralAndAdministrative": "242000000", "researchAndDevelopment": "476000000", "operatingExpenses": "718000000", "investmentIncomeNet": "None", "netInterestIncome": "-57000000", "interestIncome": "10000000", "interestExpense": "57000000", "nonInterestIncome": "None", "otherNonOperatingIncome": "23000000", "depreciation": "None", "depreciationAndAmortization": "213000000", "incomeBeforeTax": "-529000000", "incomeTaxExpense": "43000000", "interestAndDebtExpense": "None", "netIncomeFromContinuingOperations": "-572000000", "comprehensiveIncomeNetOfTax": "None", "ebit": "-443000000", "ebitda": "-230000000", "netIncome": "-572000000"}, {"fiscalDateEnding": "2022-12-31", "reportedCurrency": "USD", "grossProfit": "528000000", "totalRevenue": "3107000000", "costOfRevenue": "2579000000", "costofGoodsAndServicesSold": "2579000000", "operatingIncome": "-245000000", "sellingGeneralAndAdministrative": "250000000", "researchAndDevelopment": "523000000", "operatingExpenses": "773000000", "investmentIncomeNet": "None", "netInterestIncome": "-64000000", "interestIncome": "3000000", "interestExpense": "64000000", "nonInterestIncome": "None", "otherNonOperatingIncome": "9000000", "depreciation": "None", "depreciationAndAmortization": "214000000", "incomeBeforeTax": "-385000000", "incomeTaxExpense": "61000000", "interestAndDebtExpense": "None", "netIncomeFromContinuingOperations": "-446000000", "comprehensiveIncomeNetOfTax": "None", "ebit": "-306000000", "ebitda": "-92000000", "netIncome": "-446000000"}, {"fiscalDateEnding": "2022-09-30", "reportedCurrency": "USD", "grossProfit": "981000000", "totalRevenue": "3736000000", "costOfRevenue": "2755000000", "costofGoodsAndServicesSold": "2755000000", "operatingIncome": "158000000", "sellingGeneralAndAdministrative": "247000000", "researchAndDevelopment": "552000000", "operatingExpenses": "799000000", "investmentIncomeNet": "None", "netInterestIncome": "-74000000", "interestIncome": "2000000", "interestExpense": "74000000", "nonInterestIncome": "None", "otherNonOperatingIncome": "-4000000", "depreciation": "None", "depreciationAndAmortization": "216000000", "incomeBeforeTax": "84000000", "incomeTaxExpense": "57000000", "interestAndDebtExpense": "None", "netIncomeFromContinuingOperations": "27000000", "comprehensiveIncomeNetOfTax": "None", "ebit": "182000000", "ebitda": "398000000", "netIncome": "27000000"}, {"fiscalDateEnding": "2022-06-30", "reportedCurrency": "USD", "grossProfit": "1445000000", "totalRevenue": "4528000000", "costOfRevenue": "3083000000", "costofGoodsAndServicesSold": "3083000000", "operatingIncome": "562000000", "sellingGeneralAndAdministrative": "178000000", "researchAndDevelopment": "598000000", "operatingExpenses": "864000000", "investmentIncomeNet": "None", "netInterestIncome": "-51000000", "interestIncome": "2000000", "interestExpense": "51000000", "nonInterestIncome": "None", "otherNonOperatingIncome": "24000000", "depreciation": "None", "depreciationAndAmortization": "221000000", "incomeBeforeTax": "511000000", "incomeTaxExpense": "210000000", "interestAndDebtExpense": "None", "netIncomeFromContinuingOperations": "301000000", "comprehensiveIncomeNetOfTax": "None", "ebit": "611000000", "ebitda": "832000000", "netIncome": "301000000"}, {"fiscalDateEnding": "2022-03-31", "reportedCurrency": "USD", "grossProfit": "1181000000", "totalRevenue": "4381000000", "costOfRevenue": "3200000000", "costofGoodsAndServicesSold": "3200000000", "operatingIncome": "324000000", "sellingGeneralAndAdministrative": "281000000", "researchAndDevelopment": "572000000", "operatingExpenses": "853000000", "investmentIncomeNet": "None", "netInterestIncome": "-62000000", "interestIncome": "1000000", "interestExpense": "62000000", "nonInterestIncome": "None", "otherNonOperatingIncome": "13000000", "depreciation": "None", "depreciationAndAmortization": "216000000", "incomeBeforeTax": "262000000", "incomeTaxExpense": "237000000", "interestAndDebtExpense": "None", "netIncomeFromContinuingOperations": "25000000", "comprehensiveIncomeNetOfTax": "None", "ebit": "524000000", "ebitda": "740000000", "netIncome": "25000000"}, {"fiscalDateEnding": "2021-12-31", "reportedCurrency": "USD", "grossProfit": "1583000000", "totalRevenue": "4833000000", "costOfRevenue": "3250000000", "costofGoodsAndServicesSold": "3250000000", "operatingIncome": "727000000", "sellingGeneralAndAdministrative": "279000000", "researchAndDevelopment": "575000000", "operatingExpenses": "854000000", "investmentIncomeNet": "None", "netInterestIncome": "-81000000", "interestIncome": "1000000", "interestExpense": "76000000", "nonInterestIncome": "None", "otherNonOperatingIncome": "-5000000", "depreciation": "None", "depreciationAndAmortization": "242000000", "incomeBeforeTax": "646000000", "incomeTaxExpense": "82000000", "interestAndDebtExpense": "None", "netIncomeFromContinuingOperations": "564000000", "comprehensiveIncomeNetOfTax": "None", "ebit": "729000000", "ebitda": "971000000", "netIncome": "564000000"}, {"fiscalDateEnding": "2021-09-30", "reportedCurrency": "USD", "grossProfit": "1665000000", "totalRevenue": "5051000000", "costOfRevenue": "3386000000", "costofGoodsAndServicesSold": "3386000000", "operatingIncome": "778000000", "sellingGeneralAndAdministrative": "291000000", "researchAndDevelopment": "578000000", "operatingExpenses": "869000000", "investmentIncomeNet": "None", "netInterestIncome": "-74000000", "interestIncome": "2000000", "interestExpense": "74000000", "nonInterestIncome": "None", "otherNonOperatingIncome": "4000000", "depreciation": "None", "depreciationAndAmortization": "250000000", "incomeBeforeTax": "704000000", "incomeTaxExpense": "94000000", "interestAndDebtExpense": "None", "netIncomeFromContinuingOperations": "610000000", "comprehensiveIncomeNetOfTax": "None", "ebit": "796000000", "ebitda": "1046000000", "netIncome": "610000000"}, {"fiscalDateEnding": "2021-06-30", "reportedCurrency": "USD", "grossProfit": "1566000000", "totalRevenue": "4920000000", "costOfRevenue": "3354000000", "costofGoodsAndServicesSold": "3354000000", "operatingIncome": "675000000", "sellingGeneralAndAdministrative": "213000000", "researchAndDevelopment": "598000000", "operatingExpenses": "895000000", "investmentIncomeNet": "None", "netInterestIncome": "-79000000", "interestIncome": "1000000", "interestExpense": "79000000", "nonInterestIncome": "None", "otherNonOperatingIncome": "1000000", "depreciation": "None", "depreciationAndAmortization": "251000000", "incomeBeforeTax": "596000000", "incomeTaxExpense": "-26000000", "interestAndDebtExpense": "None", "netIncomeFromContinuingOperations": "622000000", "comprehensiveIncomeNetOfTax": "None", "ebit": "663000000", "ebitda": "914000000", "netIncome": "622000000"}, {"fiscalDateEnding": "2021-03-31", "reportedCurrency": "USD", "grossProfit": "1091000000", "totalRevenue": "4137000000", "costOfRevenue": "3046000000", "costofGoodsAndServicesSold": "3046000000", "operatingIncome": "317000000", "sellingGeneralAndAdministrative": "287000000", "researchAndDevelopment": "555000000", "operatingExpenses": "842000000", "investmentIncomeNet": "None", "netInterestIncome": "-68000000", "interestIncome": "2000000", "interestExpense": "68000000", "nonInterestIncome": "None", "otherNonOperatingIncome": "13000000", "depreciation": "None", "depreciationAndAmortization": "251000000", "incomeBeforeTax": "249000000", "incomeTaxExpense": "52000000", "interestAndDebtExpense": "None", "netIncomeFromContinuingOperations": "197000000", "comprehensiveIncomeNetOfTax": "None", "ebit": "237000000", "ebitda": "488000000", "netIncome": "197000000"}, {"fiscalDateEnding": "2020-12-31", "reportedCurrency": "USD", "grossProfit": "960000000", "totalRevenue": "3943000000", "costOfRevenue": "2983000000", "costofGoodsAndServicesSold": "2983000000", "operatingIncome": "158000000", "sellingGeneralAndAdministrative": "265000000", "researchAndDevelopment": "535000000", "operatingExpenses": "800000000", "investmentIncomeNet": "None", "netInterestIncome": "-73000000", "interestIncome": "2000000", "interestExpense": "73000000", "nonInterestIncome": "None", "otherNonOperatingIncome": "8000000", "depreciation": "None", "depreciationAndAmortization": "336000000", "incomeBeforeTax": "85000000", "incomeTaxExpense": "23000000", "interestAndDebtExpense": "None", "netIncomeFromContinuingOperations": "62000000", "comprehensiveIncomeNetOfTax": "None", "ebit": "193000000", "ebitda": "529000000", "netIncome": "62000000"}, {"fiscalDateEnding": "2020-09-30", "reportedCurrency": "USD", "grossProfit": "904000000", "totalRevenue": "3922000000", "costOfRevenue": "3018000000", "costofGoodsAndServicesSold": "3018000000", "operatingIncome": "70000000", "sellingGeneralAndAdministrative": "256000000", "researchAndDevelopment": "555000000", "operatingExpenses": "811000000", "investmentIncomeNet": "None", "netInterestIncome": "-82000000", "interestIncome": "2000000", "interestExpense": "84000000", "nonInterestIncome": "None", "otherNonOperatingIncome": "None", "depreciation": "None", "depreciationAndAmortization": "374000000", "incomeBeforeTax": "-3000000", "incomeTaxExpense": "57000000", "interestAndDebtExpense": "None", "netIncomeFromContinuingOperations": "-60000000", "comprehensiveIncomeNetOfTax": "None", "ebit": "91000000", "ebitda": "465000000", "netIncome": "-60000000"}, {"fiscalDateEnding": "2020-06-30", "reportedCurrency": "USD", "grossProfit": "1083000000", "totalRevenue": "4287000000", "costOfRevenue": "3204000000", "costofGoodsAndServicesSold": "3204000000", "operatingIncome": "261000000", "sellingGeneralAndAdministrative": "176000000", "researchAndDevelopment": "546000000", "operatingExpenses": "815000000", "investmentIncomeNet": "None", "netInterestIncome": "-85000000", "interestIncome": "2000000", "interestExpense": "76000000", "nonInterestIncome": "None", "otherNonOperatingIncome": "None", "depreciation": "None", "depreciationAndAmortization": "377000000", "incomeBeforeTax": "185000000", "incomeTaxExpense": "37000000", "interestAndDebtExpense": "None", "netIncomeFromContinuingOperations": "148000000", "comprehensiveIncomeNetOfTax": "None", "ebit": "201000000", "ebitda": "578000000", "netIncome": "148000000"}, {"fiscalDateEnding": "2020-03-31", "reportedCurrency": "USD", "grossProfit": "1005000000", "totalRevenue": "4175000000", "costOfRevenue": "3170000000", "costofGoodsAndServicesSold": "3170000000", "operatingIncome": "153000000", "sellingGeneralAndAdministrative": "281000000", "researchAndDevelopment": "563000000", "operatingExpenses": "844000000", "investmentIncomeNet": "None", "netInterestIncome": "-93000000", "interestIncome": "6000000", "interestExpense": "107000000", "nonInterestIncome": "None", "otherNonOperatingIncome": "-8000000", "depreciation": "None", "depreciationAndAmortization": "384000000", "incomeBeforeTax": "46000000", "incomeTaxExpense": "29000000", "interestAndDebtExpense": "None", "netIncomeFromContinuingOperations": "17000000", "comprehensiveIncomeNetOfTax": "None", "ebit": "161000000", "ebitda": "545000000", "netIncome": "17000000"}, {"fiscalDateEnding": "2019-12-31", "reportedCurrency": "USD", "grossProfit": "935000000", "totalRevenue": "4234000000", "costOfRevenue": "3299000000", "costofGoodsAndServicesSold": "3299000000", "operatingIncome": "50000000", "sellingGeneralAndAdministrative": "298000000", "researchAndDevelopment": "578000000", "operatingExpenses": "876000000", "investmentIncomeNet": "None", "netInterestIncome": "-97000000", "interestIncome": "8000000", "interestExpense": "90000000", "nonInterestIncome": "None", "otherNonOperatingIncome": "15000000", "depreciation": "None", "depreciationAndAmortization": "399000000", "incomeBeforeTax": "-40000000", "incomeTaxExpense": "99000000", "interestAndDebtExpense": "None", "netIncomeFromContinuingOperations": "59000000", "comprehensiveIncomeNetOfTax": "None", "ebit": "59000000", "ebitda": "458000000", "netIncome": "-139000000"}, {"fiscalDateEnding": "2019-09-30", "reportedCurrency": "USD", "grossProfit": "758000000", "totalRevenue": "4040000000", "costOfRevenue": "3282000000", "costofGoodsAndServicesSold": "3282000000", "operatingIncome": "-129000000", "sellingGeneralAndAdministrative": "305000000", "researchAndDevelopment": "574000000", "operatingExpenses": "879000000", "investmentIncomeNet": "None", "netInterestIncome": "-110000000", "interestIncome": "12000000", "interestExpense": "122000000", "nonInterestIncome": "None", "otherNonOperatingIncome": "14000000", "depreciation": "None", "depreciationAndAmortization": "406000000", "incomeBeforeTax": "-237000000", "incomeTaxExpense": "39000000", "interestAndDebtExpense": "None", "netIncomeFromContinuingOperations": "-198000000", "comprehensiveIncomeNetOfTax": "None", "ebit": "-115000000", "ebitda": "291000000", "netIncome": "-276000000"}, {"fiscalDateEnding": "2019-06-30", "reportedCurrency": "USD", "grossProfit": "465000000", "totalRevenue": "3634000000", "costOfRevenue": "3169000000", "costofGoodsAndServicesSold": "3169000000", "operatingIncome": "-381000000", "sellingGeneralAndAdministrative": "192000000", "researchAndDevelopment": "523000000", "operatingExpenses": "822000000", "investmentIncomeNet": "None", "netInterestIncome": "-103000000", "interestIncome": "14000000", "interestExpense": "117000000", "nonInterestIncome": "None", "otherNonOperatingIncome": "24000000", "depreciation": "None", "depreciationAndAmortization": "416000000", "incomeBeforeTax": "-474000000", "incomeTaxExpense": "-277000000", "interestAndDebtExpense": "None", "netIncomeFromContinuingOperations": "-751000000", "comprehensiveIncomeNetOfTax": "None", "ebit": "-357000000", "ebitda": "59000000", "netIncome": "-197000000"}, {"fiscalDateEnding": "2019-03-31", "reportedCurrency": "USD", "grossProfit": "579000000", "totalRevenue": "3674000000", "costOfRevenue": "3095000000", "costofGoodsAndServicesSold": "3095000000", "operatingIncome": "-394000000", "sellingGeneralAndAdministrative": "353000000", "researchAndDevelopment": "544000000", "operatingExpenses": "897000000", "investmentIncomeNet": "None", "netInterestIncome": "-105000000", "interestIncome": "13000000", "interestExpense": "83000000", "nonInterestIncome": "None", "otherNonOperatingIncome": "35000000", "depreciation": "None", "depreciationAndAmortization": "444000000", "incomeBeforeTax": "-477000000", "incomeTaxExpense": "104000000", "interestAndDebtExpense": "None", "netIncomeFromContinuingOperations": "-373000000", "comprehensiveIncomeNetOfTax": "None", "ebit": "-359000000", "ebitda": "85000000", "netIncome": "-581000000"}, {"fiscalDateEnding": "2018-12-31", "reportedCurrency": "USD", "grossProfit": "1044000000", "totalRevenue": "4233000000", "costOfRevenue": "3189000000", "costofGoodsAndServicesSold": "3189000000", "operatingIncome": "176000000", "sellingGeneralAndAdministrative": "309000000", "researchAndDevelopment": "539000000", "operatingExpenses": "848000000", "investmentIncomeNet": "None", "netInterestIncome": "None", "interestIncome": "None", "interestExpense": "118000000", "nonInterestIncome": "None", "otherNonOperatingIncome": "23000000", "depreciation": "None", "depreciationAndAmortization": "472000000", "incomeBeforeTax": "81000000", "incomeTaxExpense": "568000000", "interestAndDebtExpense": "None", "netIncomeFromContinuingOperations": "649000000", "comprehensiveIncomeNetOfTax": "None", "ebit": "196000000", "ebitda": "668000000", "netIncome": "-487000000"}, {"fiscalDateEnding": "2018-09-30", "reportedCurrency": "USD", "grossProfit": "1664000000", "totalRevenue": "5028000000", "costOfRevenue": "3364000000", "costofGoodsAndServicesSold": "3364000000", "operatingIncome": "686000000", "sellingGeneralAndAdministrative": "356000000", "researchAndDevelopment": "576000000", "operatingExpenses": "932000000", "investmentIncomeNet": "None", "netInterestIncome": "None", "interestIncome": "None", "interestExpense": "103000000", "nonInterestIncome": "None", "otherNonOperatingIncome": "13000000", "depreciation": "None", "depreciationAndAmortization": "480000000", "incomeBeforeTax": "583000000", "incomeTaxExpense": "72000000", "interestAndDebtExpense": "None", "netIncomeFromContinuingOperations": "655000000", "comprehensiveIncomeNetOfTax": "None", "ebit": "732000000", "ebitda": "1212000000", "netIncome": "511000000"}, {"fiscalDateEnding": "2018-06-30", "reportedCurrency": "USD", "grossProfit": "1852000000", "totalRevenue": "5117000000", "costOfRevenue": "3265000000", "costofGoodsAndServicesSold": "3265000000", "operatingIncome": "843000000", "sellingGeneralAndAdministrative": "240000000", "researchAndDevelopment": "577000000", "operatingExpenses": "929000000", "investmentIncomeNet": "None", "netInterestIncome": "None", "interestIncome": "None", "interestExpense": "114000000", "nonInterestIncome": "None", "otherNonOperatingIncome": "None", "depreciation": "None", "depreciationAndAmortization": "489000000", "incomeBeforeTax": "729000000", "incomeTaxExpense": "-27000000", "interestAndDebtExpense": "None", "netIncomeFromContinuingOperations": "702000000", "comprehensiveIncomeNetOfTax": "None", "ebit": "923000000", "ebitda": "1412000000", "netIncome": "756000000"}, {"fiscalDateEnding": "2018-03-31", "reportedCurrency": "USD", "grossProfit": "1927000000", "totalRevenue": "5013000000", "costOfRevenue": "3086000000", "costofGoodsAndServicesSold": "3086000000", "operatingIncome": "914000000", "sellingGeneralAndAdministrative": "376000000", "researchAndDevelopment": "602000000", "operatingExpenses": "978000000", "investmentIncomeNet": "None", "netInterestIncome": "None", "interestIncome": "None", "interestExpense": "1042000000", "nonInterestIncome": "None", "otherNonOperatingIncome": "-882000000", "depreciation": "None", "depreciationAndAmortization": "499000000", "incomeBeforeTax": "-128000000", "incomeTaxExpense": "-189000000", "interestAndDebtExpense": "None", "netIncomeFromContinuingOperations": "-317000000", "comprehensiveIncomeNetOfTax": "None", "ebit": "949000000", "ebitda": "1448000000", "netIncome": "61000000"}, {"fiscalDateEnding": "2017-12-31", "reportedCurrency": "USD", "grossProfit": "2013000000", "totalRevenue": "5336000000", "costOfRevenue": "3323000000", "costofGoodsAndServicesSold": "3323000000", "operatingIncome": "955000000", "sellingGeneralAndAdministrative": "381000000", "researchAndDevelopment": "629000000", "operatingExpenses": "1010000000", "investmentIncomeNet": "None", "netInterestIncome": "None", "interestIncome": "None", "interestExpense": "181000000", "nonInterestIncome": "None", "otherNonOperatingIncome": "16000000", "depreciation": "None", "depreciationAndAmortization": "535000000", "incomeBeforeTax": "774000000", "incomeTaxExpense": "1597000000", "interestAndDebtExpense": "None", "netIncomeFromContinuingOperations": "2371000000", "comprehensiveIncomeNetOfTax": "None", "ebit": "1003000000", "ebitda": "1538000000", "netIncome": "-823000000"}, {"fiscalDateEnding": "2017-09-30", "reportedCurrency": "USD", "grossProfit": "1913000000", "totalRevenue": "5181000000", "costOfRevenue": "3268000000", "costofGoodsAndServicesSold": "3268000000", "operatingIncome": "905000000", "sellingGeneralAndAdministrative": "364000000", "researchAndDevelopment": "592000000", "operatingExpenses": "956000000", "investmentIncomeNet": "None", "netInterestIncome": "None", "interestIncome": "None", "interestExpense": "195000000", "nonInterestIncome": "None", "otherNonOperatingIncome": "10000000", "depreciation": "None", "depreciationAndAmortization": "533000000", "incomeBeforeTax": "710000000", "incomeTaxExpense": "29000000", "interestAndDebtExpense": "None", "netIncomeFromContinuingOperations": "739000000", "comprehensiveIncomeNetOfTax": "None", "ebit": "957000000", "ebitda": "1490000000", "netIncome": "681000000"}, {"fiscalDateEnding": "2017-06-30", "reportedCurrency": "USD", "grossProfit": "1681000000", "totalRevenue": "4842000000", "costOfRevenue": "3161000000", "costofGoodsAndServicesSold": "3161000000", "operatingIncome": "652000000", "sellingGeneralAndAdministrative": "256000000", "researchAndDevelopment": "604000000", "operatingExpenses": "949000000", "investmentIncomeNet": "None", "netInterestIncome": "None", "interestIncome": "None", "interestExpense": "237000000", "nonInterestIncome": "None", "otherNonOperatingIncome": "-327000000", "depreciation": "None", "depreciationAndAmortization": "546000000", "incomeBeforeTax": "415000000", "incomeTaxExpense": "135000000", "interestAndDebtExpense": "None", "netIncomeFromContinuingOperations": "-258000000", "comprehensiveIncomeNetOfTax": "None", "ebit": "616000000", "ebitda": "1162000000", "netIncome": "280000000"}, {"fiscalDateEnding": "2017-03-31", "reportedCurrency": "USD", "grossProfit": "1523000000", "totalRevenue": "4649000000", "costOfRevenue": "3126000000", "costofGoodsAndServicesSold": "3126000000", "operatingIncome": "525000000", "sellingGeneralAndAdministrative": "346000000", "researchAndDevelopment": "613000000", "operatingExpenses": "959000000", "investmentIncomeNet": "None", "netInterestIncome": "None", "interestIncome": "None", "interestExpense": "221000000", "nonInterestIncome": "None", "otherNonOperatingIncome": "-16000000", "depreciation": "None", "depreciationAndAmortization": "560000000", "incomeBeforeTax": "304000000", "incomeTaxExpense": "56000000", "interestAndDebtExpense": "None", "netIncomeFromContinuingOperations": "248000000", "comprehensiveIncomeNetOfTax": "None", "ebit": "564000000", "ebitda": "1124000000", "netIncome": "248000000"}, {"fiscalDateEnding": "2016-12-31", "reportedCurrency": "USD", "grossProfit": "1533000000", "totalRevenue": "4888000000", "costOfRevenue": "3355000000", "costofGoodsAndServicesSold": "3355000000", "operatingIncome": "545000000", "sellingGeneralAndAdministrative": "358000000", "researchAndDevelopment": "585000000", "operatingExpenses": "943000000", "investmentIncomeNet": "None", "netInterestIncome": "None", "interestIncome": "None", "interestExpense": "224000000", "nonInterestIncome": "None", "otherNonOperatingIncome": "5000000", "depreciation": "None", "depreciationAndAmortization": "514000000", "incomeBeforeTax": "321000000", "incomeTaxExpense": "86000000", "interestAndDebtExpense": "None", "netIncomeFromContinuingOperations": "407000000", "comprehensiveIncomeNetOfTax": "None", "ebit": "590000000", "ebitda": "1104000000", "netIncome": "235000000"}, {"fiscalDateEnding": "2016-09-30", "reportedCurrency": "USD", "grossProfit": "1335000000", "totalRevenue": "4714000000", "costOfRevenue": "3379000000", "costofGoodsAndServicesSold": "3379000000", "operatingIncome": "232000000", "sellingGeneralAndAdministrative": "396000000", "researchAndDevelopment": "639000000", "operatingExpenses": "1035000000", "investmentIncomeNet": "None", "netInterestIncome": "None", "interestIncome": "None", "interestExpense": "503000000", "nonInterestIncome": "None", "otherNonOperatingIncome": "None", "depreciation": "None", "depreciationAndAmortization": "508000000", "incomeBeforeTax": "-271000000", "incomeTaxExpense": "95000000", "interestAndDebtExpense": "None", "netIncomeFromContinuingOperations": "-366000000", "comprehensiveIncomeNetOfTax": "None", "ebit": "-35000000", "ebitda": "473000000", "netIncome": "-366000000"}, {"fiscalDateEnding": "2016-06-30", "reportedCurrency": "USD", "grossProfit": "821000000", "totalRevenue": "3495000000", "costOfRevenue": "2674000000", "costofGoodsAndServicesSold": "2674000000", "operatingIncome": "-180000000", "sellingGeneralAndAdministrative": "340000000", "researchAndDevelopment": "484000000", "operatingExpenses": "884000000", "investmentIncomeNet": "None", "netInterestIncome": "None", "interestIncome": "None", "interestExpense": "290000000", "nonInterestIncome": "None", "otherNonOperatingIncome": "-64000000", "depreciation": "None", "depreciationAndAmortization": "420000000", "incomeBeforeTax": "-470000000", "incomeTaxExpense": "-119000000", "interestAndDebtExpense": "None", "netIncomeFromContinuingOperations": "-366000000", "comprehensiveIncomeNetOfTax": "None", "ebit": "-259000000", "ebitda": "161000000", "netIncome": "-351000000"}, {"fiscalDateEnding": "2016-03-31", "reportedCurrency": "USD", "grossProfit": "753000000", "totalRevenue": "2822000000", "costOfRevenue": "2069000000", "costofGoodsAndServicesSold": "2069000000", "operatingIncome": "88000000", "sellingGeneralAndAdministrative": "166000000", "researchAndDevelopment": "359000000", "operatingExpenses": "525000000", "investmentIncomeNet": "None", "netInterestIncome": "None", "interestIncome": "None", "interestExpense": "14000000", "nonInterestIncome": "None", "otherNonOperatingIncome": "6000000", "depreciation": "None", "depreciationAndAmortization": "246000000", "incomeBeforeTax": "80000000", "incomeTaxExpense": "6000000", "interestAndDebtExpense": "None", "netIncomeFromContinuingOperations": "74000000", "comprehensiveIncomeNetOfTax": "None", "ebit": "228000000", "ebitda": "474000000", "netIncome": "74000000"}, {"fiscalDateEnding": "2015-12-31", "reportedCurrency": "USD", "grossProfit": "906000000", "totalRevenue": "3317000000", "costOfRevenue": "2411000000", "costofGoodsAndServicesSold": "2411000000", "operatingIncome": "251000000", "sellingGeneralAndAdministrative": "207000000", "researchAndDevelopment": "389000000", "operatingExpenses": "596000000", "investmentIncomeNet": "None", "netInterestIncome": "None", "interestIncome": "None", "interestExpense": "13000000", "nonInterestIncome": "None", "otherNonOperatingIncome": "5000000", "depreciation": "None", "depreciationAndAmortization": "252000000", "incomeBeforeTax": "244000000", "incomeTaxExpense": "-7000000", "interestAndDebtExpense": "None", "netIncomeFromContinuingOperations": "407000000", "comprehensiveIncomeNetOfTax": "None", "ebit": "278000000", "ebitda": "530000000", "netIncome": "251000000"}, {"fiscalDateEnding": "2015-09-30", "reportedCurrency": "USD", "grossProfit": "955000000", "totalRevenue": "3360000000", "costOfRevenue": "2405000000", "costofGoodsAndServicesSold": "2405000000", "operatingIncome": "322000000", "sellingGeneralAndAdministrative": "192000000", "researchAndDevelopment": "385000000", "operatingExpenses": "577000000", "investmentIncomeNet": "None", "netInterestIncome": "None", "interestIncome": "None", "interestExpense": "13000000", "nonInterestIncome": "None", "otherNonOperatingIncome": "5000000", "depreciation": "None", "depreciationAndAmortization": "236000000", "incomeBeforeTax": "314000000", "incomeTaxExpense": "31000000", "interestAndDebtExpense": "None", "netIncomeFromContinuingOperations": "283000000", "comprehensiveIncomeNetOfTax": "None", "ebit": "378000000", "ebitda": "614000000", "netIncome": "283000000"}, {"fiscalDateEnding": "2015-06-30", "reportedCurrency": "USD", "grossProfit": "930000000", "totalRevenue": "3191000000", "costOfRevenue": "2261000000", "costofGoodsAndServicesSold": "2261000000", "operatingIncome": "255000000", "sellingGeneralAndAdministrative": "119000000", "researchAndDevelopment": "381000000", "operatingExpenses": "571000000", "investmentIncomeNet": "None", "netInterestIncome": "None", "interestIncome": "None", "interestExpense": "12000000", "nonInterestIncome": "None", "otherNonOperatingIncome": "4000000", "depreciation": "None", "depreciationAndAmortization": "250000000", "incomeBeforeTax": "247000000", "incomeTaxExpense": "27000000", "interestAndDebtExpense": "None", "netIncomeFromContinuingOperations": "220000000", "comprehensiveIncomeNetOfTax": "None", "ebit": "322000000", "ebitda": "572000000", "netIncome": "220000000"}, {"fiscalDateEnding": "2015-03-31", "reportedCurrency": "USD", "grossProfit": "1032000000", "totalRevenue": "3550000000", "costOfRevenue": "2518000000", "costofGoodsAndServicesSold": "2518000000", "operatingIncome": "421000000", "sellingGeneralAndAdministrative": "199000000", "researchAndDevelopment": "402000000", "operatingExpenses": "601000000", "investmentIncomeNet": "None", "netInterestIncome": "None", "interestIncome": "None", "interestExpense": "12000000", "nonInterestIncome": "None", "otherNonOperatingIncome": "3000000", "depreciation": "None", "depreciationAndAmortization": "285000000", "incomeBeforeTax": "412000000", "incomeTaxExpense": "28000000", "interestAndDebtExpense": "None", "netIncomeFromContinuingOperations": "384000000", "comprehensiveIncomeNetOfTax": "None", "ebit": "431000000", "ebitda": "716000000", "netIncome": "384000000"}, {"fiscalDateEnding": "2014-12-31", "reportedCurrency": "USD", "grossProfit": "1132000000", "totalRevenue": "3888000000", "costOfRevenue": "2756000000", "costofGoodsAndServicesSold": "2756000000", "operatingIncome": "488000000", "sellingGeneralAndAdministrative": "164000000", "researchAndDevelopment": "426000000", "operatingExpenses": "590000000", "investmentIncomeNet": "None", "netInterestIncome": "None", "interestIncome": "None", "interestExpense": "12000000", "nonInterestIncome": "None", "otherNonOperatingIncome": "4000000", "depreciation": "None", "depreciationAndAmortization": "290000000", "incomeBeforeTax": "480000000", "incomeTaxExpense": "20000000", "interestAndDebtExpense": "None", "netIncomeFromContinuingOperations": "438000000", "comprehensiveIncomeNetOfTax": "None", "ebit": "520000000", "ebitda": "810000000", "netIncome": "438000000"}, {"fiscalDateEnding": "2014-09-30", "reportedCurrency": "USD", "grossProfit": "1149000000", "totalRevenue": "3943000000", "costOfRevenue": "2794000000", "costofGoodsAndServicesSold": "2794000000", "operatingIncome": "469000000", "sellingGeneralAndAdministrative": "220000000", "researchAndDevelopment": "437000000", "operatingExpenses": "657000000", "investmentIncomeNet": "None", "netInterestIncome": "None", "interestIncome": "None", "interestExpense": "13000000", "nonInterestIncome": "None", "otherNonOperatingIncome": "4000000", "depreciation": "None", "depreciationAndAmortization": "289000000", "incomeBeforeTax": "460000000", "incomeTaxExpense": "37000000", "interestAndDebtExpense": "None", "netIncomeFromContinuingOperations": "423000000", "comprehensiveIncomeNetOfTax": "None", "ebit": "492000000", "ebitda": "781000000", "netIncome": "423000000"}, {"fiscalDateEnding": "2014-06-30", "reportedCurrency": "USD", "grossProfit": "1029000000", "totalRevenue": "3651000000", "costOfRevenue": "2622000000", "costofGoodsAndServicesSold": "2622000000", "operatingIncome": "352000000", "sellingGeneralAndAdministrative": "142000000", "researchAndDevelopment": "426000000", "operatingExpenses": "628000000", "investmentIncomeNet": "None", "netInterestIncome": "None", "interestIncome": "None", "interestExpense": "12000000", "nonInterestIncome": "None", "otherNonOperatingIncome": "7000000", "depreciation": "None", "depreciationAndAmortization": "308000000", "incomeBeforeTax": "347000000", "incomeTaxExpense": "30000000", "interestAndDebtExpense": "None", "netIncomeFromContinuingOperations": "317000000", "comprehensiveIncomeNetOfTax": "None", "ebit": "401000000", "ebitda": "709000000", "netIncome": "317000000"}, {"fiscalDateEnding": "2014-03-31", "reportedCurrency": "USD", "grossProfit": "1060000000", "totalRevenue": "3703000000", "costOfRevenue": "2643000000", "costofGoodsAndServicesSold": "2643000000", "operatingIncome": "419000000", "sellingGeneralAndAdministrative": "201000000", "researchAndDevelopment": "426000000", "operatingExpenses": "628000000", "investmentIncomeNet": "None", "netInterestIncome": "None", "interestIncome": "None", "interestExpense": "17000000", "nonInterestIncome": "None", "otherNonOperatingIncome": "4000000", "depreciation": "None", "depreciationAndAmortization": "307000000", "incomeBeforeTax": "406000000", "incomeTaxExpense": "31000000", "interestAndDebtExpense": "None", "netIncomeFromContinuingOperations": "375000000", "comprehensiveIncomeNetOfTax": "None", "ebit": "457000000", "ebitda": "764000000", "netIncome": "375000000"}, {"fiscalDateEnding": "2013-12-31", "reportedCurrency": "USD", "grossProfit": "1141000000", "totalRevenue": "3972000000", "costOfRevenue": "2831000000", "costofGoodsAndServicesSold": "2831000000", "operatingIncome": "478000000", "sellingGeneralAndAdministrative": "226000000", "researchAndDevelopment": "421000000", "operatingExpenses": "650000000", "investmentIncomeNet": "None", "netInterestIncome": "None", "interestIncome": "None", "interestExpense": "14000000", "nonInterestIncome": "None", "otherNonOperatingIncome": "3000000", "depreciation": "None", "depreciationAndAmortization": "317000000", "incomeBeforeTax": "467000000", "incomeTaxExpense": "37000000", "interestAndDebtExpense": "None", "netIncomeFromContinuingOperations": "430000000", "comprehensiveIncomeNetOfTax": "None", "ebit": "514000000", "ebitda": "831000000", "netIncome": "430000000"}, {"fiscalDateEnding": "2013-09-30", "reportedCurrency": "USD", "grossProfit": "1088000000", "totalRevenue": "3804000000", "costOfRevenue": "2716000000", "costofGoodsAndServicesSold": "2716000000", "operatingIncome": "542000000", "sellingGeneralAndAdministrative": "132000000", "researchAndDevelopment": "401000000", "operatingExpenses": "533000000", "investmentIncomeNet": "None", "netInterestIncome": "None", "interestIncome": "None", "interestExpense": "13000000", "nonInterestIncome": "None", "otherNonOperatingIncome": "3000000", "depreciation": "None", "depreciationAndAmortization": "312000000", "incomeBeforeTax": "532000000", "incomeTaxExpense": "37000000", "interestAndDebtExpense": "None", "netIncomeFromContinuingOperations": "495000000", "comprehensiveIncomeNetOfTax": "None", "ebit": "501000000", "ebitda": "813000000", "netIncome": "495000000"}, {"fiscalDateEnding": "2013-06-30", "reportedCurrency": "USD", "grossProfit": "1050000000", "totalRevenue": "3728000000", "costOfRevenue": "2678000000", "costofGoodsAndServicesSold": "2678000000", "operatingIncome": "-221000000", "sellingGeneralAndAdministrative": "205000000", "researchAndDevelopment": "402000000", "operatingExpenses": "582000000", "investmentIncomeNet": "None", "netInterestIncome": "None", "interestIncome": "None", "interestExpense": "12000000", "nonInterestIncome": "None", "otherNonOperatingIncome": "3000000", "depreciation": "None", "depreciationAndAmortization": "302000000", "incomeBeforeTax": "-230000000", "incomeTaxExpense": "35000000", "interestAndDebtExpense": "None", "netIncomeFromContinuingOperations": "-265000000", "comprehensiveIncomeNetOfTax": "None", "ebit": "-218000000", "ebitda": "84000000", "netIncome": "-265000000"}, {"fiscalDateEnding": "2013-03-31", "reportedCurrency": "USD", "grossProfit": "1061000000", "totalRevenue": "3764000000", "costOfRevenue": "2703000000", "costofGoodsAndServicesSold": "2703000000", "operatingIncome": "417000000", "sellingGeneralAndAdministrative": "185000000", "researchAndDevelopment": "396000000", "operatingExpenses": "581000000", "investmentIncomeNet": "None", "netInterestIncome": "None", "interestIncome": "None", "interestExpense": "14000000", "nonInterestIncome": "None", "otherNonOperatingIncome": "3000000", "depreciation": "None", "depreciationAndAmortization": "309000000", "incomeBeforeTax": "406000000", "incomeTaxExpense": "15000000", "interestAndDebtExpense": "None", "netIncomeFromContinuingOperations": "391000000", "comprehensiveIncomeNetOfTax": "None", "ebit": "420000000", "ebitda": "729000000", "netIncome": "391000000"}, {"fiscalDateEnding": "2012-12-31", "reportedCurrency": "USD", "grossProfit": "1059000000", "totalRevenue": "3824000000", "costOfRevenue": "2765000000", "costofGoodsAndServicesSold": "2765000000", "operatingIncome": "478000000", "sellingGeneralAndAdministrative": "162000000", "researchAndDevelopment": "378000000", "operatingExpenses": "540000000", "investmentIncomeNet": "None", "netInterestIncome": "None", "interestIncome": "None", "interestExpense": "13000000", "nonInterestIncome": "None", "otherNonOperatingIncome": "3000000", "depreciation": "None", "depreciationAndAmortization": "309000000", "incomeBeforeTax": "468000000", "incomeTaxExpense": "133000000", "interestAndDebtExpense": "None", "netIncomeFromContinuingOperations": "335000000", "comprehensiveIncomeNetOfTax": "None", "ebit": "481000000", "ebitda": "790000000", "netIncome": "335000000"}, {"fiscalDateEnding": "2012-09-30", "reportedCurrency": "USD", "grossProfit": "1193000000", "totalRevenue": "4035000000", "costOfRevenue": "2842000000", "costofGoodsAndServicesSold": "2842000000", "operatingIncome": "592000000", "sellingGeneralAndAdministrative": "205000000", "researchAndDevelopment": "396000000", "operatingExpenses": "601000000", "investmentIncomeNet": "None", "netInterestIncome": "None", "interestIncome": "None", "interestExpense": "16000000", "nonInterestIncome": "None", "otherNonOperatingIncome": "2000000", "depreciation": "None", "depreciationAndAmortization": "313000000", "incomeBeforeTax": "578000000", "incomeTaxExpense": "59000000", "interestAndDebtExpense": "None", "netIncomeFromContinuingOperations": "519000000", "comprehensiveIncomeNetOfTax": "None", "ebit": "594000000", "ebitda": "907000000", "netIncome": "519000000"}, {"fiscalDateEnding": "2012-06-30", "reportedCurrency": "USD", "grossProfit": "1472000000", "totalRevenue": "4754000000", "costOfRevenue": "3282000000", "costofGoodsAndServicesSold": "3282000000", "operatingIncome": "808000000", "sellingGeneralAndAdministrative": "157000000", "researchAndDevelopment": "406000000", "operatingExpenses": "370000000", "investmentIncomeNet": "None", "netInterestIncome": "None", "interestIncome": "None", "interestExpense": "9000000", "nonInterestIncome": "None", "otherNonOperatingIncome": "3000000", "depreciation": "None", "depreciationAndAmortization": "339000000", "incomeBeforeTax": "802000000", "incomeTaxExpense": "57000000", "interestAndDebtExpense": "None", "netIncomeFromContinuingOperations": "745000000", "comprehensiveIncomeNetOfTax": "None", "ebit": "811000000", "ebitda": "1150000000", "netIncome": "745000000"}, {"fiscalDateEnding": "2012-03-31", "reportedCurrency": "USD", "grossProfit": "977000000", "totalRevenue": "3035000000", "costOfRevenue": "2058000000", "costofGoodsAndServicesSold": "2058000000", "operatingIncome": "542000000", "sellingGeneralAndAdministrative": "122000000", "researchAndDevelopment": "265000000", "operatingExpenses": "435000000", "investmentIncomeNet": "None", "netInterestIncome": "None", "interestIncome": "None", "interestExpense": "7000000", "nonInterestIncome": "None", "otherNonOperatingIncome": "3000000", "depreciation": "None", "depreciationAndAmortization": "188000000", "incomeBeforeTax": "538000000", "incomeTaxExpense": "55000000", "interestAndDebtExpense": "None", "netIncomeFromContinuingOperations": "483000000", "comprehensiveIncomeNetOfTax": "None", "ebit": "545000000", "ebitda": "733000000", "netIncome": "483000000"}, {"fiscalDateEnding": "2011-12-31", "reportedCurrency": "USD", "grossProfit": "648000000", "totalRevenue": "1995000000", "costOfRevenue": "1347000000", "costofGoodsAndServicesSold": "1347000000", "operatingIncome": "162000000", "sellingGeneralAndAdministrative": "96000000", "researchAndDevelopment": "191000000", "operatingExpenses": "486000000", "investmentIncomeNet": "None", "netInterestIncome": "None", "interestIncome": "None", "interestExpense": "2000000", "nonInterestIncome": "None", "otherNonOperatingIncome": "3000000", "depreciation": "None", "depreciationAndAmortization": "140000000", "incomeBeforeTax": "160000000", "incomeTaxExpense": "15000000", "interestAndDebtExpense": "None", "netIncomeFromContinuingOperations": "145000000", "comprehensiveIncomeNetOfTax": "None", "ebit": "165000000", "ebitda": "305000000", "netIncome": "145000000"}, {"fiscalDateEnding": "2011-09-30", "reportedCurrency": "USD", "grossProfit": "541000000", "totalRevenue": "2694000000", "costOfRevenue": "2153000000", "costofGoodsAndServicesSold": "2153000000", "operatingIncome": "259000000", "sellingGeneralAndAdministrative": "89000000", "researchAndDevelopment": "193000000", "operatingExpenses": "282000000", "investmentIncomeNet": "None", "netInterestIncome": "None", "interestIncome": "None", "interestExpense": "1000000", "nonInterestIncome": "None", "otherNonOperatingIncome": "3000000", "depreciation": "None", "depreciationAndAmortization": "158000000", "incomeBeforeTax": "258000000", "incomeTaxExpense": "19000000", "interestAndDebtExpense": "None", "netIncomeFromContinuingOperations": "239000000", "comprehensiveIncomeNetOfTax": "None", "ebit": "262000000", "ebitda": "420000000", "netIncome": "239000000"}, {"fiscalDateEnding": "2011-06-30", "reportedCurrency": "USD", "grossProfit": "469000000", "totalRevenue": "2403000000", "costOfRevenue": "1934000000", "costofGoodsAndServicesSold": "1934000000", "operatingIncome": "172000000", "sellingGeneralAndAdministrative": "109000000", "researchAndDevelopment": "188000000", "operatingExpenses": "297000000", "investmentIncomeNet": "None", "netInterestIncome": "None", "interestIncome": "None", "interestExpense": "4000000", "nonInterestIncome": "None", "otherNonOperatingIncome": "3000000", "depreciation": "None", "depreciationAndAmortization": "150000000", "incomeBeforeTax": "171000000", "incomeTaxExpense": "13000000", "interestAndDebtExpense": "None", "netIncomeFromContinuingOperations": "158000000", "comprehensiveIncomeNetOfTax": "None", "ebit": "175000000", "ebitda": "325000000", "netIncome": "158000000"}, {"fiscalDateEnding": "2011-03-31", "reportedCurrency": "USD", "grossProfit": "410000000", "totalRevenue": "2252000000", "costOfRevenue": "1842000000", "costofGoodsAndServicesSold": "1842000000", "operatingIncome": "158000000", "sellingGeneralAndAdministrative": "63000000", "researchAndDevelopment": "179000000", "operatingExpenses": "252000000", "investmentIncomeNet": "None", "netInterestIncome": "None", "interestIncome": "None", "interestExpense": "1000000", "nonInterestIncome": "None", "otherNonOperatingIncome": "2000000", "depreciation": "None", "depreciationAndAmortization": "151000000", "incomeBeforeTax": "159000000", "incomeTaxExpense": "13000000", "interestAndDebtExpense": "None", "netIncomeFromContinuingOperations": "146000000", "comprehensiveIncomeNetOfTax": "None", "ebit": "160000000", "ebitda": "311000000", "netIncome": "146000000"}, {"fiscalDateEnding": "2010-12-31", "reportedCurrency": "USD", "grossProfit": "475000000", "totalRevenue": "2475000000", "costOfRevenue": "2000000000", "costofGoodsAndServicesSold": "2000000000", "operatingIncome": "240000000", "sellingGeneralAndAdministrative": "66000000", "researchAndDevelopment": "169000000", "operatingExpenses": "235000000", "investmentIncomeNet": "None", "netInterestIncome": "None", "interestIncome": "None", "interestExpense": "3000000", "nonInterestIncome": "None", "otherNonOperatingIncome": "2000000", "depreciation": "None", "depreciationAndAmortization": "151000000", "incomeBeforeTax": "239000000", "incomeTaxExpense": "14000000", "interestAndDebtExpense": "None", "netIncomeFromContinuingOperations": "225000000", "comprehensiveIncomeNetOfTax": "None", "ebit": "242000000", "ebitda": "393000000", "netIncome": "225000000"}, {"fiscalDateEnding": "2010-09-30", "reportedCurrency": "USD", "grossProfit": "437000000", "totalRevenue": "2396000000", "costOfRevenue": "1959000000", "costofGoodsAndServicesSold": "1959000000", "operatingIncome": "211000000", "sellingGeneralAndAdministrative": "59000000", "researchAndDevelopment": "167000000", "operatingExpenses": "226000000", "investmentIncomeNet": "None", "netInterestIncome": "None", "interestIncome": "None", "interestExpense": "2000000", "nonInterestIncome": "None", "otherNonOperatingIncome": "2000000", "depreciation": "None", "depreciationAndAmortization": "150000000", "incomeBeforeTax": "211000000", "incomeTaxExpense": "14000000", "interestAndDebtExpense": "None", "netIncomeFromContinuingOperations": "197000000", "comprehensiveIncomeNetOfTax": "None", "ebit": "213000000", "ebitda": "363000000", "netIncome": "197000000"}, {"fiscalDateEnding": "2010-06-30", "reportedCurrency": "USD", "grossProfit": "535000000", "totalRevenue": "2382000000", "costOfRevenue": "1847000000", "costofGoodsAndServicesSold": "1847000000", "operatingIncome": "292000000", "sellingGeneralAndAdministrative": "88000000", "researchAndDevelopment": "155000000", "operatingExpenses": "243000000", "investmentIncomeNet": "None", "netInterestIncome": "None", "interestIncome": "None", "interestExpense": "1000000", "nonInterestIncome": "None", "otherNonOperatingIncome": "1000000", "depreciation": "None", "depreciationAndAmortization": "134000000", "incomeBeforeTax": "292000000", "incomeTaxExpense": "28000000", "interestAndDebtExpense": "None", "netIncomeFromContinuingOperations": "265000000", "comprehensiveIncomeNetOfTax": "None", "ebit": "293000000", "ebitda": "427000000", "netIncome": "264000000"}, {"fiscalDateEnding": "2010-03-31", "reportedCurrency": "USD", "grossProfit": "665000000", "totalRevenue": "2641000000", "costOfRevenue": "1976000000", "costofGoodsAndServicesSold": "1976000000", "operatingIncome": "441000000", "sellingGeneralAndAdministrative": "64000000", "researchAndDevelopment": "160000000", "operatingExpenses": "224000000", "investmentIncomeNet": "None", "netInterestIncome": "None", "interestIncome": "None", "interestExpense": "2000000", "nonInterestIncome": "None", "otherNonOperatingIncome": "1000000", "depreciation": "None", "depreciationAndAmortization": "128000000", "incomeBeforeTax": "440000000", "incomeTaxExpense": "40000000", "interestAndDebtExpense": "None", "netIncomeFromContinuingOperations": "400000000", "comprehensiveIncomeNetOfTax": "None", "ebit": "441000000", "ebitda": "569000000", "netIncome": "400000000"}, {"fiscalDateEnding": "2009-12-31", "reportedCurrency": "USD", "grossProfit": "687000000", "totalRevenue": "2619000000", "costOfRevenue": "1932000000", "costofGoodsAndServicesSold": "1932000000", "operatingIncome": "473000000", "sellingGeneralAndAdministrative": "60000000", "researchAndDevelopment": "154000000", "operatingExpenses": "214000000", "investmentIncomeNet": "None", "netInterestIncome": "None", "interestIncome": "None", "interestExpense": "3000000", "nonInterestIncome": "None", "otherNonOperatingIncome": "1000000", "depreciation": "None", "depreciationAndAmortization": "126000000", "incomeBeforeTax": "471000000", "incomeTaxExpense": "42000000", "interestAndDebtExpense": "None", "netIncomeFromContinuingOperations": "429000000", "comprehensiveIncomeNetOfTax": "None", "ebit": "474000000", "ebitda": "600000000", "netIncome": "429000000"}, {"fiscalDateEnding": "2009-09-30", "reportedCurrency": "USD", "grossProfit": "514000000", "totalRevenue": "2208000000", "costOfRevenue": "1694000000", "costofGoodsAndServicesSold": "1694000000", "operatingIncome": "319000000", "sellingGeneralAndAdministrative": "53000000", "researchAndDevelopment": "142000000", "operatingExpenses": "195000000", "investmentIncomeNet": "None", "netInterestIncome": "None", "interestIncome": "None", "interestExpense": "3000000", "nonInterestIncome": "None", "otherNonOperatingIncome": "1000000", "depreciation": "None", "depreciationAndAmortization": "121000000", "incomeBeforeTax": "317000000", "incomeTaxExpense": "29000000", "interestAndDebtExpense": "None", "netIncomeFromContinuingOperations": "288000000", "comprehensiveIncomeNetOfTax": "None", "ebit": "320000000", "ebitda": "441000000", "netIncome": "288000000"}, {"fiscalDateEnding": "2009-06-30", "reportedCurrency": "USD", "grossProfit": "370000000", "totalRevenue": "1929000000", "costOfRevenue": "1559000000", "costofGoodsAndServicesSold": "1559000000", "operatingIncome": "209000000", "sellingGeneralAndAdministrative": "52000000", "researchAndDevelopment": "132000000", "operatingExpenses": "184000000", "investmentIncomeNet": "None", "netInterestIncome": "None", "interestIncome": "None", "interestExpense": "3000000", "nonInterestIncome": "None", "otherNonOperatingIncome": "None", "depreciation": "None", "depreciationAndAmortization": "121000000", "incomeBeforeTax": "207000000", "incomeTaxExpense": "11000000", "interestAndDebtExpense": "None", "netIncomeFromContinuingOperations": "0", "comprehensiveIncomeNetOfTax": "None", "ebit": "210000000", "ebitda": "331000000", "netIncome": "196000000"}, {"fiscalDateEnding": "2009-03-31", "reportedCurrency": "USD", "grossProfit": "253000000", "totalRevenue": "1592000000", "costOfRevenue": "1339000000", "costofGoodsAndServicesSold": "1339000000", "operatingIncome": "61000000", "sellingGeneralAndAdministrative": "49000000", "researchAndDevelopment": "125000000", "operatingExpenses": "174000000", "investmentIncomeNet": "None", "netInterestIncome": "None", "interestIncome": "None", "interestExpense": "4000000", "nonInterestIncome": "None", "otherNonOperatingIncome": "None", "depreciation": "None", "depreciationAndAmortization": "119000000", "incomeBeforeTax": "58000000", "incomeTaxExpense": "8000000", "interestAndDebtExpense": "None", "netIncomeFromContinuingOperations": "0", "comprehensiveIncomeNetOfTax": "None", "ebit": "62000000", "ebitda": "181000000", "netIncome": "50000000"}, {"fiscalDateEnding": "2008-12-31", "reportedCurrency": "USD", "grossProfit": "290000000", "totalRevenue": "1823000000", "costOfRevenue": "1533000000", "costofGoodsAndServicesSold": "1533000000", "operatingIncome": "16000000", "sellingGeneralAndAdministrative": "42000000", "researchAndDevelopment": "119000000", "operatingExpenses": "161000000", "investmentIncomeNet": "None", "netInterestIncome": "None", "interestIncome": "None", "interestExpense": "11000000", "nonInterestIncome": "None", "otherNonOperatingIncome": "None", "depreciation": "None", "depreciationAndAmortization": "122000000", "incomeBeforeTax": "7000000", "incomeTaxExpense": "-7000000", "interestAndDebtExpense": "None", "netIncomeFromContinuingOperations": "0", "comprehensiveIncomeNetOfTax": "None", "ebit": "18000000", "ebitda": "140000000", "netIncome": "14000000"}, {"fiscalDateEnding": "2008-09-30", "reportedCurrency": "USD", "grossProfit": "424000000", "totalRevenue": "2109000000", "costOfRevenue": "1685000000", "costofGoodsAndServicesSold": "1685000000", "operatingIncome": "234000000", "sellingGeneralAndAdministrative": "57000000", "researchAndDevelopment": "133000000", "operatingExpenses": "190000000", "investmentIncomeNet": "None", "netInterestIncome": "None", "interestIncome": "None", "interestExpense": "8000000", "nonInterestIncome": "None", "otherNonOperatingIncome": "None", "depreciation": "None", "depreciationAndAmortization": "117000000", "incomeBeforeTax": "230000000", "incomeTaxExpense": "19000000", "interestAndDebtExpense": "None", "netIncomeFromContinuingOperations": "0", "comprehensiveIncomeNetOfTax": "None", "ebit": "117000000", "ebitda": "234000000", "netIncome": "211000000"}, {"fiscalDateEnding": "2008-06-30", "reportedCurrency": "USD", "grossProfit": "425000000", "totalRevenue": "1993000000", "costOfRevenue": "1568000000", "costofGoodsAndServicesSold": "1568000000", "operatingIncome": "241000000", "sellingGeneralAndAdministrative": "56000000", "researchAndDevelopment": "128000000", "operatingExpenses": "184000000", "investmentIncomeNet": "None", "netInterestIncome": "None", "interestIncome": "None", "interestExpense": "52000000", "nonInterestIncome": "None", "otherNonOperatingIncome": "None", "depreciation": "None", "depreciationAndAmortization": "113000000", "incomeBeforeTax": "237000000", "incomeTaxExpense": "24000000", "interestAndDebtExpense": "None", "netIncomeFromContinuingOperations": "0", "comprehensiveIncomeNetOfTax": "None", "ebit": "241000000", "ebitda": "354000000", "netIncome": "213000000"}, {"fiscalDateEnding": "2008-03-31", "reportedCurrency": "USD", "grossProfit": "477000000", "totalRevenue": "2111000000", "costOfRevenue": "1634000000", "costofGoodsAndServicesSold": "1634000000", "operatingIncome": "298000000", "sellingGeneralAndAdministrative": "56000000", "researchAndDevelopment": "123000000", "operatingExpenses": "179000000", "investmentIncomeNet": "None", "netInterestIncome": "None", "interestIncome": "None", "interestExpense": "14000000", "nonInterestIncome": "None", "otherNonOperatingIncome": "None", "depreciation": "None", "depreciationAndAmortization": "111000000", "incomeBeforeTax": "290000000", "incomeTaxExpense": "10000000", "interestAndDebtExpense": "None", "netIncomeFromContinuingOperations": "0", "comprehensiveIncomeNetOfTax": "None", "ebit": "187000000", "ebitda": "298000000", "netIncome": "280000000"}, {"fiscalDateEnding": "2007-12-31", "reportedCurrency": "USD", "grossProfit": "513000000", "totalRevenue": "2204000000", "costOfRevenue": "1691000000", "costofGoodsAndServicesSold": "1691000000", "operatingIncome": "332000000", "sellingGeneralAndAdministrative": "60000000", "researchAndDevelopment": "122000000", "operatingExpenses": "181000000", "investmentIncomeNet": "None", "netInterestIncome": "None", "interestIncome": "None", "interestExpense": "24000000", "nonInterestIncome": "None", "otherNonOperatingIncome": "None", "depreciation": "None", "depreciationAndAmortization": "111000000", "incomeBeforeTax": "316000000", "incomeTaxExpense": "11000000", "interestAndDebtExpense": "None", "netIncomeFromContinuingOperations": "0", "comprehensiveIncomeNetOfTax": "None", "ebit": "221000000", "ebitda": "332000000", "netIncome": "305000000"}, {"fiscalDateEnding": "2007-09-30", "reportedCurrency": "USD", "grossProfit": "323000000", "totalRevenue": "1766000000", "costOfRevenue": "1443000000", "costofGoodsAndServicesSold": "1443000000", "operatingIncome": "135000000", "sellingGeneralAndAdministrative": "48000000", "researchAndDevelopment": "91000000", "operatingExpenses": "139000000", "investmentIncomeNet": "None", "netInterestIncome": "None", "interestIncome": "None", "interestExpense": "6000000", "nonInterestIncome": "None", "otherNonOperatingIncome": "None", "depreciation": "None", "depreciationAndAmortization": "78000000", "incomeBeforeTax": "138000000", "incomeTaxExpense": "69000000", "interestAndDebtExpense": "None", "netIncomeFromContinuingOperations": "0", "comprehensiveIncomeNetOfTax": "None", "ebit": "184000000", "ebitda": "262000000", "netIncome": "69000000"}, {"fiscalDateEnding": "2007-06-30", "reportedCurrency": "USD", "grossProfit": "205000000", "totalRevenue": "1367000000", "costOfRevenue": "1162000000", "costofGoodsAndServicesSold": "1162000000", "operatingIncome": "79000000", "sellingGeneralAndAdministrative": "47000000", "researchAndDevelopment": "79000000", "operatingExpenses": "126000000", "investmentIncomeNet": "None", "netInterestIncome": "None", "interestIncome": "None", "interestExpense": "4000000", "nonInterestIncome": "None", "otherNonOperatingIncome": "None", "depreciation": "None", "depreciationAndAmortization": "61000000", "incomeBeforeTax": "87000000", "incomeTaxExpense": "-125000000", "interestAndDebtExpense": "None", "netIncomeFromContinuingOperations": "0", "comprehensiveIncomeNetOfTax": "None", "ebit": "79000000", "ebitda": "140000000", "netIncome": "212000000"}, {"fiscalDateEnding": "2007-03-31", "reportedCurrency": "USD", "grossProfit": "222000000", "totalRevenue": "1410000000", "costOfRevenue": "1188000000", "costofGoodsAndServicesSold": "1188000000", "operatingIncome": "115000000", "sellingGeneralAndAdministrative": "32000000", "researchAndDevelopment": "75000000", "operatingExpenses": "107000000", "investmentIncomeNet": "None", "netInterestIncome": "None", "interestIncome": "None", "interestExpense": "1000000", "nonInterestIncome": "None", "otherNonOperatingIncome": "None", "depreciation": "None", "depreciationAndAmortization": "55000000", "incomeBeforeTax": "122000000", "incomeTaxExpense": "1000000", "interestAndDebtExpense": "None", "netIncomeFromContinuingOperations": "0", "comprehensiveIncomeNetOfTax": "None", "ebit": "60000000", "ebitda": "115000000", "netIncome": "121000000"}, {"fiscalDateEnding": "2006-12-31", "reportedCurrency": "USD", "grossProfit": "255000000", "totalRevenue": "1428000000", "costOfRevenue": "1173000000", "costofGoodsAndServicesSold": "1173000000", "operatingIncome": "122000000", "sellingGeneralAndAdministrative": "56000000", "researchAndDevelopment": "77000000", "operatingExpenses": "133000000", "investmentIncomeNet": "None", "netInterestIncome": "None", "interestIncome": "None", "interestExpense": "2000000", "nonInterestIncome": "None", "otherNonOperatingIncome": "None", "depreciation": "None", "depreciationAndAmortization": "49000000", "incomeBeforeTax": "128000000", "incomeTaxExpense": "-3000000", "interestAndDebtExpense": "None", "netIncomeFromContinuingOperations": "0", "comprehensiveIncomeNetOfTax": "None", "ebit": "73000000", "ebitda": "122000000", "netIncome": "128000000"}, {"fiscalDateEnding": "2006-09-30", "reportedCurrency": "USD", "grossProfit": "218000000", "totalRevenue": "1264000000", "costOfRevenue": "1046000000", "costofGoodsAndServicesSold": "1046000000", "operatingIncome": "99000000", "sellingGeneralAndAdministrative": "39100000", "researchAndDevelopment": "75000000", "operatingExpenses": "119000000", "investmentIncomeNet": "None", "netInterestIncome": "None", "interestIncome": "None", "interestExpense": "3700000", "nonInterestIncome": "None", "otherNonOperatingIncome": "None", "depreciation": "None", "depreciationAndAmortization": "45000000", "incomeBeforeTax": "106000000", "incomeTaxExpense": "3000000", "interestAndDebtExpense": "None", "netIncomeFromContinuingOperations": "0", "comprehensiveIncomeNetOfTax": "None", "ebit": "54000000", "ebitda": "99000000", "netIncome": "103000000"}, {"fiscalDateEnding": "2006-06-30", "reportedCurrency": "USD", "grossProfit": "204300000", "totalRevenue": "1085500000", "costOfRevenue": "881200000", "costofGoodsAndServicesSold": "881200000", "operatingIncome": "92900000", "sellingGeneralAndAdministrative": "39100000", "researchAndDevelopment": "72300000", "operatingExpenses": "111400000", "investmentIncomeNet": "None", "netInterestIncome": "None", "interestIncome": "None", "interestExpense": "0", "nonInterestIncome": "None", "otherNonOperatingIncome": "None", "depreciation": "None", "depreciationAndAmortization": "43700000", "incomeBeforeTax": "98600000", "incomeTaxExpense": "-20000000", "interestAndDebtExpense": "None", "netIncomeFromContinuingOperations": "0", "comprehensiveIncomeNetOfTax": "None", "ebit": "92900000", "ebitda": "136600000", "netIncome": "118600000"}, {"fiscalDateEnding": "2006-03-31", "reportedCurrency": "USD", "grossProfit": "217900000", "totalRevenue": "1128800000", "costOfRevenue": "910900000", "costofGoodsAndServicesSold": "910900000", "operatingIncome": "100700000", "sellingGeneralAndAdministrative": "38500000", "researchAndDevelopment": "78700000", "operatingExpenses": "117200000", "investmentIncomeNet": "None", "netInterestIncome": "None", "interestIncome": "None", "interestExpense": "1200000", "nonInterestIncome": "None", "otherNonOperatingIncome": "None", "depreciation": "None", "depreciationAndAmortization": "41900000", "incomeBeforeTax": "105500000", "incomeTaxExpense": "2600000", "interestAndDebtExpense": "None", "netIncomeFromContinuingOperations": "0", "comprehensiveIncomeNetOfTax": "None", "ebit": "100700000", "ebitda": "142600000", "netIncome": "102000000"}, {"fiscalDateEnding": "2005-12-31", "reportedCurrency": "USD", "grossProfit": "228300000", "totalRevenue": "1117100000", "costOfRevenue": "888800000", "costofGoodsAndServicesSold": "888800000", "operatingIncome": "104300000", "sellingGeneralAndAdministrative": "47800000", "researchAndDevelopment": "76200000", "operatingExpenses": "124000000", "investmentIncomeNet": "None", "netInterestIncome": "None", "interestIncome": "None", "interestExpense": "900000", "nonInterestIncome": "None", "otherNonOperatingIncome": "None", "depreciation": "None", "depreciationAndAmortization": "38600000", "incomeBeforeTax": "107100000", "incomeTaxExpense": "2800000", "interestAndDebtExpense": "None", "netIncomeFromContinuingOperations": "0", "comprehensiveIncomeNetOfTax": "None", "ebit": "104300000", "ebitda": "142900000", "netIncome": "104000000"}, {"fiscalDateEnding": "2005-09-30", "reportedCurrency": "USD", "grossProfit": "178300000", "totalRevenue": "1009900000", "costOfRevenue": "831600000", "costofGoodsAndServicesSold": "831600000", "operatingIncome": "67900000", "sellingGeneralAndAdministrative": "40400000", "researchAndDevelopment": "70000000", "operatingExpenses": "110400000", "investmentIncomeNet": "None", "netInterestIncome": "None", "interestIncome": "None", "interestExpense": "2700000", "nonInterestIncome": "None", "otherNonOperatingIncome": "None", "depreciation": "None", "depreciationAndAmortization": "35600000", "incomeBeforeTax": "70400000", "incomeTaxExpense": "1600000", "interestAndDebtExpense": "None", "netIncomeFromContinuingOperations": "0", "comprehensiveIncomeNetOfTax": "None", "ebit": "32400000", "ebitda": "68000000", "netIncome": "69000000"}, {"fiscalDateEnding": "2005-06-30", "reportedCurrency": "USD", "grossProfit": "159500000", "totalRevenue": "940400000", "costOfRevenue": "780900000", "costofGoodsAndServicesSold": "780900000", "operatingIncome": "38400000", "sellingGeneralAndAdministrative": "57000000", "researchAndDevelopment": "64100000", "operatingExpenses": "121100000", "investmentIncomeNet": "None", "netInterestIncome": "None", "interestIncome": "None", "interestExpense": "2700000", "nonInterestIncome": "None", "otherNonOperatingIncome": "None", "depreciation": "None", "depreciationAndAmortization": "37600000", "incomeBeforeTax": "41100000", "incomeTaxExpense": "-100000", "interestAndDebtExpense": "None", "netIncomeFromContinuingOperations": "0", "comprehensiveIncomeNetOfTax": "None", "ebit": "38400000", "ebitda": "76000000", "netIncome": "41200000"}, {"fiscalDateEnding": "2005-03-31", "reportedCurrency": "USD", "grossProfit": "167000000", "totalRevenue": "919900000", "costOfRevenue": "752900000", "costofGoodsAndServicesSold": "752900000", "operatingIncome": "70700000", "sellingGeneralAndAdministrative": "35600000", "researchAndDevelopment": "60700000", "operatingExpenses": "96300000", "investmentIncomeNet": "None", "netInterestIncome": "None", "interestIncome": "None", "interestExpense": "1900000", "nonInterestIncome": "None", "otherNonOperatingIncome": "None", "depreciation": "None", "depreciationAndAmortization": "35700000", "incomeBeforeTax": "72600000", "incomeTaxExpense": "1800000", "interestAndDebtExpense": "None", "netIncomeFromContinuingOperations": "0", "comprehensiveIncomeNetOfTax": "None", "ebit": "35000000", "ebitda": "70700000", "netIncome": "70800000"}, {"fiscalDateEnding": "2004-12-31", "reportedCurrency": "USD", "grossProfit": "150200000", "totalRevenue": "954900000", "costOfRevenue": "804700000", "costofGoodsAndServicesSold": "804700000", "operatingIncome": "56600000", "sellingGeneralAndAdministrative": "33900000", "researchAndDevelopment": "59700000", "operatingExpenses": "93600000", "investmentIncomeNet": "None", "netInterestIncome": "None", "interestIncome": "None", "interestExpense": "0", "nonInterestIncome": "None", "otherNonOperatingIncome": "None", "depreciation": "None", "depreciationAndAmortization": "32500000", "incomeBeforeTax": "57400000", "incomeTaxExpense": "1400000", "interestAndDebtExpense": "None", "netIncomeFromContinuingOperations": "0", "comprehensiveIncomeNetOfTax": "None", "ebit": "24100000", "ebitda": "56600000", "netIncome": "56000000"}]}