{"symbol": "ALB", "annualReports": [{"fiscalDateEnding": "2024-12-31", "reportedCurrency": "USD", "grossProfit": "62539000", "totalRevenue": "5377526000", "costOfRevenue": "5314987000", "costofGoodsAndServicesSold": "5314987000", "operatingIncome": "-1776545000", "sellingGeneralAndAdministrative": "618048000", "researchAndDevelopment": "86720000", "operatingExpenses": "1839084000", "investmentIncomeNet": "None", "netInterestIncome": "-165619000", "interestIncome": "None", "interestExpense": "165619000", "nonInterestIncome": "None", "otherNonOperatingIncome": "None", "depreciation": "None", "depreciationAndAmortization": "588638000", "incomeBeforeTax": "-1763825000", "incomeTaxExpense": "87085000", "interestAndDebtExpense": "None", "netIncomeFromContinuingOperations": "-1135477000", "comprehensiveIncomeNetOfTax": "None", "ebit": "-1598206000", "ebitda": "-1009568000", "netIncome": "-1316096000"}, {"fiscalDateEnding": "2023-12-31", "reportedCurrency": "USD", "grossProfit": "1185909000", "totalRevenue": "9617203000", "costOfRevenue": "8431294000", "costofGoodsAndServicesSold": "8431294000", "operatingIncome": "251881000", "sellingGeneralAndAdministrative": "873398000", "researchAndDevelopment": "85725000", "operatingExpenses": "934028000", "investmentIncomeNet": "None", "netInterestIncome": "-105725000", "interestIncome": "None", "interestExpense": "116072000", "nonInterestIncome": "None", "otherNonOperatingIncome": "None", "depreciation": "None", "depreciationAndAmortization": "429944000", "incomeBeforeTax": "246738000", "incomeTaxExpense": "430277000", "interestAndDebtExpense": "None", "netIncomeFromContinuingOperations": "3435621000", "comprehensiveIncomeNetOfTax": "None", "ebit": "362810000", "ebitda": "792754000", "netIncome": "1573476000"}, {"fiscalDateEnding": "2022-12-31", "reportedCurrency": "USD", "grossProfit": "3074587000", "totalRevenue": "7320104000", "costOfRevenue": "4245517000", "costofGoodsAndServicesSold": "4245517000", "operatingIncome": "2470061000", "sellingGeneralAndAdministrative": "524145000", "researchAndDevelopment": "71981000", "operatingExpenses": "596126000", "investmentIncomeNet": "None", "netInterestIncome": "-122973000", "interestIncome": "122973000", "interestExpense": "122973000", "nonInterestIncome": "None", "otherNonOperatingIncome": "858631000", "depreciation": "None", "depreciationAndAmortization": "300841000", "incomeBeforeTax": "2433444000", "incomeTaxExpense": "390588000", "interestAndDebtExpense": "None", "netIncomeFromContinuingOperations": "2042856000", "comprehensiveIncomeNetOfTax": "None", "ebit": "2566663000", "ebitda": "2867504000", "netIncome": "2042856000"}, {"fiscalDateEnding": "2021-12-31", "reportedCurrency": "USD", "grossProfit": "997971000", "totalRevenue": "3327957000", "costOfRevenue": "2329986000", "costofGoodsAndServicesSold": "2329986000", "operatingIncome": "-100877000", "sellingGeneralAndAdministrative": "441482000", "researchAndDevelopment": "54026000", "operatingExpenses": "495508000", "investmentIncomeNet": "None", "netInterestIncome": "-61476000", "interestIncome": "61476000", "interestExpense": "61476000", "nonInterestIncome": "None", "otherNonOperatingIncome": "-507570000", "depreciation": "None", "depreciationAndAmortization": "236558", "incomeBeforeTax": "133618000", "incomeTaxExpense": "29446000", "interestAndDebtExpense": "None", "netIncomeFromContinuingOperations": "199942000", "comprehensiveIncomeNetOfTax": "None", "ebit": "152886442", "ebitda": "153123000", "netIncome": "123672000"}, {"fiscalDateEnding": "2020-12-31", "reportedCurrency": "USD", "grossProfit": "994853000", "totalRevenue": "3128909000", "costOfRevenue": "2134056000", "costofGoodsAndServicesSold": "2134056000", "operatingIncome": "505812000", "sellingGeneralAndAdministrative": "429827000", "researchAndDevelopment": "59214000", "operatingExpenses": "489041000", "investmentIncomeNet": "None", "netInterestIncome": "-73116000", "interestIncome": "68316000", "interestExpense": "73116000", "nonInterestIncome": "None", "otherNonOperatingIncome": "68344000", "depreciation": "None", "depreciationAndAmortization": "231984000", "incomeBeforeTax": "373519000", "incomeTaxExpense": "54425000", "interestAndDebtExpense": "None", "netIncomeFromContinuingOperations": "319094000", "comprehensiveIncomeNetOfTax": "None", "ebit": "446635000", "ebitda": "678619000", "netIncome": "375764000"}, {"fiscalDateEnding": "2019-12-31", "reportedCurrency": "USD", "grossProfit": "1257778000", "totalRevenue": "3589427000", "costOfRevenue": "2331649000", "costofGoodsAndServicesSold": "2331649000", "operatingIncome": "666123000", "sellingGeneralAndAdministrative": "533368000", "researchAndDevelopment": "58287000", "operatingExpenses": "591655000", "investmentIncomeNet": "None", "netInterestIncome": "-57695000", "interestIncome": "78660000", "interestExpense": "57695000", "nonInterestIncome": "None", "otherNonOperatingIncome": "None", "depreciation": "None", "depreciationAndAmortization": "213484000", "incomeBeforeTax": "562950000", "incomeTaxExpense": "88161000", "interestAndDebtExpense": "None", "netIncomeFromContinuingOperations": "604357000", "comprehensiveIncomeNetOfTax": "None", "ebit": "729766000", "ebitda": "943250000", "netIncome": "533228000"}, {"fiscalDateEnding": "2018-12-31", "reportedCurrency": "USD", "grossProfit": "1217256000", "totalRevenue": "3374950000", "costOfRevenue": "2157694000", "costofGoodsAndServicesSold": "2157694000", "operatingIncome": "911540000", "sellingGeneralAndAdministrative": "446090000", "researchAndDevelopment": "70054000", "operatingExpenses": "516144000", "investmentIncomeNet": "None", "netInterestIncome": "-52405000", "interestIncome": "72256000", "interestExpense": "52405000", "nonInterestIncome": "None", "otherNonOperatingIncome": "24830000", "depreciation": "None", "depreciationAndAmortization": "200698000", "incomeBeforeTax": "794701000", "incomeTaxExpense": "144826000", "interestAndDebtExpense": "None", "netIncomeFromContinuingOperations": "739139000", "comprehensiveIncomeNetOfTax": "None", "ebit": "749681000", "ebitda": "950379000", "netIncome": "693562000"}, {"fiscalDateEnding": "2017-12-31", "reportedCurrency": "USD", "grossProfit": "1109980000", "totalRevenue": "3071976000", "costOfRevenue": "1961996000", "costofGoodsAndServicesSold": "1961996000", "operatingIncome": "587749000", "sellingGeneralAndAdministrative": "437901000", "researchAndDevelopment": "84330000", "operatingExpenses": "522231000", "investmentIncomeNet": "None", "netInterestIncome": "-115350000", "interestIncome": "57962000", "interestExpense": "115350000", "nonInterestIncome": "None", "otherNonOperatingIncome": "58886000", "depreciation": "None", "depreciationAndAmortization": "196928000", "incomeBeforeTax": "446798000", "incomeTaxExpense": "431817000", "interestAndDebtExpense": "None", "netIncomeFromContinuingOperations": "99468000", "comprehensiveIncomeNetOfTax": "None", "ebit": "646619000", "ebitda": "843547000", "netIncome": "54850000"}, {"fiscalDateEnding": "2016-12-31", "reportedCurrency": "USD", "grossProfit": "970576000", "totalRevenue": "2677203000", "costOfRevenue": "1706627000", "costofGoodsAndServicesSold": "1706627000", "operatingIncome": "574551000", "sellingGeneralAndAdministrative": "380464000", "researchAndDevelopment": "80475000", "operatingExpenses": "460939000", "investmentIncomeNet": "None", "netInterestIncome": "-65181000", "interestIncome": "65181000", "interestExpense": "65181000", "nonInterestIncome": "None", "otherNonOperatingIncome": "65531000", "depreciation": "None", "depreciationAndAmortization": "226169000", "incomeBeforeTax": "515264000", "incomeTaxExpense": "96263000", "interestAndDebtExpense": "None", "netIncomeFromContinuingOperations": "478638000", "comprehensiveIncomeNetOfTax": "None", "ebit": "580445000", "ebitda": "806614000", "netIncome": "643675000"}, {"fiscalDateEnding": "2015-12-31", "reportedCurrency": "USD", "grossProfit": "1196872000", "totalRevenue": "3651335000", "costOfRevenue": "2454463000", "costofGoodsAndServicesSold": "2454463000", "operatingIncome": "442435000", "sellingGeneralAndAdministrative": "512274000", "researchAndDevelopment": "102871000", "operatingExpenses": "615145000", "investmentIncomeNet": "None", "netInterestIncome": "None", "interestIncome": "81650000", "interestExpense": "132722000", "nonInterestIncome": "None", "otherNonOperatingIncome": "79473000", "depreciation": "None", "depreciationAndAmortization": "260076000", "incomeBeforeTax": "358187000", "incomeTaxExpense": "29122000", "interestAndDebtExpense": "None", "netIncomeFromContinuingOperations": "360064000", "comprehensiveIncomeNetOfTax": "None", "ebit": "392394000", "ebitda": "652470000", "netIncome": "334906000"}, {"fiscalDateEnding": "2014-12-31", "reportedCurrency": "USD", "grossProfit": "770848000", "totalRevenue": "2445548000", "costOfRevenue": "1674700000", "costofGoodsAndServicesSold": "1674700000", "operatingIncome": "271298000", "sellingGeneralAndAdministrative": "355135000", "researchAndDevelopment": "88310000", "operatingExpenses": "443445000", "investmentIncomeNet": "None", "netInterestIncome": "None", "interestIncome": "None", "interestExpense": "41358000", "nonInterestIncome": "None", "otherNonOperatingIncome": "35742000", "depreciation": "None", "depreciationAndAmortization": "103572000", "incomeBeforeTax": "213179000", "incomeTaxExpense": "18484000", "interestAndDebtExpense": "None", "netIncomeFromContinuingOperations": "230437000", "comprehensiveIncomeNetOfTax": "None", "ebit": "254537000", "ebitda": "358109000", "netIncome": "133316000"}, {"fiscalDateEnding": "2013-12-31", "reportedCurrency": "USD", "grossProfit": "861405000", "totalRevenue": "2616416000", "costOfRevenue": "1755011000", "costofGoodsAndServicesSold": "1755011000", "operatingIncome": "582909000", "sellingGeneralAndAdministrative": "162889000", "researchAndDevelopment": "82246000", "operatingExpenses": "245135000", "investmentIncomeNet": "None", "netInterestIncome": "None", "interestIncome": "None", "interestExpense": "31559000", "nonInterestIncome": "None", "otherNonOperatingIncome": "24806000", "depreciation": "None", "depreciationAndAmortization": "107370000", "incomeBeforeTax": "544427000", "incomeTaxExpense": "136322000", "interestAndDebtExpense": "None", "netIncomeFromContinuingOperations": "408105000", "comprehensiveIncomeNetOfTax": "None", "ebit": "575986000", "ebitda": "683356000", "netIncome": "413171000"}, {"fiscalDateEnding": "2012-12-31", "reportedCurrency": "USD", "grossProfit": "909995000", "totalRevenue": "2745420000", "costOfRevenue": "1835425000", "costofGoodsAndServicesSold": "1835425000", "operatingIncome": "406164000", "sellingGeneralAndAdministrative": "313227000", "researchAndDevelopment": "78919000", "operatingExpenses": "392146000", "investmentIncomeNet": "None", "netInterestIncome": "None", "interestIncome": "None", "interestExpense": "32800000", "nonInterestIncome": "None", "otherNonOperatingIncome": "39296000", "depreciation": "None", "depreciationAndAmortization": "99020000", "incomeBeforeTax": "374593000", "incomeTaxExpense": "82533000", "interestAndDebtExpense": "None", "netIncomeFromContinuingOperations": "292060000", "comprehensiveIncomeNetOfTax": "None", "ebit": "407393000", "ebitda": "506413000", "netIncome": "311536000"}, {"fiscalDateEnding": "2011-12-31", "reportedCurrency": "USD", "grossProfit": "977059000", "totalRevenue": "2869005000", "costOfRevenue": "1891946000", "costofGoodsAndServicesSold": "1891946000", "operatingIncome": "587840000", "sellingGeneralAndAdministrative": "312136000", "researchAndDevelopment": "77083000", "operatingExpenses": "389219000", "investmentIncomeNet": "None", "netInterestIncome": "None", "interestIncome": "None", "interestExpense": "37574000", "nonInterestIncome": "None", "otherNonOperatingIncome": "44111000", "depreciation": "None", "depreciationAndAmortization": "96753000", "incomeBeforeTax": "550623000", "incomeTaxExpense": "-130014000", "interestAndDebtExpense": "None", "netIncomeFromContinuingOperations": "420609000", "comprehensiveIncomeNetOfTax": "None", "ebit": "588197000", "ebitda": "684950000", "netIncome": "436280000"}, {"fiscalDateEnding": "2010-12-31", "reportedCurrency": "USD", "grossProfit": "745922000", "totalRevenue": "2362764000", "costOfRevenue": "1616842000", "costofGoodsAndServicesSold": "1616842000", "operatingIncome": "414848000", "sellingGeneralAndAdministrative": "265722000", "researchAndDevelopment": "58394000", "operatingExpenses": "324116000", "investmentIncomeNet": "None", "netInterestIncome": "None", "interestIncome": "None", "interestExpense": "25533000", "nonInterestIncome": "None", "otherNonOperatingIncome": "40763000", "depreciation": "None", "depreciationAndAmortization": "95578000", "incomeBeforeTax": "392103000", "incomeTaxExpense": "92719000", "interestAndDebtExpense": "None", "netIncomeFromContinuingOperations": "299384000", "comprehensiveIncomeNetOfTax": "None", "ebit": "417636000", "ebitda": "513214000", "netIncome": "323720000"}, {"fiscalDateEnding": "2009-12-31", "reportedCurrency": "USD", "grossProfit": "483862000", "totalRevenue": "2005394000", "costOfRevenue": "1521532000", "costofGoodsAndServicesSold": "1521532000", "operatingIncome": "186280000", "sellingGeneralAndAdministrative": "212628000", "researchAndDevelopment": "60918000", "operatingExpenses": "285939000", "investmentIncomeNet": "None", "netInterestIncome": "None", "interestIncome": "None", "interestExpense": "24584000", "nonInterestIncome": "None", "otherNonOperatingIncome": "None", "depreciation": "None", "depreciationAndAmortization": "100513000", "incomeBeforeTax": "160273000", "incomeTaxExpense": "-7028000", "interestAndDebtExpense": "None", "netIncomeFromContinuingOperations": "None", "comprehensiveIncomeNetOfTax": "None", "ebit": "184857000", "ebitda": "285370000", "netIncome": "178368000"}, {"fiscalDateEnding": "2008-12-31", "reportedCurrency": "USD", "grossProfit": "607674000", "totalRevenue": "2467115000", "costOfRevenue": "1859441000", "costofGoodsAndServicesSold": "1859441000", "operatingIncome": "220917000", "sellingGeneralAndAdministrative": "255132000", "researchAndDevelopment": "67292000", "operatingExpenses": "360968000", "investmentIncomeNet": "None", "netInterestIncome": "None", "interestIncome": "None", "interestExpense": "38175000", "nonInterestIncome": "None", "otherNonOperatingIncome": "None", "depreciation": "None", "depreciationAndAmortization": "111685000", "incomeBeforeTax": "183343000", "incomeTaxExpense": "-6539000", "interestAndDebtExpense": "None", "netIncomeFromContinuingOperations": "None", "comprehensiveIncomeNetOfTax": "None", "ebit": "221518000", "ebitda": "333203000", "netIncome": "194202000"}, {"fiscalDateEnding": "2007-12-31", "reportedCurrency": "USD", "grossProfit": "622491000", "totalRevenue": "2336187000", "costOfRevenue": "1713696000", "costofGoodsAndServicesSold": "1713696000", "operatingIncome": "284768000", "sellingGeneralAndAdministrative": "244969000", "researchAndDevelopment": "62691000", "operatingExpenses": "307660000", "investmentIncomeNet": "None", "netInterestIncome": "None", "interestIncome": "None", "interestExpense": "38300", "nonInterestIncome": "None", "otherNonOperatingIncome": "None", "depreciation": "None", "depreciationAndAmortization": "106855000", "incomeBeforeTax": "277819000", "incomeTaxExpense": "55078000", "interestAndDebtExpense": "None", "netIncomeFromContinuingOperations": "None", "comprehensiveIncomeNetOfTax": "None", "ebit": "313511000", "ebitda": "420366000", "netIncome": "229690000"}, {"fiscalDateEnding": "2006-12-31", "reportedCurrency": "USD", "grossProfit": "550814000", "totalRevenue": "2368506000", "costOfRevenue": "1817692000", "costofGoodsAndServicesSold": "1817692000", "operatingIncome": "145161000", "sellingGeneralAndAdministrative": "237856000", "researchAndDevelopment": "46299000", "operatingExpenses": "284155000", "investmentIncomeNet": "None", "netInterestIncome": "None", "interestIncome": "None", "interestExpense": "44000", "nonInterestIncome": "None", "otherNonOperatingIncome": "None", "depreciation": "None", "depreciationAndAmortization": "112950000", "incomeBeforeTax": "133386000", "incomeTaxExpense": "2192000", "interestAndDebtExpense": "None", "netIncomeFromContinuingOperations": "None", "comprehensiveIncomeNetOfTax": "None", "ebit": "355968000", "ebitda": "468918000", "netIncome": "142969000"}, {"fiscalDateEnding": "2005-12-31", "reportedCurrency": "USD", "grossProfit": "423398000", "totalRevenue": "2107499000", "costOfRevenue": "1684101000", "costofGoodsAndServicesSold": "1684101000", "operatingIncome": "142460000", "sellingGeneralAndAdministrative": "219725000", "researchAndDevelopment": "41675000", "operatingExpenses": "259502000", "investmentIncomeNet": "None", "netInterestIncome": "None", "interestIncome": "None", "interestExpense": "0", "nonInterestIncome": "None", "otherNonOperatingIncome": "None", "depreciation": "None", "depreciationAndAmortization": "117435000", "incomeBeforeTax": "149929000", "incomeTaxExpense": "27593000", "interestAndDebtExpense": "None", "netIncomeFromContinuingOperations": "None", "comprehensiveIncomeNetOfTax": "None", "ebit": "163896000", "ebitda": "281331000", "netIncome": "114867000"}], "quarterlyReports": [{"fiscalDateEnding": "2024-12-31", "reportedCurrency": "USD", "grossProfit": "138213000", "totalRevenue": "1231713000", "costOfRevenue": "1093500000", "costofGoodsAndServicesSold": "1093500000", "operatingIncome": "4402000", "sellingGeneralAndAdministrative": "135996000", "researchAndDevelopment": "20021000", "operatingExpenses": "133811000", "investmentIncomeNet": "None", "netInterestIncome": "-44703000", "interestIncome": "None", "interestExpense": "44703000", "nonInterestIncome": "None", "otherNonOperatingIncome": "None", "depreciation": "None", "depreciationAndAmortization": "163106000", "incomeBeforeTax": "76727000", "incomeTaxExpense": "10613000", "interestAndDebtExpense": "None", "netIncomeFromContinuingOperations": "85111000", "comprehensiveIncomeNetOfTax": "None", "ebit": "121430000", "ebitda": "284536000", "netIncome": "75293000"}, {"fiscalDateEnding": "2024-09-30", "reportedCurrency": "USD", "grossProfit": "-104034000", "totalRevenue": "1354692000", "costOfRevenue": "1458726000", "costofGoodsAndServicesSold": "1458726000", "operatingIncome": "-1108830000", "sellingGeneralAndAdministrative": "154253000", "researchAndDevelopment": "22397000", "operatingExpenses": "1004796000", "investmentIncomeNet": "None", "netInterestIncome": "-47760000", "interestIncome": "None", "interestExpense": "47760000", "nonInterestIncome": "None", "otherNonOperatingIncome": "None", "depreciation": "None", "depreciationAndAmortization": "163502000", "incomeBeforeTax": "-1178846000", "incomeTaxExpense": "110853000", "interestAndDebtExpense": "None", "netIncomeFromContinuingOperations": "-1060641000", "comprehensiveIncomeNetOfTax": "None", "ebit": "-1131086000", "ebitda": "-967584000", "netIncome": "-1068992000"}, {"fiscalDateEnding": "2024-06-30", "reportedCurrency": "USD", "grossProfit": "-10578000", "totalRevenue": "1430385000", "costOfRevenue": "1440963000", "costofGoodsAndServicesSold": "1440963000", "operatingIncome": "-191090000", "sellingGeneralAndAdministrative": "168948000", "researchAndDevelopment": "20770000", "operatingExpenses": "180512000", "investmentIncomeNet": "None", "netInterestIncome": "-35187000", "interestIncome": "None", "interestExpense": "35187000", "nonInterestIncome": "None", "otherNonOperatingIncome": "None", "depreciation": "None", "depreciationAndAmortization": "138279000", "incomeBeforeTax": "-494132000", "incomeTaxExpense": "-30660000", "interestAndDebtExpense": "None", "netIncomeFromContinuingOperations": "-176594000", "comprehensiveIncomeNetOfTax": "None", "ebit": "-458945000", "ebitda": "-320666000", "netIncome": "-188198000"}, {"fiscalDateEnding": "2024-03-31", "reportedCurrency": "USD", "grossProfit": "36038000", "totalRevenue": "1360736000", "costOfRevenue": "1324698000", "costofGoodsAndServicesSold": "1324698000", "operatingIncome": "-143999000", "sellingGeneralAndAdministrative": "194912000", "researchAndDevelopment": "23532000", "operatingExpenses": "180037000", "investmentIncomeNet": "None", "netInterestIncome": "-37969000", "interestIncome": "None", "interestExpense": "37969000", "nonInterestIncome": "None", "otherNonOperatingIncome": "None", "depreciation": "None", "depreciationAndAmortization": "126651000", "incomeBeforeTax": "-167574000", "incomeTaxExpense": "-3721000", "interestAndDebtExpense": "None", "netIncomeFromContinuingOperations": "16647000", "comprehensiveIncomeNetOfTax": "None", "ebit": "-129605000", "ebitda": "-2954000", "netIncome": "2448000"}, {"fiscalDateEnding": "2023-12-31", "reportedCurrency": "USD", "grossProfit": "-690683000", "totalRevenue": "2356165000", "costOfRevenue": "3046848000", "costofGoodsAndServicesSold": "3046848000", "operatingIncome": "-894091000", "sellingGeneralAndAdministrative": "194251000", "researchAndDevelopment": "22753000", "operatingExpenses": "203408000", "investmentIncomeNet": "None", "netInterestIncome": "-34386000", "interestIncome": "None", "interestExpense": "34386000", "nonInterestIncome": "None", "otherNonOperatingIncome": "None", "depreciation": "None", "depreciationAndAmortization": "145874000", "incomeBeforeTax": "-920951000", "incomeTaxExpense": "118878000", "interestAndDebtExpense": "None", "netIncomeFromContinuingOperations": "-603292000", "comprehensiveIncomeNetOfTax": "None", "ebit": "-886565000", "ebitda": "-740691000", "netIncome": "-617680000"}, {"fiscalDateEnding": "2023-09-30", "reportedCurrency": "USD", "grossProfit": "54934000", "totalRevenue": "2310596000", "costOfRevenue": "2255662000", "costofGoodsAndServicesSold": "2255662000", "operatingIncome": "-140014000", "sellingGeneralAndAdministrative": "173866000", "researchAndDevelopment": "21082000", "operatingExpenses": "194948000", "investmentIncomeNet": "None", "netInterestIncome": "-29332000", "interestIncome": "29332000", "interestExpense": "29332000", "nonInterestIncome": "None", "otherNonOperatingIncome": "None", "depreciation": "None", "depreciationAndAmortization": "105445000", "incomeBeforeTax": "-158164000", "incomeTaxExpense": "-8551000", "interestAndDebtExpense": "None", "netIncomeFromContinuingOperations": "320693000", "comprehensiveIncomeNetOfTax": "None", "ebit": "-128832000", "ebitda": "-23387000", "netIncome": "302533000"}, {"fiscalDateEnding": "2023-06-30", "reportedCurrency": "USD", "grossProfit": "558487000", "totalRevenue": "2370190000", "costOfRevenue": "1811703000", "costofGoodsAndServicesSold": "1811703000", "operatingIncome": "139998000", "sellingGeneralAndAdministrative": "397070000", "researchAndDevelopment": "21419000", "operatingExpenses": "418489000", "investmentIncomeNet": "None", "netInterestIncome": "-25577000", "interestIncome": "25577000", "interestExpense": "25577000", "nonInterestIncome": "None", "otherNonOperatingIncome": "605005000", "depreciation": "None", "depreciationAndAmortization": "93085000", "incomeBeforeTax": "168375000", "incomeTaxExpense": "42987000", "interestAndDebtExpense": "None", "netIncomeFromContinuingOperations": "125388000", "comprehensiveIncomeNetOfTax": "None", "ebit": "193952000", "ebitda": "287037000", "netIncome": "650043000"}, {"fiscalDateEnding": "2023-03-31", "reportedCurrency": "USD", "grossProfit": "1276540000", "totalRevenue": "2580252000", "costOfRevenue": "1303712000", "costofGoodsAndServicesSold": "1303712000", "operatingIncome": "1101763000", "sellingGeneralAndAdministrative": "154306000", "researchAndDevelopment": "20471000", "operatingExpenses": "174777000", "investmentIncomeNet": "None", "netInterestIncome": "-26777000", "interestIncome": "26777000", "interestExpense": "26777000", "nonInterestIncome": "None", "otherNonOperatingIncome": "478680000", "depreciation": "None", "depreciationAndAmortization": "89171000", "incomeBeforeTax": "1157478000", "incomeTaxExpense": "276963000", "interestAndDebtExpense": "None", "netIncomeFromContinuingOperations": "880515000", "comprehensiveIncomeNetOfTax": "None", "ebit": "1184271000", "ebitda": "1273442000", "netIncome": "880515000"}, {"fiscalDateEnding": "2022-12-31", "reportedCurrency": "USD", "grossProfit": "1001319000", "totalRevenue": "2620978000", "costOfRevenue": "1619659000", "costofGoodsAndServicesSold": "1619659000", "operatingIncome": "833009000", "sellingGeneralAndAdministrative": "148156000", "researchAndDevelopment": "20154000", "operatingExpenses": "168310000", "investmentIncomeNet": "None", "netInterestIncome": "-24039000", "interestIncome": "24039000", "interestExpense": "24039000", "nonInterestIncome": "None", "otherNonOperatingIncome": "376918000", "depreciation": "None", "depreciationAndAmortization": "54880", "incomeBeforeTax": "863089000", "incomeTaxExpense": "24102000", "interestAndDebtExpense": "None", "netIncomeFromContinuingOperations": "838987000", "comprehensiveIncomeNetOfTax": "None", "ebit": "887073120", "ebitda": "887128000", "netIncome": "838987000"}, {"fiscalDateEnding": "2022-09-30", "reportedCurrency": "USD", "grossProfit": "1043814000", "totalRevenue": "2091805000", "costOfRevenue": "1047991000", "costofGoodsAndServicesSold": "1047991000", "operatingIncome": "890977000", "sellingGeneralAndAdministrative": "134479000", "researchAndDevelopment": "18358000", "operatingExpenses": "152837000", "investmentIncomeNet": "None", "netInterestIncome": "-29691000", "interestIncome": "29691000", "interestExpense": "29691000", "nonInterestIncome": "None", "otherNonOperatingIncome": "266858000", "depreciation": "None", "depreciationAndAmortization": "77713000", "incomeBeforeTax": "869260000", "incomeTaxExpense": "196938000", "interestAndDebtExpense": "None", "netIncomeFromContinuingOperations": "672322000", "comprehensiveIncomeNetOfTax": "None", "ebit": "904128000", "ebitda": "981841000", "netIncome": "672322000"}, {"fiscalDateEnding": "2022-06-30", "reportedCurrency": "USD", "grossProfit": "580424000", "totalRevenue": "1479593000", "costOfRevenue": "899169000", "costofGoodsAndServicesSold": "899169000", "operatingIncome": "434096000", "sellingGeneralAndAdministrative": "128942000", "researchAndDevelopment": "17386000", "operatingExpenses": "146328000", "investmentIncomeNet": "None", "netInterestIncome": "-41409000", "interestIncome": "41409000", "interestExpense": "41409000", "nonInterestIncome": "None", "otherNonOperatingIncome": "136923000", "depreciation": "None", "depreciationAndAmortization": "70993000", "incomeBeforeTax": "401454000", "incomeTaxExpense": "89018000", "interestAndDebtExpense": "None", "netIncomeFromContinuingOperations": "312436000", "comprehensiveIncomeNetOfTax": "None", "ebit": "430412000", "ebitda": "501405000", "netIncome": "406773000"}, {"fiscalDateEnding": "2022-03-31", "reportedCurrency": "USD", "grossProfit": "449030000", "totalRevenue": "1127728000", "costOfRevenue": "678698000", "costofGoodsAndServicesSold": "678698000", "operatingIncome": "311979000", "sellingGeneralAndAdministrative": "112568000", "researchAndDevelopment": "16083000", "operatingExpenses": "128651000", "investmentIncomeNet": "None", "netInterestIncome": "-27834000", "interestIncome": "27834000", "interestExpense": "27834000", "nonInterestIncome": "None", "otherNonOperatingIncome": "77932000", "depreciation": "None", "depreciationAndAmortization": "69374000", "incomeBeforeTax": "299641000", "incomeTaxExpense": "80530000", "interestAndDebtExpense": "None", "netIncomeFromContinuingOperations": "219111000", "comprehensiveIncomeNetOfTax": "None", "ebit": "328309000", "ebitda": "397683000", "netIncome": "253383000"}, {"fiscalDateEnding": "2021-12-31", "reportedCurrency": "USD", "grossProfit": "236594000", "totalRevenue": "894204000", "costOfRevenue": "657610000", "costofGoodsAndServicesSold": "657610000", "operatingIncome": "-31286000", "sellingGeneralAndAdministrative": "123302000", "researchAndDevelopment": "12125000", "operatingExpenses": "135427000", "investmentIncomeNet": "None", "netInterestIncome": "-5306000", "interestIncome": "5306000", "interestExpense": "5306000", "nonInterestIncome": "None", "otherNonOperatingIncome": "62085000", "depreciation": "None", "depreciationAndAmortization": "68235000", "incomeBeforeTax": "-8062000", "incomeTaxExpense": "15024000", "interestAndDebtExpense": "None", "netIncomeFromContinuingOperations": "10469000", "comprehensiveIncomeNetOfTax": "None", "ebit": "-2084000", "ebitda": "66151000", "netIncome": "-3824000"}, {"fiscalDateEnding": "2021-09-30", "reportedCurrency": "USD", "grossProfit": "249273000", "totalRevenue": "830566000", "costOfRevenue": "581293000", "costofGoodsAndServicesSold": "581293000", "operatingIncome": "131523000", "sellingGeneralAndAdministrative": "103477000", "researchAndDevelopment": "13289000", "operatingExpenses": "116766000", "investmentIncomeNet": "None", "netInterestIncome": "-5136000", "interestIncome": "5136000", "interestExpense": "5136000", "nonInterestIncome": "None", "otherNonOperatingIncome": "-615490000", "depreciation": "None", "depreciationAndAmortization": "62182000", "incomeBeforeTax": "-516809000", "incomeTaxExpense": "-114670000", "interestAndDebtExpense": "None", "netIncomeFromContinuingOperations": "-374433000", "comprehensiveIncomeNetOfTax": "None", "ebit": "-511022000", "ebitda": "-448840000", "netIncome": "-392781000"}, {"fiscalDateEnding": "2021-06-30", "reportedCurrency": "USD", "grossProfit": "248417000", "totalRevenue": "773896000", "costOfRevenue": "525479000", "costofGoodsAndServicesSold": "525479000", "operatingIncome": "542333000", "sellingGeneralAndAdministrative": "111835000", "researchAndDevelopment": "13976000", "operatingExpenses": "135492000", "investmentIncomeNet": "None", "netInterestIncome": "-7152000", "interestIncome": "5952000", "interestExpense": "7152000", "nonInterestIncome": "None", "otherNonOperatingIncome": "18012000", "depreciation": "None", "depreciationAndAmortization": "61423000", "incomeBeforeTax": "535195000", "incomeTaxExpense": "106985000", "interestAndDebtExpense": "None", "netIncomeFromContinuingOperations": "446208000", "comprehensiveIncomeNetOfTax": "None", "ebit": "121048000", "ebitda": "182471000", "netIncome": "424600000"}, {"fiscalDateEnding": "2021-03-31", "reportedCurrency": "USD", "grossProfit": "263687000", "totalRevenue": "829291000", "costOfRevenue": "565604000", "costofGoodsAndServicesSold": "565604000", "operatingIncome": "155864000", "sellingGeneralAndAdministrative": "93187000", "researchAndDevelopment": "14636000", "operatingExpenses": "107823000", "investmentIncomeNet": "None", "netInterestIncome": "-43882000", "interestIncome": "16082000", "interestExpense": "43882000", "nonInterestIncome": "None", "otherNonOperatingIncome": "27823000", "depreciation": "None", "depreciationAndAmortization": "62260000", "incomeBeforeTax": "123294000", "incomeTaxExpense": "22107000", "interestAndDebtExpense": "None", "netIncomeFromContinuingOperations": "101187000", "comprehensiveIncomeNetOfTax": "None", "ebit": "163462000", "ebitda": "225722000", "netIncome": "95677000"}, {"fiscalDateEnding": "2020-12-31", "reportedCurrency": "USD", "grossProfit": "265420000", "totalRevenue": "879147000", "costOfRevenue": "613727000", "costofGoodsAndServicesSold": "613727000", "operatingIncome": "125136000", "sellingGeneralAndAdministrative": "429827000", "researchAndDevelopment": "15375000", "operatingExpenses": "140284000", "investmentIncomeNet": "None", "netInterestIncome": "-19152000", "interestIncome": "19152000", "interestExpense": "19152000", "nonInterestIncome": "None", "otherNonOperatingIncome": "-13908000", "depreciation": "None", "depreciationAndAmortization": "61770000", "incomeBeforeTax": "48427000", "incomeTaxExpense": "-10101000", "interestAndDebtExpense": "None", "netIncomeFromContinuingOperations": "58528000", "comprehensiveIncomeNetOfTax": "None", "ebit": "95669000", "ebitda": "157439000", "netIncome": "84635000"}, {"fiscalDateEnding": "2020-09-30", "reportedCurrency": "USD", "grossProfit": "254056000", "totalRevenue": "746868000", "costOfRevenue": "492812000", "costofGoodsAndServicesSold": "492812000", "operatingIncome": "144432000", "sellingGeneralAndAdministrative": "96092000", "researchAndDevelopment": "13532000", "operatingExpenses": "109624000", "investmentIncomeNet": "None", "netInterestIncome": "-19227000", "interestIncome": "16125000", "interestExpense": "19227000", "nonInterestIncome": "None", "otherNonOperatingIncome": "22493000", "depreciation": "None", "depreciationAndAmortization": "58679000", "incomeBeforeTax": "121544000", "incomeTaxExpense": "30653000", "interestAndDebtExpense": "None", "netIncomeFromContinuingOperations": "90891000", "comprehensiveIncomeNetOfTax": "None", "ebit": "140771000", "ebitda": "199450000", "netIncome": "98301000"}, {"fiscalDateEnding": "2020-06-30", "reportedCurrency": "USD", "grossProfit": "233359000", "totalRevenue": "764049000", "costOfRevenue": "530690000", "costofGoodsAndServicesSold": "530690000", "operatingIncome": "112200000", "sellingGeneralAndAdministrative": "106949000", "researchAndDevelopment": "14210000", "operatingExpenses": "121159000", "investmentIncomeNet": "None", "netInterestIncome": "-17852000", "interestIncome": "20701000", "interestExpense": "17852000", "nonInterestIncome": "None", "otherNonOperatingIncome": "24841000", "depreciation": "None", "depreciationAndAmortization": "57841000", "incomeBeforeTax": "88075000", "incomeTaxExpense": "15431000", "interestAndDebtExpense": "None", "netIncomeFromContinuingOperations": "72644000", "comprehensiveIncomeNetOfTax": "None", "ebit": "105927000", "ebitda": "163768000", "netIncome": "85624000"}, {"fiscalDateEnding": "2020-03-31", "reportedCurrency": "USD", "grossProfit": "242018000", "totalRevenue": "738845000", "costOfRevenue": "496827000", "costofGoodsAndServicesSold": "496827000", "operatingIncome": "124044000", "sellingGeneralAndAdministrative": "101877000", "researchAndDevelopment": "16097000", "operatingExpenses": "117974000", "investmentIncomeNet": "None", "netInterestIncome": "-16885000", "interestIncome": "22339000", "interestExpense": "16885000", "nonInterestIncome": "None", "otherNonOperatingIncome": "34918000", "depreciation": "None", "depreciationAndAmortization": "53694000", "incomeBeforeTax": "115473000", "incomeTaxExpense": "18442000", "interestAndDebtExpense": "None", "netIncomeFromContinuingOperations": "97031000", "comprehensiveIncomeNetOfTax": "None", "ebit": "132358000", "ebitda": "186052000", "netIncome": "107204000"}, {"fiscalDateEnding": "2019-12-31", "reportedCurrency": "USD", "grossProfit": "338511000", "totalRevenue": "992564000", "costOfRevenue": "654053000", "costofGoodsAndServicesSold": "654053000", "operatingIncome": "139085000", "sellingGeneralAndAdministrative": "185163000", "researchAndDevelopment": "14263000", "operatingExpenses": "199426000", "investmentIncomeNet": "None", "netInterestIncome": "-22400000", "interestIncome": "15718000", "interestExpense": "22400000", "nonInterestIncome": "None", "otherNonOperatingIncome": "None", "depreciation": "None", "depreciationAndAmortization": "56766000", "incomeBeforeTax": "78297000", "incomeTaxExpense": "-5105000", "interestAndDebtExpense": "None", "netIncomeFromContinuingOperations": "106243000", "comprehensiveIncomeNetOfTax": "None", "ebit": "185530000", "ebitda": "242296000", "netIncome": "90391000"}, {"fiscalDateEnding": "2019-09-30", "reportedCurrency": "USD", "grossProfit": "309867000", "totalRevenue": "879747000", "costOfRevenue": "569880000", "costofGoodsAndServicesSold": "569880000", "operatingIncome": "186147000", "sellingGeneralAndAdministrative": "108135000", "researchAndDevelopment": "15585000", "operatingExpenses": "123720000", "investmentIncomeNet": "None", "netInterestIncome": "-11108000", "interestIncome": "30439000", "interestExpense": "11108000", "nonInterestIncome": "None", "otherNonOperatingIncome": "21920000", "depreciation": "None", "depreciationAndAmortization": "54487000", "incomeBeforeTax": "163723000", "incomeTaxExpense": "25341000", "interestAndDebtExpense": "None", "netIncomeFromContinuingOperations": "171618000", "comprehensiveIncomeNetOfTax": "None", "ebit": "174831000", "ebitda": "229318000", "netIncome": "155070000"}, {"fiscalDateEnding": "2019-06-30", "reportedCurrency": "USD", "grossProfit": "325914000", "totalRevenue": "885052000", "costOfRevenue": "559138000", "costofGoodsAndServicesSold": "559138000", "operatingIncome": "185737000", "sellingGeneralAndAdministrative": "126715000", "researchAndDevelopment": "13462000", "operatingExpenses": "140177000", "investmentIncomeNet": "None", "netInterestIncome": "-11601000", "interestIncome": "9502000", "interestExpense": "11601000", "nonInterestIncome": "None", "otherNonOperatingIncome": "31245000", "depreciation": "None", "depreciationAndAmortization": "52948000", "incomeBeforeTax": "167071000", "incomeTaxExpense": "30411000", "interestAndDebtExpense": "None", "netIncomeFromContinuingOperations": "174970000", "comprehensiveIncomeNetOfTax": "None", "ebit": "178672000", "ebitda": "231620000", "netIncome": "154198000"}, {"fiscalDateEnding": "2019-03-31", "reportedCurrency": "USD", "grossProfit": "283486000", "totalRevenue": "832064000", "costOfRevenue": "548578000", "costofGoodsAndServicesSold": "548578000", "operatingIncome": "155154000", "sellingGeneralAndAdministrative": "113355000", "researchAndDevelopment": "14977000", "operatingExpenses": "128332000", "investmentIncomeNet": "None", "netInterestIncome": "-12586000", "interestIncome": "23001000", "interestExpense": "12586000", "nonInterestIncome": "None", "otherNonOperatingIncome": "46472000", "depreciation": "None", "depreciationAndAmortization": "49283000", "incomeBeforeTax": "153859000", "incomeTaxExpense": "37514000", "interestAndDebtExpense": "None", "netIncomeFromContinuingOperations": "116345000", "comprehensiveIncomeNetOfTax": "None", "ebit": "166445000", "ebitda": "215728000", "netIncome": "133569000"}, {"fiscalDateEnding": "2018-12-31", "reportedCurrency": "USD", "grossProfit": "320384000", "totalRevenue": "921699000", "costOfRevenue": "601315000", "costofGoodsAndServicesSold": "601315000", "operatingIncome": "174807000", "sellingGeneralAndAdministrative": "120916000", "researchAndDevelopment": "16384000", "operatingExpenses": "137300000", "investmentIncomeNet": "None", "netInterestIncome": "None", "interestIncome": "None", "interestExpense": "12571000", "nonInterestIncome": "None", "otherNonOperatingIncome": "-4991000", "depreciation": "None", "depreciationAndAmortization": "50187000", "incomeBeforeTax": "129708000", "incomeTaxExpense": "11196000", "interestAndDebtExpense": "None", "netIncomeFromContinuingOperations": "207776000", "comprehensiveIncomeNetOfTax": "None", "ebit": "199069000", "ebitda": "249256000", "netIncome": "129596000"}, {"fiscalDateEnding": "2018-09-30", "reportedCurrency": "USD", "grossProfit": "280537000", "totalRevenue": "777748000", "costOfRevenue": "497211000", "costofGoodsAndServicesSold": "497211000", "operatingIncome": "163760000", "sellingGeneralAndAdministrative": "100167000", "researchAndDevelopment": "16610000", "operatingExpenses": "116777000", "investmentIncomeNet": "None", "netInterestIncome": "None", "interestIncome": "None", "interestExpense": "12988000", "nonInterestIncome": "None", "otherNonOperatingIncome": "25874000", "depreciation": "None", "depreciationAndAmortization": "49707000", "incomeBeforeTax": "154565000", "incomeTaxExpense": "33167000", "interestAndDebtExpense": "None", "netIncomeFromContinuingOperations": "121398000", "comprehensiveIncomeNetOfTax": "None", "ebit": "167553000", "ebitda": "217260000", "netIncome": "129745000"}, {"fiscalDateEnding": "2018-06-30", "reportedCurrency": "USD", "grossProfit": "311356000", "totalRevenue": "853874000", "costOfRevenue": "542518000", "costofGoodsAndServicesSold": "542518000", "operatingIncome": "390350000", "sellingGeneralAndAdministrative": "123637000", "researchAndDevelopment": "16074000", "operatingExpenses": "139711000", "investmentIncomeNet": "None", "netInterestIncome": "None", "interestIncome": "None", "interestExpense": "13308000", "nonInterestIncome": "None", "otherNonOperatingIncome": "13746000", "depreciation": "None", "depreciationAndAmortization": "50474000", "incomeBeforeTax": "371819000", "incomeTaxExpense": "80102000", "interestAndDebtExpense": "None", "netIncomeFromContinuingOperations": "291717000", "comprehensiveIncomeNetOfTax": "None", "ebit": "195337000", "ebitda": "245811000", "netIncome": "302461000"}, {"fiscalDateEnding": "2018-03-31", "reportedCurrency": "USD", "grossProfit": "304979000", "totalRevenue": "821629000", "costOfRevenue": "516650000", "costofGoodsAndServicesSold": "516650000", "operatingIncome": "182623000", "sellingGeneralAndAdministrative": "101370000", "researchAndDevelopment": "20986000", "operatingExpenses": "122356000", "investmentIncomeNet": "None", "netInterestIncome": "None", "interestIncome": "None", "interestExpense": "13538000", "nonInterestIncome": "None", "otherNonOperatingIncome": "-9799000", "depreciation": "None", "depreciationAndAmortization": "50330000", "incomeBeforeTax": "138609000", "incomeTaxExpense": "20361000", "interestAndDebtExpense": "None", "netIncomeFromContinuingOperations": "118248000", "comprehensiveIncomeNetOfTax": "None", "ebit": "186725000", "ebitda": "237055000", "netIncome": "131760000"}, {"fiscalDateEnding": "2017-12-31", "reportedCurrency": "USD", "grossProfit": "307009000", "totalRevenue": "857789000", "costOfRevenue": "550780000", "costofGoodsAndServicesSold": "550780000", "operatingIncome": "177470000", "sellingGeneralAndAdministrative": "108632000", "researchAndDevelopment": "20907000", "operatingExpenses": "129539000", "investmentIncomeNet": "None", "netInterestIncome": "None", "interestIncome": "None", "interestExpense": "16455000", "nonInterestIncome": "None", "otherNonOperatingIncome": "10135000", "depreciation": "None", "depreciationAndAmortization": "52841000", "incomeBeforeTax": "141926000", "incomeTaxExpense": "378221000", "interestAndDebtExpense": "None", "netIncomeFromContinuingOperations": "-207071000", "comprehensiveIncomeNetOfTax": "None", "ebit": "174044000", "ebitda": "226885000", "netIncome": "-218366000"}, {"fiscalDateEnding": "2017-09-30", "reportedCurrency": "USD", "grossProfit": "275789000", "totalRevenue": "754866000", "costOfRevenue": "479077000", "costofGoodsAndServicesSold": "479077000", "operatingIncome": "148444000", "sellingGeneralAndAdministrative": "105582000", "researchAndDevelopment": "21763000", "operatingExpenses": "127345000", "investmentIncomeNet": "None", "netInterestIncome": "None", "interestIncome": "None", "interestExpense": "15792000", "nonInterestIncome": "None", "otherNonOperatingIncome": "16036000", "depreciation": "None", "depreciationAndAmortization": "49895000", "incomeBeforeTax": "129644000", "incomeTaxExpense": "18495000", "interestAndDebtExpense": "None", "netIncomeFromContinuingOperations": "130193000", "comprehensiveIncomeNetOfTax": "None", "ebit": "164713000", "ebitda": "214608000", "netIncome": "118670000"}, {"fiscalDateEnding": "2017-06-30", "reportedCurrency": "USD", "grossProfit": "272094000", "totalRevenue": "737258000", "costOfRevenue": "465164000", "costofGoodsAndServicesSold": "465164000", "operatingIncome": "139071000", "sellingGeneralAndAdministrative": "115686000", "researchAndDevelopment": "17337000", "operatingExpenses": "133023000", "investmentIncomeNet": "None", "netInterestIncome": "None", "interestIncome": "None", "interestExpense": "14590000", "nonInterestIncome": "None", "otherNonOperatingIncome": "12338000", "depreciation": "None", "depreciationAndAmortization": "49122000", "incomeBeforeTax": "121771000", "incomeTaxExpense": "23130000", "interestAndDebtExpense": "None", "netIncomeFromContinuingOperations": "113689000", "comprehensiveIncomeNetOfTax": "None", "ebit": "162726000", "ebitda": "211848000", "netIncome": "103333000"}, {"fiscalDateEnding": "2017-03-31", "reportedCurrency": "USD", "grossProfit": "255088000", "totalRevenue": "722063000", "costOfRevenue": "466975000", "costofGoodsAndServicesSold": "466975000", "operatingIncome": "122764000", "sellingGeneralAndAdministrative": "108001000", "researchAndDevelopment": "24323000", "operatingExpenses": "132324000", "investmentIncomeNet": "None", "netInterestIncome": "None", "interestIncome": "None", "interestExpense": "68513000", "nonInterestIncome": "None", "otherNonOperatingIncome": "20377000", "depreciation": "None", "depreciationAndAmortization": "45070000", "incomeBeforeTax": "53457000", "incomeTaxExpense": "11971000", "interestAndDebtExpense": "None", "netIncomeFromContinuingOperations": "62657000", "comprehensiveIncomeNetOfTax": "None", "ebit": "160571000", "ebitda": "205641000", "netIncome": "51213000"}, {"fiscalDateEnding": "2016-12-31", "reportedCurrency": "USD", "grossProfit": "240966000", "totalRevenue": "696655000", "costOfRevenue": "455689000", "costofGoodsAndServicesSold": "455689000", "operatingIncome": "83352000", "sellingGeneralAndAdministrative": "125476000", "researchAndDevelopment": "19091000", "operatingExpenses": "144567000", "investmentIncomeNet": "None", "netInterestIncome": "None", "interestIncome": "None", "interestExpense": "18321000", "nonInterestIncome": "None", "otherNonOperatingIncome": "19063000", "depreciation": "None", "depreciationAndAmortization": "49670000", "incomeBeforeTax": "70185000", "incomeTaxExpense": "34728000", "interestAndDebtExpense": "None", "netIncomeFromContinuingOperations": "49558000", "comprehensiveIncomeNetOfTax": "None", "ebit": "96399000", "ebitda": "146069000", "netIncome": "602090000"}, {"fiscalDateEnding": "2016-09-30", "reportedCurrency": "USD", "grossProfit": "238972000", "totalRevenue": "654010000", "costOfRevenue": "415038000", "costofGoodsAndServicesSold": "415038000", "operatingIncome": "124909000", "sellingGeneralAndAdministrative": "86302000", "researchAndDevelopment": "21012000", "operatingExpenses": "107314000", "investmentIncomeNet": "None", "netInterestIncome": "None", "interestIncome": "None", "interestExpense": "15946000", "nonInterestIncome": "None", "otherNonOperatingIncome": "17943000", "depreciation": "None", "depreciationAndAmortization": "47994000", "incomeBeforeTax": "111953000", "incomeTaxExpense": "12394000", "interestAndDebtExpense": "None", "netIncomeFromContinuingOperations": "114512000", "comprehensiveIncomeNetOfTax": "None", "ebit": "133058000", "ebitda": "181052000", "netIncome": "128220000"}, {"fiscalDateEnding": "2016-06-30", "reportedCurrency": "USD", "grossProfit": "248104000", "totalRevenue": "669327000", "costOfRevenue": "421223000", "costofGoodsAndServicesSold": "421223000", "operatingIncome": "123493000", "sellingGeneralAndAdministrative": "86055000", "researchAndDevelopment": "20500000", "operatingExpenses": "106555000", "investmentIncomeNet": "None", "netInterestIncome": "None", "interestIncome": "None", "interestExpense": "15800000", "nonInterestIncome": "None", "otherNonOperatingIncome": "11549000", "depreciation": "None", "depreciationAndAmortization": "67953000", "incomeBeforeTax": "105396000", "incomeTaxExpense": "23656000", "interestAndDebtExpense": "None", "netIncomeFromContinuingOperations": "95586000", "comprehensiveIncomeNetOfTax": "None", "ebit": "121196000", "ebitda": "189149000", "netIncome": "-314821000"}, {"fiscalDateEnding": "2016-03-31", "reportedCurrency": "USD", "grossProfit": "337398000", "totalRevenue": "865398000", "costOfRevenue": "528000000", "costofGoodsAndServicesSold": "528000000", "operatingIncome": "274808000", "sellingGeneralAndAdministrative": "139157000", "researchAndDevelopment": "23401000", "operatingExpenses": "162558000", "investmentIncomeNet": "None", "netInterestIncome": "None", "interestIncome": "None", "interestExpense": "25251000", "nonInterestIncome": "None", "otherNonOperatingIncome": "16976000", "depreciation": "None", "depreciationAndAmortization": "60552000", "incomeBeforeTax": "249967000", "incomeTaxExpense": "30985000", "interestAndDebtExpense": "None", "netIncomeFromContinuingOperations": "218982000", "comprehensiveIncomeNetOfTax": "None", "ebit": "242844000", "ebitda": "303396000", "netIncome": "228186000"}, {"fiscalDateEnding": "2015-12-31", "reportedCurrency": "USD", "grossProfit": "325630000", "totalRevenue": "930353000", "costOfRevenue": "604723000", "costofGoodsAndServicesSold": "604723000", "operatingIncome": "189091000", "sellingGeneralAndAdministrative": "91182000", "researchAndDevelopment": "25748000", "operatingExpenses": "116930000", "investmentIncomeNet": "None", "netInterestIncome": "None", "interestIncome": "None", "interestExpense": "31736000", "nonInterestIncome": "None", "otherNonOperatingIncome": "57237000", "depreciation": "None", "depreciationAndAmortization": "59704000", "incomeBeforeTax": "154865000", "incomeTaxExpense": "-19049000", "interestAndDebtExpense": "None", "netIncomeFromContinuingOperations": "182677000", "comprehensiveIncomeNetOfTax": "None", "ebit": "186601000", "ebitda": "246305000", "netIncome": "174252000"}, {"fiscalDateEnding": "2015-09-30", "reportedCurrency": "USD", "grossProfit": "312210000", "totalRevenue": "905093000", "costOfRevenue": "592883000", "costofGoodsAndServicesSold": "592883000", "operatingIncome": "113306000", "sellingGeneralAndAdministrative": "137615000", "researchAndDevelopment": "25295000", "operatingExpenses": "162910000", "investmentIncomeNet": "None", "netInterestIncome": "None", "interestIncome": "None", "interestExpense": "32058000", "nonInterestIncome": "None", "otherNonOperatingIncome": "6050000", "depreciation": "None", "depreciationAndAmortization": "68903000", "incomeBeforeTax": "81714000", "incomeTaxExpense": "16892000", "interestAndDebtExpense": "None", "netIncomeFromContinuingOperations": "70872000", "comprehensiveIncomeNetOfTax": "None", "ebit": "86544000", "ebitda": "155447000", "netIncome": "65392000"}, {"fiscalDateEnding": "2015-06-30", "reportedCurrency": "USD", "grossProfit": "300566000", "totalRevenue": "931485000", "costOfRevenue": "630919000", "costofGoodsAndServicesSold": "630919000", "operatingIncome": "103352000", "sellingGeneralAndAdministrative": "147712000", "researchAndDevelopment": "25336000", "operatingExpenses": "173048000", "investmentIncomeNet": "None", "netInterestIncome": "None", "interestIncome": "None", "interestExpense": "33182000", "nonInterestIncome": "None", "otherNonOperatingIncome": "5794000", "depreciation": "None", "depreciationAndAmortization": "67483000", "incomeBeforeTax": "70711000", "incomeTaxExpense": "17139000", "interestAndDebtExpense": "None", "netIncomeFromContinuingOperations": "59366000", "comprehensiveIncomeNetOfTax": "None", "ebit": "79550000", "ebitda": "147033000", "netIncome": "52147000"}, {"fiscalDateEnding": "2015-03-31", "reportedCurrency": "USD", "grossProfit": "258466000", "totalRevenue": "884404000", "costOfRevenue": "625938000", "costofGoodsAndServicesSold": "625938000", "operatingIncome": "36686000", "sellingGeneralAndAdministrative": "135765000", "researchAndDevelopment": "26492000", "operatingExpenses": "162257000", "investmentIncomeNet": "None", "netInterestIncome": "None", "interestIncome": "None", "interestExpense": "35746000", "nonInterestIncome": "None", "otherNonOperatingIncome": "10392000", "depreciation": "None", "depreciationAndAmortization": "63986000", "incomeBeforeTax": "50897000", "incomeTaxExpense": "14140000", "interestAndDebtExpense": "None", "netIncomeFromContinuingOperations": "47149000", "comprehensiveIncomeNetOfTax": "None", "ebit": "107538000", "ebitda": "171524000", "netIncome": "43115000"}, {"fiscalDateEnding": "2014-12-31", "reportedCurrency": "USD", "grossProfit": "162440000", "totalRevenue": "598566000", "costOfRevenue": "436126000", "costofGoodsAndServicesSold": "436126000", "operatingIncome": "-23338000", "sellingGeneralAndAdministrative": "144008000", "researchAndDevelopment": "21394000", "operatingExpenses": "165402000", "investmentIncomeNet": "None", "netInterestIncome": "None", "interestIncome": "None", "interestExpense": "15103000", "nonInterestIncome": "None", "otherNonOperatingIncome": "13990000", "depreciation": "None", "depreciationAndAmortization": "25228000", "incomeBeforeTax": "-48748000", "incomeTaxExpense": "-28216000", "interestAndDebtExpense": "None", "netIncomeFromContinuingOperations": "-2320000", "comprehensiveIncomeNetOfTax": "None", "ebit": "-33645000", "ebitda": "-8417000", "netIncome": "-18508000"}, {"fiscalDateEnding": "2014-09-30", "reportedCurrency": "USD", "grossProfit": "205446000", "totalRevenue": "642418000", "costOfRevenue": "436972000", "costofGoodsAndServicesSold": "436972000", "operatingIncome": "106473000", "sellingGeneralAndAdministrative": "66012000", "researchAndDevelopment": "22407000", "operatingExpenses": "88419000", "investmentIncomeNet": "None", "netInterestIncome": "None", "interestIncome": "None", "interestExpense": "8749000", "nonInterestIncome": "None", "otherNonOperatingIncome": "2032000", "depreciation": "None", "depreciationAndAmortization": "25630000", "incomeBeforeTax": "91106000", "incomeTaxExpense": "11737000", "interestAndDebtExpense": "None", "netIncomeFromContinuingOperations": "88019000", "comprehensiveIncomeNetOfTax": "None", "ebit": "116734000", "ebitda": "142364000", "netIncome": "72794000"}, {"fiscalDateEnding": "2014-06-30", "reportedCurrency": "USD", "grossProfit": "207363000", "totalRevenue": "604721000", "costOfRevenue": "397358000", "costofGoodsAndServicesSold": "397358000", "operatingIncome": "110240000", "sellingGeneralAndAdministrative": "67011000", "researchAndDevelopment": "21937000", "operatingExpenses": "88948000", "investmentIncomeNet": "None", "netInterestIncome": "None", "interestIncome": "None", "interestExpense": "8733000", "nonInterestIncome": "None", "otherNonOperatingIncome": "9670000", "depreciation": "None", "depreciationAndAmortization": "24905000", "incomeBeforeTax": "100528000", "incomeTaxExpense": "21773000", "interestAndDebtExpense": "None", "netIncomeFromContinuingOperations": "89404000", "comprehensiveIncomeNetOfTax": "None", "ebit": "118415000", "ebitda": "143320000", "netIncome": "22447000"}, {"fiscalDateEnding": "2014-03-31", "reportedCurrency": "USD", "grossProfit": "194286000", "totalRevenue": "656679000", "costOfRevenue": "462393000", "costofGoodsAndServicesSold": "462393000", "operatingIncome": "75404000", "sellingGeneralAndAdministrative": "79310000", "researchAndDevelopment": "22572000", "operatingExpenses": "101882000", "investmentIncomeNet": "None", "netInterestIncome": "None", "interestIncome": "None", "interestExpense": "8773000", "nonInterestIncome": "None", "otherNonOperatingIncome": "10050000", "depreciation": "None", "depreciationAndAmortization": "27809000", "incomeBeforeTax": "67780000", "incomeTaxExpense": "12446000", "interestAndDebtExpense": "None", "netIncomeFromContinuingOperations": "55334000", "comprehensiveIncomeNetOfTax": "None", "ebit": "94923000", "ebitda": "122732000", "netIncome": "56583000"}, {"fiscalDateEnding": "2013-12-31", "reportedCurrency": "USD", "grossProfit": "253527000", "totalRevenue": "691956000", "costOfRevenue": "438429000", "costofGoodsAndServicesSold": "438429000", "operatingIncome": "226183000", "sellingGeneralAndAdministrative": "27304000", "researchAndDevelopment": "21287000", "operatingExpenses": "-6017000", "investmentIncomeNet": "None", "netInterestIncome": "None", "interestIncome": "None", "interestExpense": "9224000", "nonInterestIncome": "None", "otherNonOperatingIncome": "5793000", "depreciation": "None", "depreciationAndAmortization": "27893000", "incomeBeforeTax": "216331000", "incomeTaxExpense": "61406000", "interestAndDebtExpense": "None", "netIncomeFromContinuingOperations": "154925000", "comprehensiveIncomeNetOfTax": "None", "ebit": "225555000", "ebitda": "253448000", "netIncome": "155933000"}, {"fiscalDateEnding": "2013-09-30", "reportedCurrency": "USD", "grossProfit": "211649000", "totalRevenue": "648638000", "costOfRevenue": "436989000", "costofGoodsAndServicesSold": "436989000", "operatingIncome": "129665000", "sellingGeneralAndAdministrative": "62543000", "researchAndDevelopment": "19441000", "operatingExpenses": "81984000", "investmentIncomeNet": "None", "netInterestIncome": "None", "interestIncome": "None", "interestExpense": "9496000", "nonInterestIncome": "None", "otherNonOperatingIncome": "4949000", "depreciation": "None", "depreciationAndAmortization": "27660000", "incomeBeforeTax": "119780000", "incomeTaxExpense": "27274000", "interestAndDebtExpense": "None", "netIncomeFromContinuingOperations": "92506000", "comprehensiveIncomeNetOfTax": "None", "ebit": "128802000", "ebitda": "156462000", "netIncome": "90512000"}, {"fiscalDateEnding": "2013-06-30", "reportedCurrency": "USD", "grossProfit": "196639000", "totalRevenue": "634197000", "costOfRevenue": "437558000", "costofGoodsAndServicesSold": "437558000", "operatingIncome": "112174000", "sellingGeneralAndAdministrative": "62900000", "researchAndDevelopment": "21565000", "operatingExpenses": "84465000", "investmentIncomeNet": "None", "netInterestIncome": "None", "interestIncome": "None", "interestExpense": "7608000", "nonInterestIncome": "None", "otherNonOperatingIncome": "8012000", "depreciation": "None", "depreciationAndAmortization": "26573000", "incomeBeforeTax": "102869000", "incomeTaxExpense": "21450000", "interestAndDebtExpense": "None", "netIncomeFromContinuingOperations": "81419000", "comprehensiveIncomeNetOfTax": "None", "ebit": "106795000", "ebitda": "133368000", "netIncome": "82739000"}, {"fiscalDateEnding": "2013-03-31", "reportedCurrency": "USD", "grossProfit": "199590000", "totalRevenue": "641625000", "costOfRevenue": "442035000", "costofGoodsAndServicesSold": "442035000", "operatingIncome": "114887000", "sellingGeneralAndAdministrative": "64750000", "researchAndDevelopment": "19953000", "operatingExpenses": "84703000", "investmentIncomeNet": "None", "netInterestIncome": "None", "interestIncome": "None", "interestExpense": "5231000", "nonInterestIncome": "None", "otherNonOperatingIncome": "6052000", "depreciation": "None", "depreciationAndAmortization": "25244000", "incomeBeforeTax": "105447000", "incomeTaxExpense": "26192000", "interestAndDebtExpense": "None", "netIncomeFromContinuingOperations": "79255000", "comprehensiveIncomeNetOfTax": "None", "ebit": "110678000", "ebitda": "135922000", "netIncome": "83987000"}, {"fiscalDateEnding": "2012-12-31", "reportedCurrency": "USD", "grossProfit": "191977000", "totalRevenue": "687596000", "costOfRevenue": "495619000", "costofGoodsAndServicesSold": "495619000", "operatingIncome": "31783000", "sellingGeneralAndAdministrative": "97929000", "researchAndDevelopment": "19128000", "operatingExpenses": "143212000", "investmentIncomeNet": "None", "netInterestIncome": "None", "interestIncome": "None", "interestExpense": "7666000", "nonInterestIncome": "None", "otherNonOperatingIncome": "8499000", "depreciation": "None", "depreciationAndAmortization": "24592000", "incomeBeforeTax": "23782000", "incomeTaxExpense": "-10849000", "interestAndDebtExpense": "None", "netIncomeFromContinuingOperations": "63405000", "comprehensiveIncomeNetOfTax": "None", "ebit": "76800000", "ebitda": "101392000", "netIncome": "37726000"}, {"fiscalDateEnding": "2012-09-30", "reportedCurrency": "USD", "grossProfit": "214757000", "totalRevenue": "661226000", "costOfRevenue": "446469000", "costofGoodsAndServicesSold": "446469000", "operatingIncome": "128436000", "sellingGeneralAndAdministrative": "59982000", "researchAndDevelopment": "19831000", "operatingExpenses": "79813000", "investmentIncomeNet": "None", "netInterestIncome": "None", "interestIncome": "None", "interestExpense": "7914000", "nonInterestIncome": "None", "otherNonOperatingIncome": "10305000", "depreciation": "None", "depreciationAndAmortization": "24979000", "incomeBeforeTax": "122892000", "incomeTaxExpense": "26591000", "interestAndDebtExpense": "None", "netIncomeFromContinuingOperations": "96301000", "comprehensiveIncomeNetOfTax": "None", "ebit": "146885000", "ebitda": "171864000", "netIncome": "109459000"}, {"fiscalDateEnding": "2012-06-30", "reportedCurrency": "USD", "grossProfit": "242685000", "totalRevenue": "684894000", "costOfRevenue": "442209000", "costofGoodsAndServicesSold": "442209000", "operatingIncome": "52447000", "sellingGeneralAndAdministrative": "169327000", "researchAndDevelopment": "20911000", "operatingExpenses": "95535000", "investmentIncomeNet": "None", "netInterestIncome": "None", "interestIncome": "None", "interestExpense": "8486000", "nonInterestIncome": "None", "otherNonOperatingIncome": "12024000", "depreciation": "None", "depreciationAndAmortization": "25214000", "incomeBeforeTax": "43273000", "incomeTaxExpense": "-14747000", "interestAndDebtExpense": "None", "netIncomeFromContinuingOperations": "28526000", "comprehensiveIncomeNetOfTax": "None", "ebit": "71251000", "ebitda": "96465000", "netIncome": "37732000"}, {"fiscalDateEnding": "2012-03-31", "reportedCurrency": "USD", "grossProfit": "247887000", "totalRevenue": "711704000", "costOfRevenue": "463817000", "costofGoodsAndServicesSold": "463817000", "operatingIncome": "148146000", "sellingGeneralAndAdministrative": "80692000", "researchAndDevelopment": "19049000", "operatingExpenses": "99741000", "investmentIncomeNet": "None", "netInterestIncome": "None", "interestIncome": "None", "interestExpense": "8734000", "nonInterestIncome": "None", "otherNonOperatingIncome": "8468000", "depreciation": "None", "depreciationAndAmortization": "24235000", "incomeBeforeTax": "139294000", "incomeTaxExpense": "35466000", "interestAndDebtExpense": "None", "netIncomeFromContinuingOperations": "103828000", "comprehensiveIncomeNetOfTax": "None", "ebit": "157809000", "ebitda": "182044000", "netIncome": "114262000"}, {"fiscalDateEnding": "2011-12-31", "reportedCurrency": "USD", "grossProfit": "234082000", "totalRevenue": "707390000", "costOfRevenue": "473308000", "costofGoodsAndServicesSold": "473308000", "operatingIncome": "-121996000", "sellingGeneralAndAdministrative": "79021000", "researchAndDevelopment": "18987000", "operatingExpenses": "98008000", "investmentIncomeNet": "None", "netInterestIncome": "None", "interestIncome": "None", "interestExpense": "8998000", "nonInterestIncome": "None", "otherNonOperatingIncome": "6459000", "depreciation": "None", "depreciationAndAmortization": "24827000", "incomeBeforeTax": "126899000", "incomeTaxExpense": "-230437000", "interestAndDebtExpense": "None", "netIncomeFromContinuingOperations": "97308000", "comprehensiveIncomeNetOfTax": "None", "ebit": "135897000", "ebitda": "160724000", "netIncome": "99443000"}, {"fiscalDateEnding": "2011-09-30", "reportedCurrency": "USD", "grossProfit": "258012000", "totalRevenue": "722977000", "costOfRevenue": "464965000", "costofGoodsAndServicesSold": "464965000", "operatingIncome": "160309000", "sellingGeneralAndAdministrative": "77169000", "researchAndDevelopment": "20534000", "operatingExpenses": "97703000", "investmentIncomeNet": "None", "netInterestIncome": "None", "interestIncome": "None", "interestExpense": "9710000", "nonInterestIncome": "None", "otherNonOperatingIncome": "10456000", "depreciation": "None", "depreciationAndAmortization": "24616000", "incomeBeforeTax": "151555000", "incomeTaxExpense": "38097000", "interestAndDebtExpense": "None", "netIncomeFromContinuingOperations": "113458000", "comprehensiveIncomeNetOfTax": "None", "ebit": "161265000", "ebitda": "185881000", "netIncome": "116098000"}, {"fiscalDateEnding": "2011-06-30", "reportedCurrency": "USD", "grossProfit": "251949000", "totalRevenue": "742108000", "costOfRevenue": "490159000", "costofGoodsAndServicesSold": "490159000", "operatingIncome": "149095000", "sellingGeneralAndAdministrative": "82907000", "researchAndDevelopment": "19947000", "operatingExpenses": "102854000", "investmentIncomeNet": "None", "netInterestIncome": "None", "interestIncome": "None", "interestExpense": "9274000", "nonInterestIncome": "None", "otherNonOperatingIncome": "14027000", "depreciation": "None", "depreciationAndAmortization": "24306000", "incomeBeforeTax": "139061000", "incomeTaxExpense": "-30154000", "interestAndDebtExpense": "None", "netIncomeFromContinuingOperations": "108907000", "comprehensiveIncomeNetOfTax": "None", "ebit": "148335000", "ebitda": "172641000", "netIncome": "114159000"}, {"fiscalDateEnding": "2011-03-31", "reportedCurrency": "USD", "grossProfit": "233016000", "totalRevenue": "696530000", "costOfRevenue": "463514000", "costofGoodsAndServicesSold": "463514000", "operatingIncome": "142362000", "sellingGeneralAndAdministrative": "73039000", "researchAndDevelopment": "17615000", "operatingExpenses": "90654000", "investmentIncomeNet": "None", "netInterestIncome": "None", "interestIncome": "None", "interestExpense": "9592000", "nonInterestIncome": "None", "otherNonOperatingIncome": "13169000", "depreciation": "None", "depreciationAndAmortization": "23004000", "incomeBeforeTax": "133108000", "incomeTaxExpense": "32172000", "interestAndDebtExpense": "None", "netIncomeFromContinuingOperations": "100936000", "comprehensiveIncomeNetOfTax": "None", "ebit": "142700000", "ebitda": "165704000", "netIncome": "106580000"}, {"fiscalDateEnding": "2010-12-31", "reportedCurrency": "USD", "grossProfit": "196461000", "totalRevenue": "604975000", "costOfRevenue": "408514000", "costofGoodsAndServicesSold": "408514000", "operatingIncome": "116248000", "sellingGeneralAndAdministrative": "70403000", "researchAndDevelopment": "14672000", "operatingExpenses": "85075000", "investmentIncomeNet": "None", "netInterestIncome": "None", "interestIncome": "None", "interestExpense": "7474000", "nonInterestIncome": "None", "otherNonOperatingIncome": "None", "depreciation": "None", "depreciationAndAmortization": "24092000", "incomeBeforeTax": "105116000", "incomeTaxExpense": "23802000", "interestAndDebtExpense": "None", "netIncomeFromContinuingOperations": "0", "comprehensiveIncomeNetOfTax": "None", "ebit": "112590000", "ebitda": "136682000", "netIncome": "84972000"}, {"fiscalDateEnding": "2010-09-30", "reportedCurrency": "USD", "grossProfit": "196823000", "totalRevenue": "585036000", "costOfRevenue": "388213000", "costofGoodsAndServicesSold": "388213000", "operatingIncome": "120563000", "sellingGeneralAndAdministrative": "61924000", "researchAndDevelopment": "14336000", "operatingExpenses": "76260000", "investmentIncomeNet": "None", "netInterestIncome": "None", "interestIncome": "None", "interestExpense": "6139000", "nonInterestIncome": "None", "otherNonOperatingIncome": "10482000", "depreciation": "None", "depreciationAndAmortization": "23075000", "incomeBeforeTax": "115727000", "incomeTaxExpense": "27886000", "interestAndDebtExpense": "None", "netIncomeFromContinuingOperations": "87841000", "comprehensiveIncomeNetOfTax": "None", "ebit": "121866000", "ebitda": "144941000", "netIncome": "93689000"}, {"fiscalDateEnding": "2010-06-30", "reportedCurrency": "USD", "grossProfit": "188167000", "totalRevenue": "592483000", "costOfRevenue": "404316000", "costofGoodsAndServicesSold": "404316000", "operatingIncome": "106635000", "sellingGeneralAndAdministrative": "66865000", "researchAndDevelopment": "14667000", "operatingExpenses": "81532000", "investmentIncomeNet": "None", "netInterestIncome": "None", "interestIncome": "None", "interestExpense": "5984000", "nonInterestIncome": "None", "otherNonOperatingIncome": "9766000", "depreciation": "None", "depreciationAndAmortization": "23710000", "incomeBeforeTax": "99922000", "incomeTaxExpense": "24331000", "interestAndDebtExpense": "None", "netIncomeFromContinuingOperations": "75591000", "comprehensiveIncomeNetOfTax": "None", "ebit": "105906000", "ebitda": "129616000", "netIncome": "81751000"}, {"fiscalDateEnding": "2010-03-31", "reportedCurrency": "USD", "grossProfit": "164471000", "totalRevenue": "580270000", "costOfRevenue": "415799000", "costofGoodsAndServicesSold": "415799000", "operatingIncome": "76264000", "sellingGeneralAndAdministrative": "66530000", "researchAndDevelopment": "14719000", "operatingExpenses": "81249000", "investmentIncomeNet": "None", "netInterestIncome": "None", "interestIncome": "None", "interestExpense": "5936000", "nonInterestIncome": "None", "otherNonOperatingIncome": "None", "depreciation": "None", "depreciationAndAmortization": "24701000", "incomeBeforeTax": "71338000", "incomeTaxExpense": "16700000", "interestAndDebtExpense": "None", "netIncomeFromContinuingOperations": "0", "comprehensiveIncomeNetOfTax": "None", "ebit": "77274000", "ebitda": "101975000", "netIncome": "63308000"}, {"fiscalDateEnding": "2009-12-31", "reportedCurrency": "USD", "grossProfit": "149459000", "totalRevenue": "558228000", "costOfRevenue": "408769000", "costofGoodsAndServicesSold": "408769000", "operatingIncome": "63015000", "sellingGeneralAndAdministrative": "59542000", "researchAndDevelopment": "14837000", "operatingExpenses": "74379000", "investmentIncomeNet": "None", "netInterestIncome": "None", "interestIncome": "None", "interestExpense": "6023000", "nonInterestIncome": "None", "otherNonOperatingIncome": "None", "depreciation": "None", "depreciationAndAmortization": "25974000", "incomeBeforeTax": "55503000", "incomeTaxExpense": "-5353000", "interestAndDebtExpense": "None", "netIncomeFromContinuingOperations": "0", "comprehensiveIncomeNetOfTax": "None", "ebit": "61526000", "ebitda": "87500000", "netIncome": "62345000"}, {"fiscalDateEnding": "2009-09-30", "reportedCurrency": "USD", "grossProfit": "134079000", "totalRevenue": "515276000", "costOfRevenue": "381197000", "costofGoodsAndServicesSold": "381197000", "operatingIncome": "62925000", "sellingGeneralAndAdministrative": "56171000", "researchAndDevelopment": "14983000", "operatingExpenses": "71154000", "investmentIncomeNet": "None", "netInterestIncome": "None", "interestIncome": "None", "interestExpense": "6199000", "nonInterestIncome": "None", "otherNonOperatingIncome": "None", "depreciation": "None", "depreciationAndAmortization": "24135000", "incomeBeforeTax": "57069000", "incomeTaxExpense": "5549000", "interestAndDebtExpense": "None", "netIncomeFromContinuingOperations": "0", "comprehensiveIncomeNetOfTax": "None", "ebit": "63268000", "ebitda": "87403000", "netIncome": "52131000"}, {"fiscalDateEnding": "2009-06-30", "reportedCurrency": "USD", "grossProfit": "109818000", "totalRevenue": "445299000", "costOfRevenue": "335481000", "costofGoodsAndServicesSold": "335481000", "operatingIncome": "30991000", "sellingGeneralAndAdministrative": "51481000", "researchAndDevelopment": "14953000", "operatingExpenses": "78827000", "investmentIncomeNet": "None", "netInterestIncome": "None", "interestIncome": "None", "interestExpense": "6088000", "nonInterestIncome": "None", "otherNonOperatingIncome": "None", "depreciation": "None", "depreciationAndAmortization": "24629000", "incomeBeforeTax": "26179000", "incomeTaxExpense": "-7749000", "interestAndDebtExpense": "None", "netIncomeFromContinuingOperations": "0", "comprehensiveIncomeNetOfTax": "None", "ebit": "32267000", "ebitda": "56896000", "netIncome": "38493000"}, {"fiscalDateEnding": "2009-03-31", "reportedCurrency": "USD", "grossProfit": "90506000", "totalRevenue": "486591000", "costOfRevenue": "396085000", "costofGoodsAndServicesSold": "396085000", "operatingIncome": "31148000", "sellingGeneralAndAdministrative": "45434000", "researchAndDevelopment": "16145000", "operatingExpenses": "61579000", "investmentIncomeNet": "None", "netInterestIncome": "None", "interestIncome": "None", "interestExpense": "6274000", "nonInterestIncome": "None", "otherNonOperatingIncome": "None", "depreciation": "None", "depreciationAndAmortization": "25775000", "incomeBeforeTax": "21522000", "incomeTaxExpense": "-525000", "interestAndDebtExpense": "None", "netIncomeFromContinuingOperations": "0", "comprehensiveIncomeNetOfTax": "None", "ebit": "27796000", "ebitda": "53571000", "netIncome": "25399000"}, {"fiscalDateEnding": "2008-12-31", "reportedCurrency": "USD", "grossProfit": "123099000", "totalRevenue": "517725000", "costOfRevenue": "394626000", "costofGoodsAndServicesSold": "394626000", "operatingIncome": "-32834000", "sellingGeneralAndAdministrative": "64116000", "researchAndDevelopment": "15507000", "operatingExpenses": "76345000", "investmentIncomeNet": "None", "netInterestIncome": "None", "interestIncome": "None", "interestExpense": "38200", "nonInterestIncome": "None", "otherNonOperatingIncome": "None", "depreciation": "None", "depreciationAndAmortization": "30130000", "incomeBeforeTax": "-28747000", "incomeTaxExpense": "-45945000", "interestAndDebtExpense": "None", "netIncomeFromContinuingOperations": "0", "comprehensiveIncomeNetOfTax": "None", "ebit": "-16978000", "ebitda": "13152000", "netIncome": "13111000"}, {"fiscalDateEnding": "2008-09-30", "reportedCurrency": "USD", "grossProfit": "154183000", "totalRevenue": "660463000", "costOfRevenue": "506280000", "costofGoodsAndServicesSold": "506280000", "operatingIncome": "66053000", "sellingGeneralAndAdministrative": "59899000", "researchAndDevelopment": "17392000", "operatingExpenses": "77291000", "investmentIncomeNet": "None", "netInterestIncome": "None", "interestIncome": "None", "interestExpense": "9800", "nonInterestIncome": "None", "otherNonOperatingIncome": "None", "depreciation": "None", "depreciationAndAmortization": "27513000", "incomeBeforeTax": "64359000", "incomeTaxExpense": "9878000", "interestAndDebtExpense": "None", "netIncomeFromContinuingOperations": "0", "comprehensiveIncomeNetOfTax": "None", "ebit": "49379000", "ebitda": "76892000", "netIncome": "56175000"}, {"fiscalDateEnding": "2008-06-30", "reportedCurrency": "USD", "grossProfit": "162981000", "totalRevenue": "620750000", "costOfRevenue": "457769000", "costofGoodsAndServicesSold": "457769000", "operatingIncome": "77790000", "sellingGeneralAndAdministrative": "67598000", "researchAndDevelopment": "17593000", "operatingExpenses": "85191000", "investmentIncomeNet": "None", "netInterestIncome": "None", "interestIncome": "None", "interestExpense": "8441000", "nonInterestIncome": "None", "otherNonOperatingIncome": "None", "depreciation": "None", "depreciationAndAmortization": "27500000", "incomeBeforeTax": "71287000", "incomeTaxExpense": "12902000", "interestAndDebtExpense": "None", "netIncomeFromContinuingOperations": "0", "comprehensiveIncomeNetOfTax": "None", "ebit": "50290000", "ebitda": "77790000", "netIncome": "61655000"}, {"fiscalDateEnding": "2008-03-31", "reportedCurrency": "USD", "grossProfit": "167411000", "totalRevenue": "668177000", "costOfRevenue": "500766000", "costofGoodsAndServicesSold": "500766000", "operatingIncome": "87092000", "sellingGeneralAndAdministrative": "63519000", "researchAndDevelopment": "16800000", "operatingExpenses": "80319000", "investmentIncomeNet": "None", "netInterestIncome": "None", "interestIncome": "None", "interestExpense": "10216000", "nonInterestIncome": "None", "otherNonOperatingIncome": "None", "depreciation": "None", "depreciationAndAmortization": "26542000", "incomeBeforeTax": "76444000", "incomeTaxExpense": "16626000", "interestAndDebtExpense": "None", "netIncomeFromContinuingOperations": "0", "comprehensiveIncomeNetOfTax": "None", "ebit": "87524000", "ebitda": "114066000", "netIncome": "63261000"}, {"fiscalDateEnding": "2007-12-31", "reportedCurrency": "USD", "grossProfit": "156358000", "totalRevenue": "599156000", "costOfRevenue": "442798000", "costofGoodsAndServicesSold": "442798000", "operatingIncome": "70744000", "sellingGeneralAndAdministrative": "62224000", "researchAndDevelopment": "16634000", "operatingExpenses": "78858000", "investmentIncomeNet": "None", "netInterestIncome": "None", "interestIncome": "None", "interestExpense": "38300", "nonInterestIncome": "None", "otherNonOperatingIncome": "None", "depreciation": "None", "depreciationAndAmortization": "27031000", "incomeBeforeTax": "70848000", "incomeTaxExpense": "12124000", "interestAndDebtExpense": "None", "netIncomeFromContinuingOperations": "0", "comprehensiveIncomeNetOfTax": "None", "ebit": "77500000", "ebitda": "104531000", "netIncome": "58620000"}, {"fiscalDateEnding": "2007-09-30", "reportedCurrency": "USD", "grossProfit": "152962000", "totalRevenue": "583981000", "costOfRevenue": "431019000", "costofGoodsAndServicesSold": "431019000", "operatingIncome": "69532000", "sellingGeneralAndAdministrative": "61004000", "researchAndDevelopment": "15422000", "operatingExpenses": "76426000", "investmentIncomeNet": "None", "netInterestIncome": "None", "interestIncome": "None", "interestExpense": "9500", "nonInterestIncome": "None", "otherNonOperatingIncome": "None", "depreciation": "None", "depreciationAndAmortization": "26066000", "incomeBeforeTax": "67864000", "incomeTaxExpense": "10433000", "interestAndDebtExpense": "None", "netIncomeFromContinuingOperations": "0", "comprehensiveIncomeNetOfTax": "None", "ebit": "50470000", "ebitda": "76536000", "netIncome": "59099000"}, {"fiscalDateEnding": "2007-06-30", "reportedCurrency": "USD", "grossProfit": "153382000", "totalRevenue": "563812000", "costOfRevenue": "410430000", "costofGoodsAndServicesSold": "410430000", "operatingIncome": "69448000", "sellingGeneralAndAdministrative": "59255000", "researchAndDevelopment": "14924000", "operatingExpenses": "74179000", "investmentIncomeNet": "None", "netInterestIncome": "None", "interestIncome": "None", "interestExpense": "10417000", "nonInterestIncome": "None", "otherNonOperatingIncome": "None", "depreciation": "None", "depreciationAndAmortization": "26409000", "incomeBeforeTax": "65473000", "incomeTaxExpense": "15585000", "interestAndDebtExpense": "None", "netIncomeFromContinuingOperations": "0", "comprehensiveIncomeNetOfTax": "None", "ebit": "79203000", "ebitda": "105612000", "netIncome": "53863000"}, {"fiscalDateEnding": "2007-03-31", "reportedCurrency": "USD", "grossProfit": "159789000", "totalRevenue": "589238000", "costOfRevenue": "429449000", "costofGoodsAndServicesSold": "429449000", "operatingIncome": "75044000", "sellingGeneralAndAdministrative": "62486000", "researchAndDevelopment": "15711000", "operatingExpenses": "78197000", "investmentIncomeNet": "None", "netInterestIncome": "None", "interestIncome": "None", "interestExpense": "8900", "nonInterestIncome": "None", "otherNonOperatingIncome": "None", "depreciation": "None", "depreciationAndAmortization": "27349000", "incomeBeforeTax": "73634000", "incomeTaxExpense": "16936000", "interestAndDebtExpense": "None", "netIncomeFromContinuingOperations": "0", "comprehensiveIncomeNetOfTax": "None", "ebit": "54243000", "ebitda": "81592000", "netIncome": "58108000"}, {"fiscalDateEnding": "2006-12-31", "reportedCurrency": "USD", "grossProfit": "148749000", "totalRevenue": "584537000", "costOfRevenue": "435788000", "costofGoodsAndServicesSold": "435788000", "operatingIncome": "66121000", "sellingGeneralAndAdministrative": "59801000", "researchAndDevelopment": "12107000", "operatingExpenses": "71908000", "investmentIncomeNet": "None", "netInterestIncome": "None", "interestIncome": "None", "interestExpense": "44000", "nonInterestIncome": "None", "otherNonOperatingIncome": "None", "depreciation": "None", "depreciationAndAmortization": "26935000", "incomeBeforeTax": "66528000", "incomeTaxExpense": "3144000", "interestAndDebtExpense": "None", "netIncomeFromContinuingOperations": "0", "comprehensiveIncomeNetOfTax": "None", "ebit": "76841000", "ebitda": "103776000", "netIncome": "62977000"}, {"fiscalDateEnding": "2006-09-30", "reportedCurrency": "USD", "grossProfit": "148228000", "totalRevenue": "607818000", "costOfRevenue": "459590000", "costofGoodsAndServicesSold": "459590000", "operatingIncome": "-21041000", "sellingGeneralAndAdministrative": "58000000", "researchAndDevelopment": "11549000", "operatingExpenses": "69549000", "investmentIncomeNet": "None", "netInterestIncome": "None", "interestIncome": "None", "interestExpense": "10759000", "nonInterestIncome": "None", "otherNonOperatingIncome": "None", "depreciation": "None", "depreciationAndAmortization": "28349000", "incomeBeforeTax": "-20248000", "incomeTaxExpense": "-23330000", "interestAndDebtExpense": "None", "netIncomeFromContinuingOperations": "0", "comprehensiveIncomeNetOfTax": "None", "ebit": "78679000", "ebitda": "107028000", "netIncome": "2289000"}, {"fiscalDateEnding": "2006-06-30", "reportedCurrency": "USD", "grossProfit": "131384000", "totalRevenue": "568797000", "costOfRevenue": "437413000", "costofGoodsAndServicesSold": "437413000", "operatingIncome": "57984000", "sellingGeneralAndAdministrative": "62202000", "researchAndDevelopment": "11198000", "operatingExpenses": "73400000", "investmentIncomeNet": "None", "netInterestIncome": "None", "interestIncome": "None", "interestExpense": "12037000", "nonInterestIncome": "None", "otherNonOperatingIncome": "None", "depreciation": "None", "depreciationAndAmortization": "27040000", "incomeBeforeTax": "43644000", "incomeTaxExpense": "11041000", "interestAndDebtExpense": "None", "netIncomeFromContinuingOperations": "0", "comprehensiveIncomeNetOfTax": "None", "ebit": "30944000", "ebitda": "57984000", "netIncome": "43327000"}, {"fiscalDateEnding": "2006-03-31", "reportedCurrency": "USD", "grossProfit": "122453000", "totalRevenue": "607354000", "costOfRevenue": "484901000", "costofGoodsAndServicesSold": "484901000", "operatingIncome": "53155000", "sellingGeneralAndAdministrative": "57853000", "researchAndDevelopment": "11445000", "operatingExpenses": "69298000", "investmentIncomeNet": "None", "netInterestIncome": "None", "interestIncome": "None", "interestExpense": "10619000", "nonInterestIncome": "None", "otherNonOperatingIncome": "None", "depreciation": "None", "depreciationAndAmortization": "30626000", "incomeBeforeTax": "43462000", "incomeTaxExpense": "11337000", "interestAndDebtExpense": "None", "netIncomeFromContinuingOperations": "0", "comprehensiveIncomeNetOfTax": "None", "ebit": "22529000", "ebitda": "53155000", "netIncome": "34376000"}, {"fiscalDateEnding": "2005-12-31", "reportedCurrency": "USD", "grossProfit": "111298000", "totalRevenue": "588175000", "costOfRevenue": "476877000", "costofGoodsAndServicesSold": "476877000", "operatingIncome": "30201000", "sellingGeneralAndAdministrative": "58607000", "researchAndDevelopment": "10246000", "operatingExpenses": "71823000", "investmentIncomeNet": "None", "netInterestIncome": "None", "interestIncome": "None", "interestExpense": "10701000", "nonInterestIncome": "None", "otherNonOperatingIncome": "None", "depreciation": "None", "depreciationAndAmortization": "31238000", "incomeBeforeTax": "33095000", "incomeTaxExpense": "-1997000", "interestAndDebtExpense": "None", "netIncomeFromContinuingOperations": "0", "comprehensiveIncomeNetOfTax": "None", "ebit": "8237000", "ebitda": "39475000", "netIncome": "32198000"}, {"fiscalDateEnding": "2005-09-30", "reportedCurrency": "USD", "grossProfit": "99611000", "totalRevenue": "506605000", "costOfRevenue": "406994000", "costofGoodsAndServicesSold": "406994000", "operatingIncome": "39081000", "sellingGeneralAndAdministrative": "50423000", "researchAndDevelopment": "10107000", "operatingExpenses": "60530000", "investmentIncomeNet": "None", "netInterestIncome": "None", "interestIncome": "None", "interestExpense": "10882000", "nonInterestIncome": "None", "otherNonOperatingIncome": "None", "depreciation": "None", "depreciationAndAmortization": "28505000", "incomeBeforeTax": "32857000", "incomeTaxExpense": "4502000", "interestAndDebtExpense": "None", "netIncomeFromContinuingOperations": "0", "comprehensiveIncomeNetOfTax": "None", "ebit": "10576000", "ebitda": "39081000", "netIncome": "26292000"}, {"fiscalDateEnding": "2005-06-30", "reportedCurrency": "USD", "grossProfit": "105167000", "totalRevenue": "502754000", "costOfRevenue": "397587000", "costofGoodsAndServicesSold": "397587000", "operatingIncome": "46024000", "sellingGeneralAndAdministrative": "53669000", "researchAndDevelopment": "10342000", "operatingExpenses": "59143000", "investmentIncomeNet": "None", "netInterestIncome": "None", "interestIncome": "None", "interestExpense": "10135000", "nonInterestIncome": "None", "otherNonOperatingIncome": "None", "depreciation": "None", "depreciationAndAmortization": "28647000", "incomeBeforeTax": "46006000", "incomeTaxExpense": "13948000", "interestAndDebtExpense": "None", "netIncomeFromContinuingOperations": "0", "comprehensiveIncomeNetOfTax": "None", "ebit": "17377000", "ebitda": "46024000", "netIncome": "32058000"}, {"fiscalDateEnding": "2005-03-31", "reportedCurrency": "USD", "grossProfit": "107322000", "totalRevenue": "509965000", "costOfRevenue": "402643000", "costofGoodsAndServicesSold": "402643000", "operatingIncome": "39316000", "sellingGeneralAndAdministrative": "57026000", "researchAndDevelopment": "10980000", "operatingExpenses": "68006000", "investmentIncomeNet": "None", "netInterestIncome": "None", "interestIncome": "None", "interestExpense": "10253000", "nonInterestIncome": "None", "otherNonOperatingIncome": "None", "depreciation": "None", "depreciationAndAmortization": "29045000", "incomeBeforeTax": "35459000", "incomeTaxExpense": "11140000", "interestAndDebtExpense": "None", "netIncomeFromContinuingOperations": "0", "comprehensiveIncomeNetOfTax": "None", "ebit": "10271000", "ebitda": "39316000", "netIncome": "24319000"}, {"fiscalDateEnding": "2004-12-31", "reportedCurrency": "USD", "grossProfit": "109029000", "totalRevenue": "451065000", "costOfRevenue": "342036000", "costofGoodsAndServicesSold": "342036000", "operatingIncome": "23928000", "sellingGeneralAndAdministrative": "51659000", "researchAndDevelopment": "12505000", "operatingExpenses": "64164000", "investmentIncomeNet": "None", "netInterestIncome": "None", "interestIncome": "None", "interestExpense": "8182000", "nonInterestIncome": "None", "otherNonOperatingIncome": "None", "depreciation": "None", "depreciationAndAmortization": "27980000", "incomeBeforeTax": "23928000", "incomeTaxExpense": "4291000", "interestAndDebtExpense": "None", "netIncomeFromContinuingOperations": "0", "comprehensiveIncomeNetOfTax": "None", "ebit": "44865000", "ebitda": "72845000", "netIncome": "19637000"}]}