{"symbol": "SPG", "annualReports": [{"fiscalDateEnding": "2024-12-31", "reportedCurrency": "USD", "grossProfit": "5025404000", "totalRevenue": "5963798000", "costOfRevenue": "938394000", "costofGoodsAndServicesSold": "938394000", "operatingIncome": "3092796000", "sellingGeneralAndAdministrative": "44743000", "researchAndDevelopment": "None", "operatingExpenses": "1932608000", "investmentIncomeNet": "None", "netInterestIncome": "-905797000", "interestIncome": "None", "interestExpense": "905797000", "nonInterestIncome": "None", "otherNonOperatingIncome": "None", "depreciation": "None", "depreciationAndAmortization": "1265340000", "incomeBeforeTax": "2752283000", "incomeTaxExpense": "23262000", "interestAndDebtExpense": "None", "netIncomeFromContinuingOperations": "2729021000", "comprehensiveIncomeNetOfTax": "None", "ebit": "3092796000", "ebitda": "4358136000", "netIncome": "7260"}, {"fiscalDateEnding": "2023-12-31", "reportedCurrency": "USD", "grossProfit": "4727707000", "totalRevenue": "5658836000", "costOfRevenue": "931129000", "costofGoodsAndServicesSold": "931129000", "operatingIncome": "2807022000", "sellingGeneralAndAdministrative": "38513000", "researchAndDevelopment": "0.41", "operatingExpenses": "1920685000", "investmentIncomeNet": "None", "netInterestIncome": "-854648000", "interestIncome": "None", "interestExpense": "854648000", "nonInterestIncome": "None", "otherNonOperatingIncome": "None", "depreciation": "None", "depreciationAndAmortization": "1262107000", "incomeBeforeTax": "2698892000", "incomeTaxExpense": "81874000", "interestAndDebtExpense": "None", "netIncomeFromContinuingOperations": "2617018000", "comprehensiveIncomeNetOfTax": "None", "ebit": "2807022000", "ebitda": "4069129000", "netIncome": "2617018000"}, {"fiscalDateEnding": "2022-12-31", "reportedCurrency": "USD", "grossProfit": "4290493000", "totalRevenue": "5291447000", "costOfRevenue": "1000954000", "costofGoodsAndServicesSold": "1000954000", "operatingIncome": "2583553000", "sellingGeneralAndAdministrative": "34971000", "researchAndDevelopment": "0.37", "operatingExpenses": "1706940000", "investmentIncomeNet": "None", "netInterestIncome": "-761253000", "interestIncome": "53303000", "interestExpense": "762848000", "nonInterestIncome": "None", "otherNonOperatingIncome": "647977000", "depreciation": "None", "depreciationAndAmortization": "1875348000", "incomeBeforeTax": "2535897000", "incomeTaxExpense": "83512000", "interestAndDebtExpense": "None", "netIncomeFromContinuingOperations": "2452385000", "comprehensiveIncomeNetOfTax": "None", "ebit": "2583553000", "ebitda": "4458901000", "netIncome": "2139535000"}, {"fiscalDateEnding": "2021-12-31", "reportedCurrency": "USD", "grossProfit": "4145725000", "totalRevenue": "5116789000", "costOfRevenue": "971064000", "costofGoodsAndServicesSold": "971064000", "operatingIncome": "2413190000", "sellingGeneralAndAdministrative": "30339000", "researchAndDevelopment": "0.34", "operatingExpenses": "1732535000", "investmentIncomeNet": "None", "netInterestIncome": "-795712000", "interestIncome": "157702000", "interestExpense": "795712000", "nonInterestIncome": "None", "otherNonOperatingIncome": "730996000", "depreciation": "None", "depreciationAndAmortization": "2045552000", "incomeBeforeTax": "2725906000", "incomeTaxExpense": "157199000", "interestAndDebtExpense": "None", "netIncomeFromContinuingOperations": "2568707000", "comprehensiveIncomeNetOfTax": "None", "ebit": "2413190000", "ebitda": "4458742000", "netIncome": "2249631000"}, {"fiscalDateEnding": "2020-12-31", "reportedCurrency": "USD", "grossProfit": "3720349000", "totalRevenue": "4607503000", "costOfRevenue": "887154000", "costofGoodsAndServicesSold": "887154000", "operatingIncome": "1971809000", "sellingGeneralAndAdministrative": "22572000", "researchAndDevelopment": "0.26", "operatingExpenses": "1748540000", "investmentIncomeNet": "None", "netInterestIncome": "-784400000", "interestIncome": "584162000", "interestExpense": "784400000", "nonInterestIncome": "None", "otherNonOperatingIncome": "219870000", "depreciation": "None", "depreciationAndAmortization": "2635694000", "incomeBeforeTax": "1272687000", "incomeTaxExpense": "-4637000", "interestAndDebtExpense": "None", "netIncomeFromContinuingOperations": "1562925000", "comprehensiveIncomeNetOfTax": "None", "ebit": "776384000", "ebitda": "3412078000", "netIncome": "1112564000"}, {"fiscalDateEnding": "2019-12-31", "reportedCurrency": "USD", "grossProfit": "4733545000", "totalRevenue": "5755189000", "costOfRevenue": "1021644000", "costofGoodsAndServicesSold": "1021644000", "operatingIncome": "2907831000", "sellingGeneralAndAdministrative": "34860000", "researchAndDevelopment": "0.35", "operatingExpenses": "1825714000", "investmentIncomeNet": "None", "netInterestIncome": "-789353000", "interestIncome": "353216000", "interestExpense": "789353000", "nonInterestIncome": "None", "otherNonOperatingIncome": "328093000", "depreciation": "None", "depreciationAndAmortization": "2847358000", "incomeBeforeTax": "2453242000", "incomeTaxExpense": "30054000", "interestAndDebtExpense": "None", "netIncomeFromContinuingOperations": "2769198000", "comprehensiveIncomeNetOfTax": "None", "ebit": "1789409000", "ebitda": "4636767000", "netIncome": "2101584000"}, {"fiscalDateEnding": "2018-12-31", "reportedCurrency": "USD", "grossProfit": "4649955000", "totalRevenue": "5657919000", "costOfRevenue": "1007964000", "costofGoodsAndServicesSold": "1007964000", "operatingIncome": "2911087000", "sellingGeneralAndAdministrative": "46543000", "researchAndDevelopment": "0.37", "operatingExpenses": "1738868000", "investmentIncomeNet": "None", "netInterestIncome": "-815923000", "interestIncome": "355885000", "interestExpense": "815923000", "nonInterestIncome": "None", "otherNonOperatingIncome": "475250000", "depreciation": "None", "depreciationAndAmortization": "2746832000", "incomeBeforeTax": "2859241000", "incomeTaxExpense": "36898000", "interestAndDebtExpense": "None", "netIncomeFromContinuingOperations": "2950251000", "comprehensiveIncomeNetOfTax": "None", "ebit": "1921959000", "ebitda": "4668791000", "netIncome": "2440058000"}, {"fiscalDateEnding": "2017-12-31", "reportedCurrency": "USD", "grossProfit": "4558560000", "totalRevenue": "5538640000", "costOfRevenue": "980080000", "costofGoodsAndServicesSold": "980080000", "operatingIncome": "2802340000", "sellingGeneralAndAdministrative": "51972000", "researchAndDevelopment": "0.34", "operatingExpenses": "1756220000", "investmentIncomeNet": "None", "netInterestIncome": "-809393000", "interestIncome": "409123000", "interestExpense": "809393000", "nonInterestIncome": "None", "otherNonOperatingIncome": "275299000", "depreciation": "None", "depreciationAndAmortization": "2736300000", "incomeBeforeTax": "2268246000", "incomeTaxExpense": "23343000", "interestAndDebtExpense": "None", "netIncomeFromContinuingOperations": "2565780000", "comprehensiveIncomeNetOfTax": "None", "ebit": "1698690000", "ebitda": "4434990000", "netIncome": "1947962000"}, {"fiscalDateEnding": "2016-12-31", "reportedCurrency": "USD", "grossProfit": "4464082000", "totalRevenue": "5435229000", "costOfRevenue": "971147000", "costofGoodsAndServicesSold": "971147000", "operatingIncome": "2720828000", "sellingGeneralAndAdministrative": "65082000", "researchAndDevelopment": "0.32", "operatingExpenses": "1743254000", "investmentIncomeNet": "None", "netInterestIncome": "-857554000", "interestIncome": "504220000", "interestExpense": "857554000", "nonInterestIncome": "None", "otherNonOperatingIncome": "301110000", "depreciation": "None", "depreciationAndAmortization": "2714401000", "incomeBeforeTax": "2164384000", "incomeTaxExpense": "29678000", "interestAndDebtExpense": "None", "netIncomeFromContinuingOperations": "2134706000", "comprehensiveIncomeNetOfTax": "None", "ebit": "1635483000", "ebitda": "4349884000", "netIncome": "1838896000"}, {"fiscalDateEnding": "2015-12-31", "reportedCurrency": "USD", "grossProfit": "4305911000", "totalRevenue": "5266103000", "costOfRevenue": "960192000", "costofGoodsAndServicesSold": "960192000", "operatingIncome": "2668873000", "sellingGeneralAndAdministrative": "60329000", "researchAndDevelopment": "0", "operatingExpenses": "1637038000", "investmentIncomeNet": "None", "netInterestIncome": "None", "interestIncome": "638891000", "interestExpense": "923697000", "nonInterestIncome": "None", "otherNonOperatingIncome": "129563000", "depreciation": "None", "depreciationAndAmortization": "1177568000", "incomeBeforeTax": "2159545000", "incomeTaxExpense": "20170000", "interestAndDebtExpense": "None", "netIncomeFromContinuingOperations": "2139375000", "comprehensiveIncomeNetOfTax": "None", "ebit": "2953679000", "ebitda": "4131247000", "netIncome": "1827720000"}, {"fiscalDateEnding": "2014-12-31", "reportedCurrency": "USD", "grossProfit": "3988015000", "totalRevenue": "4870818000", "costOfRevenue": "882803000", "costofGoodsAndServicesSold": "882803000", "operatingIncome": "2385342000", "sellingGeneralAndAdministrative": "59958000", "researchAndDevelopment": "0", "operatingExpenses": "1602673000", "investmentIncomeNet": "None", "netInterestIncome": "None", "interestIncome": "None", "interestExpense": "992601000", "nonInterestIncome": "None", "otherNonOperatingIncome": "257509000", "depreciation": "None", "depreciationAndAmortization": "1143827000", "incomeBeforeTax": "1650250000", "incomeTaxExpense": "28085000", "interestAndDebtExpense": "None", "netIncomeFromContinuingOperations": "1622165000", "comprehensiveIncomeNetOfTax": "None", "ebit": "2385342000", "ebitda": "3529169000", "netIncome": "1408588000"}, {"fiscalDateEnding": "2013-12-31", "reportedCurrency": "USD", "grossProfit": "4129303000", "totalRevenue": "5170138000", "costOfRevenue": "1040835000", "costofGoodsAndServicesSold": "1040835000", "operatingIncome": "2415689000", "sellingGeneralAndAdministrative": "59803000", "researchAndDevelopment": "0", "operatingExpenses": "1713614000", "investmentIncomeNet": "None", "netInterestIncome": "None", "interestIncome": "None", "interestExpense": "1137139000", "nonInterestIncome": "None", "otherNonOperatingIncome": "312774000", "depreciation": "None", "depreciationAndAmortization": "1290528000", "incomeBeforeTax": "1591324000", "incomeTaxExpense": "39734000", "interestAndDebtExpense": "None", "netIncomeFromContinuingOperations": "1551590000", "comprehensiveIncomeNetOfTax": "None", "ebit": "2415689000", "ebitda": "3706217000", "netIncome": "1319641000"}, {"fiscalDateEnding": "2012-12-31", "reportedCurrency": "USD", "grossProfit": "3874894000", "totalRevenue": "4880084000", "costOfRevenue": "1005190000", "costofGoodsAndServicesSold": "1005190000", "operatingIncome": "2220600000", "sellingGeneralAndAdministrative": "57144000", "researchAndDevelopment": "0", "operatingExpenses": "1660720000", "investmentIncomeNet": "None", "netInterestIncome": "None", "interestIncome": "None", "interestExpense": "1127025000", "nonInterestIncome": "None", "otherNonOperatingIncome": "641937000", "depreciation": "None", "depreciationAndAmortization": "1257569000", "incomeBeforeTax": "1735512000", "incomeTaxExpense": "15880000", "interestAndDebtExpense": "None", "netIncomeFromContinuingOperations": "1719632000", "comprehensiveIncomeNetOfTax": "None", "ebit": "2043538000", "ebitda": "3301107000", "netIncome": "1434496000"}, {"fiscalDateEnding": "2011-12-31", "reportedCurrency": "USD", "grossProfit": "3869861000", "totalRevenue": "4306432000", "costOfRevenue": "436571000", "costofGoodsAndServicesSold": "436571000", "operatingIncome": "1935142000", "sellingGeneralAndAdministrative": "288433000", "researchAndDevelopment": "0", "operatingExpenses": "1934719000", "investmentIncomeNet": "None", "netInterestIncome": "None", "interestIncome": "None", "interestExpense": "983526000", "nonInterestIncome": "None", "otherNonOperatingIncome": "None", "depreciation": "None", "depreciationAndAmortization": "1065946000", "incomeBeforeTax": "1249483000", "incomeTaxExpense": "3583000", "interestAndDebtExpense": "None", "netIncomeFromContinuingOperations": "None", "comprehensiveIncomeNetOfTax": "None", "ebit": "1965465000", "ebitda": "3031411000", "netIncome": "1024799000"}, {"fiscalDateEnding": "2010-12-31", "reportedCurrency": "USD", "grossProfit": "3543366000", "totalRevenue": "3957630000", "costOfRevenue": "414264000", "costofGoodsAndServicesSold": "414264000", "operatingIncome": "1744239000", "sellingGeneralAndAdministrative": "199553000", "researchAndDevelopment": "0", "operatingExpenses": "1731082000", "investmentIncomeNet": "None", "netInterestIncome": "None", "interestIncome": "None", "interestExpense": "1027091000", "nonInterestIncome": "None", "otherNonOperatingIncome": "38100000", "depreciation": "None", "depreciationAndAmortization": "1016027000", "incomeBeforeTax": "434212000", "incomeTaxExpense": "1734000", "interestAndDebtExpense": "None", "netIncomeFromContinuingOperations": "753514000", "comprehensiveIncomeNetOfTax": "None", "ebit": "1728470000", "ebitda": "2744497000", "netIncome": "617038000"}, {"fiscalDateEnding": "2009-12-31", "reportedCurrency": "USD", "grossProfit": "3257777000", "totalRevenue": "3775216000", "costOfRevenue": "517439000", "costofGoodsAndServicesSold": "517439000", "operatingIncome": "1406692000", "sellingGeneralAndAdministrative": "133869000", "researchAndDevelopment": "0", "operatingExpenses": "1653732000", "investmentIncomeNet": "None", "netInterestIncome": "None", "interestIncome": "None", "interestExpense": "992065000", "nonInterestIncome": "None", "otherNonOperatingIncome": "None", "depreciation": "None", "depreciationAndAmortization": "997598000", "incomeBeforeTax": "382042000", "incomeTaxExpense": "-5220000", "interestAndDebtExpense": "None", "netIncomeFromContinuingOperations": "None", "comprehensiveIncomeNetOfTax": "None", "ebit": "1601183000", "ebitda": "2598781000", "netIncome": "309407000"}, {"fiscalDateEnding": "2008-12-31", "reportedCurrency": "USD", "grossProfit": "3327281000", "totalRevenue": "3783155000", "costOfRevenue": "455874000", "costofGoodsAndServicesSold": "455874000", "operatingIncome": "1560877000", "sellingGeneralAndAdministrative": "273731000", "researchAndDevelopment": "None", "operatingExpenses": "1766404000", "investmentIncomeNet": "None", "netInterestIncome": "None", "interestIncome": "None", "interestExpense": "947140000", "nonInterestIncome": "None", "otherNonOperatingIncome": "None", "depreciation": "None", "depreciationAndAmortization": "969477000", "incomeBeforeTax": "467237000", "incomeTaxExpense": "3581000", "interestAndDebtExpense": "None", "netIncomeFromContinuingOperations": "None", "comprehensiveIncomeNetOfTax": "None", "ebit": "1558321000", "ebitda": "2527798000", "netIncome": "463636000"}, {"fiscalDateEnding": "2007-12-31", "reportedCurrency": "USD", "grossProfit": "3650799000", "totalRevenue": "3650799000", "costOfRevenue": "2115734000", "costofGoodsAndServicesSold": "2115734000", "operatingIncome": "1535065000", "sellingGeneralAndAdministrative": "156197000", "researchAndDevelopment": "None", "operatingExpenses": "2060673000", "investmentIncomeNet": "None", "netInterestIncome": "None", "interestIncome": "None", "interestExpense": "1055148000", "nonInterestIncome": "None", "otherNonOperatingIncome": "None", "depreciation": "None", "depreciationAndAmortization": "875284000", "incomeBeforeTax": "507982000", "incomeTaxExpense": "-11322000", "interestAndDebtExpense": "None", "netIncomeFromContinuingOperations": "None", "comprehensiveIncomeNetOfTax": "None", "ebit": "1565417000", "ebitda": "2440701000", "netIncome": "491239000"}, {"fiscalDateEnding": "2006-12-31", "reportedCurrency": "USD", "grossProfit": "3332154000", "totalRevenue": "3332154000", "costOfRevenue": "2011925000", "costofGoodsAndServicesSold": "2011925000", "operatingIncome": "1320229000", "sellingGeneralAndAdministrative": "145986000", "researchAndDevelopment": "None", "operatingExpenses": "2011925000", "investmentIncomeNet": "None", "netInterestIncome": "None", "interestIncome": "None", "interestExpense": "745019000", "nonInterestIncome": "None", "otherNonOperatingIncome": "None", "depreciation": "None", "depreciationAndAmortization": "812718000", "incomeBeforeTax": "574813000", "incomeTaxExpense": "11370000", "interestAndDebtExpense": "None", "netIncomeFromContinuingOperations": "None", "comprehensiveIncomeNetOfTax": "None", "ebit": "1417013000", "ebitda": "2229731000", "netIncome": "563840000"}, {"fiscalDateEnding": "2005-12-31", "reportedCurrency": "USD", "grossProfit": "3166853000", "totalRevenue": "3166853000", "costOfRevenue": "1961430000", "costofGoodsAndServicesSold": "1961430000", "operatingIncome": "1205423000", "sellingGeneralAndAdministrative": "135075000", "researchAndDevelopment": "None", "operatingExpenses": "1961430000", "investmentIncomeNet": "None", "netInterestIncome": "None", "interestIncome": "None", "interestExpense": "745903000", "nonInterestIncome": "None", "otherNonOperatingIncome": "None", "depreciation": "None", "depreciationAndAmortization": "806638000", "incomeBeforeTax": "392588000", "incomeTaxExpense": "-16229000", "interestAndDebtExpense": "None", "netIncomeFromContinuingOperations": "None", "comprehensiveIncomeNetOfTax": "None", "ebit": "1248696000", "ebitda": "2055334000", "netIncome": "475749000"}], "quarterlyReports": [{"fiscalDateEnding": "2024-12-31", "reportedCurrency": "USD", "grossProfit": "1342207000", "totalRevenue": "1582232000", "costOfRevenue": "240025000", "costofGoodsAndServicesSold": "240025000", "operatingIncome": "835746000", "sellingGeneralAndAdministrative": "15602000", "researchAndDevelopment": "None", "operatingExpenses": "506461000", "investmentIncomeNet": "None", "netInterestIncome": "-227415000", "interestIncome": "None", "interestExpense": "227415000", "nonInterestIncome": "None", "otherNonOperatingIncome": "None", "depreciation": "None", "depreciationAndAmortization": "327591000", "incomeBeforeTax": "739851000", "incomeTaxExpense": "-31908000", "interestAndDebtExpense": "None", "netIncomeFromContinuingOperations": "771759000", "comprehensiveIncomeNetOfTax": "None", "ebit": "835746000", "ebitda": "1163337000", "netIncome": "668065000"}, {"fiscalDateEnding": "2024-09-30", "reportedCurrency": "USD", "grossProfit": "1245597000", "totalRevenue": "1480710000", "costOfRevenue": "235113000", "costofGoodsAndServicesSold": "235113000", "operatingIncome": "767769000", "sellingGeneralAndAdministrative": "9171000", "researchAndDevelopment": "None", "operatingExpenses": "477828000", "investmentIncomeNet": "None", "netInterestIncome": "-226424000", "interestIncome": "None", "interestExpense": "226424000", "nonInterestIncome": "None", "otherNonOperatingIncome": "None", "depreciation": "None", "depreciationAndAmortization": "320365000", "incomeBeforeTax": "541345000", "incomeTaxExpense": "2605000", "interestAndDebtExpense": "None", "netIncomeFromContinuingOperations": "546671000", "comprehensiveIncomeNetOfTax": "None", "ebit": "767769000", "ebitda": "1088134000", "netIncome": "475995000"}, {"fiscalDateEnding": "2024-06-30", "reportedCurrency": "USD", "grossProfit": "895794000", "totalRevenue": "1458266000", "costOfRevenue": "562472000", "costofGoodsAndServicesSold": "562472000", "operatingIncome": "754101000", "sellingGeneralAndAdministrative": "10839000", "researchAndDevelopment": "None", "operatingExpenses": "476233000", "investmentIncomeNet": "None", "netInterestIncome": "-221338000", "interestIncome": "None", "interestExpense": "221338000", "nonInterestIncome": "None", "otherNonOperatingIncome": "None", "depreciation": "None", "depreciationAndAmortization": "310016000", "incomeBeforeTax": "532763000", "incomeTaxExpense": "4961000", "interestAndDebtExpense": "None", "netIncomeFromContinuingOperations": "569435000", "comprehensiveIncomeNetOfTax": "None", "ebit": "754101000", "ebitda": "1064117000", "netIncome": "494299000"}, {"fiscalDateEnding": "2024-03-31", "reportedCurrency": "USD", "grossProfit": "874169000", "totalRevenue": "1442590000", "costOfRevenue": "568421000", "costofGoodsAndServicesSold": "568421000", "operatingIncome": "735180000", "sellingGeneralAndAdministrative": "9132000", "researchAndDevelopment": "None", "operatingExpenses": "138989000", "investmentIncomeNet": "None", "netInterestIncome": "-230623000", "interestIncome": "None", "interestExpense": "230623000", "nonInterestIncome": "None", "otherNonOperatingIncome": "None", "depreciation": "None", "depreciationAndAmortization": "307369000", "incomeBeforeTax": "919326000", "incomeTaxExpense": "47603000", "interestAndDebtExpense": "None", "netIncomeFromContinuingOperations": "841155000", "comprehensiveIncomeNetOfTax": "None", "ebit": "735180000", "ebitda": "1042549000", "netIncome": "732536000"}, {"fiscalDateEnding": "2023-12-31", "reportedCurrency": "USD", "grossProfit": "1301315000", "totalRevenue": "1527438000", "costOfRevenue": "226123000", "costofGoodsAndServicesSold": "226123000", "operatingIncome": "791560000", "sellingGeneralAndAdministrative": "10278000", "researchAndDevelopment": "None", "operatingExpenses": "509176000", "investmentIncomeNet": "None", "netInterestIncome": "-224923000", "interestIncome": "None", "interestExpense": "224923000", "nonInterestIncome": "None", "otherNonOperatingIncome": "None", "depreciation": "None", "depreciationAndAmortization": "320256000", "incomeBeforeTax": "762800000", "incomeTaxExpense": "41622000", "interestAndDebtExpense": "None", "netIncomeFromContinuingOperations": "859496000", "comprehensiveIncomeNetOfTax": "None", "ebit": "1144563000", "ebitda": "1464819000", "netIncome": "776508000"}, {"fiscalDateEnding": "2023-09-30", "reportedCurrency": "USD", "grossProfit": "1158951000", "totalRevenue": "1410948000", "costOfRevenue": "251997000", "costofGoodsAndServicesSold": "251997000", "operatingIncome": "694234000", "sellingGeneralAndAdministrative": "9070000", "researchAndDevelopment": "None", "operatingExpenses": "464717000", "investmentIncomeNet": "None", "netInterestIncome": "-212210000", "interestIncome": "35287000", "interestExpense": "212881000", "nonInterestIncome": "None", "otherNonOperatingIncome": "None", "depreciation": "None", "depreciationAndAmortization": "315259000", "incomeBeforeTax": "723980000", "incomeTaxExpense": "43218000", "interestAndDebtExpense": "None", "netIncomeFromContinuingOperations": "680762000", "comprehensiveIncomeNetOfTax": "None", "ebit": "694234000", "ebitda": "1009493000", "netIncome": "594973000"}, {"fiscalDateEnding": "2023-06-30", "reportedCurrency": "USD", "grossProfit": "1116499000", "totalRevenue": "1369601000", "costOfRevenue": "253102000", "costofGoodsAndServicesSold": "253102000", "operatingIncome": "657925000", "sellingGeneralAndAdministrative": "10058000", "researchAndDevelopment": "None", "operatingExpenses": "458574000", "investmentIncomeNet": "None", "netInterestIncome": "-218086000", "interestIncome": "85577000", "interestExpense": "218783000", "nonInterestIncome": "None", "otherNonOperatingIncome": "90455000", "depreciation": "None", "depreciationAndAmortization": "319534000", "incomeBeforeTax": "567992000", "incomeTaxExpense": "10487000", "interestAndDebtExpense": "None", "netIncomeFromContinuingOperations": "557505000", "comprehensiveIncomeNetOfTax": "None", "ebit": "657925000", "ebitda": "977459000", "netIncome": "487177000"}, {"fiscalDateEnding": "2023-03-31", "reportedCurrency": "USD", "grossProfit": "1105768000", "totalRevenue": "1350849000", "costOfRevenue": "245081000", "costofGoodsAndServicesSold": "245081000", "operatingIncome": "662723000", "sellingGeneralAndAdministrative": "9107000", "researchAndDevelopment": "None", "operatingExpenses": "443045000", "investmentIncomeNet": "None", "netInterestIncome": "-199429000", "interestIncome": "156921000", "interestExpense": "199429000", "nonInterestIncome": "None", "otherNonOperatingIncome": "21900000", "depreciation": "None", "depreciationAndAmortization": "322392000", "incomeBeforeTax": "505802000", "incomeTaxExpense": "-13453000", "interestAndDebtExpense": "None", "netIncomeFromContinuingOperations": "519255000", "comprehensiveIncomeNetOfTax": "None", "ebit": "705231000", "ebitda": "1027623000", "netIncome": "452661000"}, {"fiscalDateEnding": "2022-12-31", "reportedCurrency": "USD", "grossProfit": "1133478000", "totalRevenue": "1399898000", "costOfRevenue": "266420000", "costofGoodsAndServicesSold": "266420000", "operatingIncome": "684205000", "sellingGeneralAndAdministrative": "9994000", "researchAndDevelopment": "None", "operatingExpenses": "449273000", "investmentIncomeNet": "None", "netInterestIncome": "-200901000", "interestIncome": "136119000", "interestExpense": "201305000", "nonInterestIncome": "None", "otherNonOperatingIncome": "213634000", "depreciation": "None", "depreciationAndAmortization": "317181000", "incomeBeforeTax": "825092000", "incomeTaxExpense": "52344000", "interestAndDebtExpense": "None", "netIncomeFromContinuingOperations": "772748000", "comprehensiveIncomeNetOfTax": "None", "ebit": "684205000", "ebitda": "1001386000", "netIncome": "674620000"}, {"fiscalDateEnding": "2022-09-30", "reportedCurrency": "USD", "grossProfit": "1063357000", "totalRevenue": "1315786000", "costOfRevenue": "252429000", "costofGoodsAndServicesSold": "252429000", "operatingIncome": "652196000", "sellingGeneralAndAdministrative": "7784000", "researchAndDevelopment": "None", "operatingExpenses": "411161000", "investmentIncomeNet": "None", "netInterestIncome": "-187878000", "interestIncome": "39355000", "interestExpense": "188281000", "nonInterestIncome": "None", "otherNonOperatingIncome": "163086000", "depreciation": "None", "depreciationAndAmortization": "301754000", "incomeBeforeTax": "630103000", "incomeTaxExpense": "8256000", "interestAndDebtExpense": "None", "netIncomeFromContinuingOperations": "621847000", "comprehensiveIncomeNetOfTax": "None", "ebit": "652196000", "ebitda": "953950000", "netIncome": "539872000"}, {"fiscalDateEnding": "2022-06-30", "reportedCurrency": "USD", "grossProfit": "1035395000", "totalRevenue": "1279842000", "costOfRevenue": "244447000", "costofGoodsAndServicesSold": "244447000", "operatingIncome": "626761000", "sellingGeneralAndAdministrative": "9360000", "researchAndDevelopment": "None", "operatingExpenses": "408634000", "investmentIncomeNet": "None", "netInterestIncome": "-187316000", "interestIncome": "15060000", "interestExpense": "187717000", "nonInterestIncome": "None", "otherNonOperatingIncome": "190073000", "depreciation": "None", "depreciationAndAmortization": "298273000", "incomeBeforeTax": "593826000", "incomeTaxExpense": "24346000", "interestAndDebtExpense": "None", "netIncomeFromContinuingOperations": "569480000", "comprehensiveIncomeNetOfTax": "None", "ebit": "626761000", "ebitda": "925034000", "netIncome": "497577000"}, {"fiscalDateEnding": "2022-03-31", "reportedCurrency": "USD", "grossProfit": "1058263000", "totalRevenue": "1295922000", "costOfRevenue": "237659000", "costofGoodsAndServicesSold": "237659000", "operatingIncome": "620391000", "sellingGeneralAndAdministrative": "7833000", "researchAndDevelopment": "None", "operatingExpenses": "437872000", "investmentIncomeNet": "None", "netInterestIncome": "-185159000", "interestIncome": "135007000", "interestExpense": "185546000", "nonInterestIncome": "None", "otherNonOperatingIncome": "81184000", "depreciation": "None", "depreciationAndAmortization": "310163000", "incomeBeforeTax": "486875000", "incomeTaxExpense": "-1435000", "interestAndDebtExpense": "None", "netIncomeFromContinuingOperations": "579398000", "comprehensiveIncomeNetOfTax": "None", "ebit": "620391000", "ebitda": "930554000", "netIncome": "427464000"}, {"fiscalDateEnding": "2021-12-31", "reportedCurrency": "USD", "grossProfit": "1056248000", "totalRevenue": "1326138000", "costOfRevenue": "269890000", "costofGoodsAndServicesSold": "269890000", "operatingIncome": "591533000", "sellingGeneralAndAdministrative": "9600000", "researchAndDevelopment": "None", "operatingExpenses": "464715000", "investmentIncomeNet": "None", "netInterestIncome": "-193504000", "interestIncome": "46065000", "interestExpense": "193768000", "nonInterestIncome": "None", "otherNonOperatingIncome": "200410000", "depreciation": "None", "depreciationAndAmortization": "319864000", "incomeBeforeTax": "622563000", "incomeTaxExpense": "48833000", "interestAndDebtExpense": "None", "netIncomeFromContinuingOperations": "573730000", "comprehensiveIncomeNetOfTax": "None", "ebit": "591533000", "ebitda": "911397000", "netIncome": "504075000"}, {"fiscalDateEnding": "2021-09-30", "reportedCurrency": "USD", "grossProfit": "1049169000", "totalRevenue": "1296554000", "costOfRevenue": "247385000", "costofGoodsAndServicesSold": "247385000", "operatingIncome": "612324000", "sellingGeneralAndAdministrative": "6909000", "researchAndDevelopment": "None", "operatingExpenses": "436845000", "investmentIncomeNet": "None", "netInterestIncome": "-199772000", "interestIncome": "153636000", "interestExpense": "200176000", "nonInterestIncome": "None", "otherNonOperatingIncome": "169931000", "depreciation": "None", "depreciationAndAmortization": "311381000", "incomeBeforeTax": "845910000", "incomeTaxExpense": "67262000", "interestAndDebtExpense": "None", "netIncomeFromContinuingOperations": "778648000", "comprehensiveIncomeNetOfTax": "None", "ebit": "612324000", "ebitda": "923705000", "netIncome": "680770000"}, {"fiscalDateEnding": "2021-06-30", "reportedCurrency": "USD", "grossProfit": "1024342000", "totalRevenue": "1254146000", "costOfRevenue": "229804000", "costofGoodsAndServicesSold": "229804000", "operatingIncome": "604723000", "sellingGeneralAndAdministrative": "7254000", "researchAndDevelopment": "None", "operatingExpenses": "419619000", "investmentIncomeNet": "None", "netInterestIncome": "-200419000", "interestIncome": "148149000", "interestExpense": "200419000", "nonInterestIncome": "None", "otherNonOperatingIncome": "348545000", "depreciation": "None", "depreciationAndAmortization": "315732000", "incomeBeforeTax": "752872000", "incomeTaxExpense": "47003000", "interestAndDebtExpense": "None", "netIncomeFromContinuingOperations": "705869000", "comprehensiveIncomeNetOfTax": "None", "ebit": "604723000", "ebitda": "920455000", "netIncome": "618091000"}, {"fiscalDateEnding": "2021-03-31", "reportedCurrency": "USD", "grossProfit": "1015965000", "totalRevenue": "1239951000", "costOfRevenue": "223986000", "costofGoodsAndServicesSold": "223986000", "operatingIncome": "604612000", "sellingGeneralAndAdministrative": "6576000", "researchAndDevelopment": "None", "operatingExpenses": "411353000", "investmentIncomeNet": "None", "netInterestIncome": "-202016000", "interestIncome": "190148000", "interestExpense": "202016000", "nonInterestIncome": "None", "otherNonOperatingIncome": "12110000", "depreciation": "None", "depreciationAndAmortization": "315738000", "incomeBeforeTax": "504562000", "incomeTaxExpense": "-5898000", "interestAndDebtExpense": "None", "netIncomeFromContinuingOperations": "479168000", "comprehensiveIncomeNetOfTax": "None", "ebit": "604612000", "ebitda": "920350000", "netIncome": "446694000"}, {"fiscalDateEnding": "2020-12-31", "reportedCurrency": "USD", "grossProfit": "916311000", "totalRevenue": "1131429000", "costOfRevenue": "215118000", "costofGoodsAndServicesSold": "215118000", "operatingIncome": "462047000", "sellingGeneralAndAdministrative": "5366000", "researchAndDevelopment": "None", "operatingExpenses": "454264000", "investmentIncomeNet": "None", "netInterestIncome": "-197855000", "interestIncome": "134101000", "interestExpense": "197855000", "nonInterestIncome": "None", "otherNonOperatingIncome": "63260000", "depreciation": "None", "depreciationAndAmortization": "331851000", "incomeBeforeTax": "311154000", "incomeTaxExpense": "-1572000", "interestAndDebtExpense": "None", "netIncomeFromContinuingOperations": "368092000", "comprehensiveIncomeNetOfTax": "None", "ebit": "461448000", "ebitda": "793299000", "netIncome": "272317000"}, {"fiscalDateEnding": "2020-09-30", "reportedCurrency": "USD", "grossProfit": "838156000", "totalRevenue": "1060674000", "costOfRevenue": "222518000", "costofGoodsAndServicesSold": "222518000", "operatingIncome": "404024000", "sellingGeneralAndAdministrative": "3016000", "researchAndDevelopment": "None", "operatingExpenses": "434132000", "investmentIncomeNet": "None", "netInterestIncome": "-201858000", "interestIncome": "141314000", "interestExpense": "201858000", "nonInterestIncome": "None", "otherNonOperatingIncome": "61823000", "depreciation": "None", "depreciationAndAmortization": "339841000", "incomeBeforeTax": "171425000", "incomeTaxExpense": "2779000", "interestAndDebtExpense": "None", "netIncomeFromContinuingOperations": "282063000", "comprehensiveIncomeNetOfTax": "None", "ebit": "404024000", "ebitda": "743865000", "netIncome": "146760000"}, {"fiscalDateEnding": "2020-06-30", "reportedCurrency": "USD", "grossProfit": "860120000", "totalRevenue": "1062041000", "costOfRevenue": "201921000", "costofGoodsAndServicesSold": "201921000", "operatingIncome": "450868000", "sellingGeneralAndAdministrative": "7296000", "researchAndDevelopment": "None", "operatingExpenses": "409252000", "investmentIncomeNet": "None", "netInterestIncome": "-197061000", "interestIncome": "152537000", "interestExpense": "197061000", "nonInterestIncome": "None", "otherNonOperatingIncome": "44322000", "depreciation": "None", "depreciationAndAmortization": "337411000", "incomeBeforeTax": "290486000", "incomeTaxExpense": "-62000", "interestAndDebtExpense": "None", "netIncomeFromContinuingOperations": "328189000", "comprehensiveIncomeNetOfTax": "None", "ebit": "449268000", "ebitda": "786679000", "netIncome": "255047000"}, {"fiscalDateEnding": "2020-03-31", "reportedCurrency": "USD", "grossProfit": "1105762000", "totalRevenue": "1353360000", "costOfRevenue": "247598000", "costofGoodsAndServicesSold": "247598000", "operatingIncome": "654869000", "sellingGeneralAndAdministrative": "6894000", "researchAndDevelopment": "None", "operatingExpenses": "450893000", "investmentIncomeNet": "None", "netInterestIncome": "-187627000", "interestIncome": "156210000", "interestExpense": "187627000", "nonInterestIncome": "None", "otherNonOperatingIncome": "50465000", "depreciation": "None", "depreciationAndAmortization": "340265000", "incomeBeforeTax": "499621000", "incomeTaxExpense": "-5783000", "interestAndDebtExpense": "None", "netIncomeFromContinuingOperations": "584581000", "comprehensiveIncomeNetOfTax": "None", "ebit": "653769000", "ebitda": "994034000", "netIncome": "438439000"}, {"fiscalDateEnding": "2019-12-31", "reportedCurrency": "USD", "grossProfit": "1229531000", "totalRevenue": "1488615000", "costOfRevenue": "259084000", "costofGoodsAndServicesSold": "259084000", "operatingIncome": "776876000", "sellingGeneralAndAdministrative": "7333000", "researchAndDevelopment": "None", "operatingExpenses": "452655000", "investmentIncomeNet": "None", "netInterestIncome": "-189812000", "interestIncome": "65520000", "interestExpense": "189813000", "nonInterestIncome": "None", "otherNonOperatingIncome": "11401000", "depreciation": "None", "depreciationAndAmortization": "324310000", "incomeBeforeTax": "597160000", "incomeTaxExpense": "6744000", "interestAndDebtExpense": "None", "netIncomeFromContinuingOperations": "672998000", "comprehensiveIncomeNetOfTax": "None", "ebit": "774976000", "ebitda": "1099286000", "netIncome": "511028000"}, {"fiscalDateEnding": "2019-09-30", "reportedCurrency": "USD", "grossProfit": "1152809000", "totalRevenue": "1416554000", "costOfRevenue": "263745000", "costofGoodsAndServicesSold": "263745000", "operatingIncome": "705302000", "sellingGeneralAndAdministrative": "8032000", "researchAndDevelopment": "0", "operatingExpenses": "447507000", "investmentIncomeNet": "None", "netInterestIncome": "-202382000", "interestIncome": "80522000", "interestExpense": "202382000", "nonInterestIncome": "None", "otherNonOperatingIncome": "119706000", "depreciation": "None", "depreciationAndAmortization": "334944000", "incomeBeforeTax": "634921000", "incomeTaxExpense": "6197000", "interestAndDebtExpense": "None", "netIncomeFromContinuingOperations": "707288000", "comprehensiveIncomeNetOfTax": "None", "ebit": "705302000", "ebitda": "1040246000", "netIncome": "545088000"}, {"fiscalDateEnding": "2019-06-30", "reportedCurrency": "USD", "grossProfit": "1153303000", "totalRevenue": "1397186000", "costOfRevenue": "243883000", "costofGoodsAndServicesSold": "243883000", "operatingIncome": "680631000", "sellingGeneralAndAdministrative": "10359000", "researchAndDevelopment": "0", "operatingExpenses": "472672000", "investmentIncomeNet": "None", "netInterestIncome": "-198425000", "interestIncome": "104200000", "interestExpense": "198425000", "nonInterestIncome": "None", "otherNonOperatingIncome": "106542000", "depreciation": "None", "depreciationAndAmortization": "352606000", "incomeBeforeTax": "579112000", "incomeTaxExpense": "7010000", "interestAndDebtExpense": "None", "netIncomeFromContinuingOperations": "663452000", "comprehensiveIncomeNetOfTax": "None", "ebit": "680631000", "ebitda": "1033237000", "netIncome": "496158000"}, {"fiscalDateEnding": "2019-03-31", "reportedCurrency": "USD", "grossProfit": "1197904000", "totalRevenue": "1452834000", "costOfRevenue": "254930000", "costofGoodsAndServicesSold": "254930000", "operatingIncome": "750338000", "sellingGeneralAndAdministrative": "9136000", "researchAndDevelopment": "0", "operatingExpenses": "447566000", "investmentIncomeNet": "None", "netInterestIncome": "-198733000", "interestIncome": "108289000", "interestExpense": "198733000", "nonInterestIncome": "None", "otherNonOperatingIncome": "90444000", "depreciation": "None", "depreciationAndAmortization": "328643000", "incomeBeforeTax": "642049000", "incomeTaxExpense": "10102000", "interestAndDebtExpense": "None", "netIncomeFromContinuingOperations": "725460000", "comprehensiveIncomeNetOfTax": "None", "ebit": "750338000", "ebitda": "1078981000", "netIncome": "549309000"}, {"fiscalDateEnding": "2018-12-31", "reportedCurrency": "USD", "grossProfit": "1206656000", "totalRevenue": "1460743000", "costOfRevenue": "254087000", "costofGoodsAndServicesSold": "254087000", "operatingIncome": "754089000", "sellingGeneralAndAdministrative": "10830000", "researchAndDevelopment": "0", "operatingExpenses": "452567000", "investmentIncomeNet": "None", "netInterestIncome": "None", "interestIncome": "None", "interestExpense": "204341000", "nonInterestIncome": "None", "otherNonOperatingIncome": "149988000", "depreciation": "None", "depreciationAndAmortization": "329145000", "incomeBeforeTax": "843614000", "incomeTaxExpense": "10422000", "interestAndDebtExpense": "None", "netIncomeFromContinuingOperations": "818315000", "comprehensiveIncomeNetOfTax": "None", "ebit": "753189000", "ebitda": "1082334000", "netIncome": "713630000"}, {"fiscalDateEnding": "2018-09-30", "reportedCurrency": "USD", "grossProfit": "1147037000", "totalRevenue": "1409005000", "costOfRevenue": "261968000", "costofGoodsAndServicesSold": "261968000", "operatingIncome": "717391000", "sellingGeneralAndAdministrative": "12172000", "researchAndDevelopment": "0", "operatingExpenses": "429646000", "investmentIncomeNet": "None", "netInterestIncome": "None", "interestIncome": "None", "interestExpense": "199469000", "nonInterestIncome": "None", "otherNonOperatingIncome": "134408000", "depreciation": "None", "depreciationAndAmortization": "316175000", "incomeBeforeTax": "652330000", "incomeTaxExpense": "10118000", "interestAndDebtExpense": "None", "netIncomeFromContinuingOperations": "736796000", "comprehensiveIncomeNetOfTax": "None", "ebit": "717391000", "ebitda": "1033566000", "netIncome": "557101000"}, {"fiscalDateEnding": "2018-06-30", "reportedCurrency": "USD", "grossProfit": "1151767000", "totalRevenue": "1388358000", "costOfRevenue": "236591000", "costofGoodsAndServicesSold": "236591000", "operatingIncome": "737675000", "sellingGeneralAndAdministrative": "10913000", "researchAndDevelopment": "0", "operatingExpenses": "414092000", "investmentIncomeNet": "None", "netInterestIncome": "None", "interestIncome": "None", "interestExpense": "206624000", "nonInterestIncome": "None", "otherNonOperatingIncome": "100828000", "depreciation": "None", "depreciationAndAmortization": "320198000", "incomeBeforeTax": "641551000", "incomeTaxExpense": "10137000", "interestAndDebtExpense": "None", "netIncomeFromContinuingOperations": "713533000", "comprehensiveIncomeNetOfTax": "None", "ebit": "737675000", "ebitda": "1057873000", "netIncome": "547838000"}, {"fiscalDateEnding": "2018-03-31", "reportedCurrency": "USD", "grossProfit": "1144495000", "totalRevenue": "1399814000", "costOfRevenue": "255319000", "costofGoodsAndServicesSold": "255319000", "operatingIncome": "701933000", "sellingGeneralAndAdministrative": "12628000", "researchAndDevelopment": "0", "operatingExpenses": "442562000", "investmentIncomeNet": "None", "netInterestIncome": "None", "interestIncome": "None", "interestExpense": "205492000", "nonInterestIncome": "None", "otherNonOperatingIncome": "90026000", "depreciation": "None", "depreciationAndAmortization": "316936000", "incomeBeforeTax": "721744000", "incomeTaxExpense": "6220000", "interestAndDebtExpense": "None", "netIncomeFromContinuingOperations": "681607000", "comprehensiveIncomeNetOfTax": "None", "ebit": "791959000", "ebitda": "1108895000", "netIncome": "621488000"}, {"fiscalDateEnding": "2017-12-31", "reportedCurrency": "USD", "grossProfit": "1182518000", "totalRevenue": "1427692000", "costOfRevenue": "245174000", "costofGoodsAndServicesSold": "245174000", "operatingIncome": "749452000", "sellingGeneralAndAdministrative": "11883000", "researchAndDevelopment": "0", "operatingExpenses": "433066000", "investmentIncomeNet": "None", "netInterestIncome": "None", "interestIncome": "None", "interestExpense": "204986000", "nonInterestIncome": "None", "otherNonOperatingIncome": "121716000", "depreciation": "None", "depreciationAndAmortization": "325187000", "incomeBeforeTax": "666183000", "incomeTaxExpense": "6362000", "interestAndDebtExpense": "None", "netIncomeFromContinuingOperations": "754292000", "comprehensiveIncomeNetOfTax": "None", "ebit": "749452000", "ebitda": "1074639000", "netIncome": "571950000"}, {"fiscalDateEnding": "2017-09-30", "reportedCurrency": "USD", "grossProfit": "1147526000", "totalRevenue": "1403638000", "costOfRevenue": "256112000", "costofGoodsAndServicesSold": "256112000", "operatingIncome": "690068000", "sellingGeneralAndAdministrative": "13014000", "researchAndDevelopment": "0", "operatingExpenses": "457458000", "investmentIncomeNet": "None", "netInterestIncome": "None", "interestIncome": "None", "interestExpense": "199032000", "nonInterestIncome": "None", "otherNonOperatingIncome": "116110000", "depreciation": "None", "depreciationAndAmortization": "336727000", "incomeBeforeTax": "607146000", "incomeTaxExpense": "14511000", "interestAndDebtExpense": "None", "netIncomeFromContinuingOperations": "684081000", "comprehensiveIncomeNetOfTax": "None", "ebit": "690068000", "ebitda": "1026795000", "netIncome": "514617000"}, {"fiscalDateEnding": "2017-06-30", "reportedCurrency": "USD", "grossProfit": "1119062000", "totalRevenue": "1361548000", "costOfRevenue": "242486000", "costofGoodsAndServicesSold": "242486000", "operatingIncome": "686149000", "sellingGeneralAndAdministrative": "13074000", "researchAndDevelopment": "0", "operatingExpenses": "432913000", "investmentIncomeNet": "None", "netInterestIncome": "None", "interestIncome": "None", "interestExpense": "207174000", "nonInterestIncome": "None", "otherNonOperatingIncome": "-31612000", "depreciation": "None", "depreciationAndAmortization": "322396000", "incomeBeforeTax": "447363000", "incomeTaxExpense": "5990000", "interestAndDebtExpense": "None", "netIncomeFromContinuingOperations": "505428000", "comprehensiveIncomeNetOfTax": "None", "ebit": "686149000", "ebitda": "1008545000", "netIncome": "382824000"}, {"fiscalDateEnding": "2017-03-31", "reportedCurrency": "USD", "grossProfit": "1109455000", "totalRevenue": "1345763000", "costOfRevenue": "236308000", "costofGoodsAndServicesSold": "236308000", "operatingIncome": "676671000", "sellingGeneralAndAdministrative": "14001000", "researchAndDevelopment": "0", "operatingExpenses": "432784000", "investmentIncomeNet": "None", "netInterestIncome": "None", "interestIncome": "None", "interestExpense": "198202000", "nonInterestIncome": "None", "otherNonOperatingIncome": "69085000", "depreciation": "None", "depreciationAndAmortization": "310832000", "incomeBeforeTax": "547554000", "incomeTaxExpense": "-3521000", "interestAndDebtExpense": "None", "netIncomeFromContinuingOperations": "621979000", "comprehensiveIncomeNetOfTax": "None", "ebit": "676671000", "ebitda": "987503000", "netIncome": "478570000"}, {"fiscalDateEnding": "2016-12-31", "reportedCurrency": "USD", "grossProfit": "1183475000", "totalRevenue": "1425966000", "costOfRevenue": "242491000", "costofGoodsAndServicesSold": "242491000", "operatingIncome": "700501000", "sellingGeneralAndAdministrative": "19939000", "researchAndDevelopment": "0", "operatingExpenses": "482974000", "investmentIncomeNet": "None", "netInterestIncome": "None", "interestIncome": "None", "interestExpense": "209508000", "nonInterestIncome": "None", "otherNonOperatingIncome": "None", "depreciation": "None", "depreciationAndAmortization": "336717000", "incomeBeforeTax": "456654000", "incomeTaxExpense": "1052000", "interestAndDebtExpense": "None", "netIncomeFromContinuingOperations": "563050000", "comprehensiveIncomeNetOfTax": "None", "ebit": "700500000", "ebitda": "1037217000", "netIncome": "395265000"}, {"fiscalDateEnding": "2016-09-30", "reportedCurrency": "USD", "grossProfit": "1102164000", "totalRevenue": "1357168000", "costOfRevenue": "255004000", "costofGoodsAndServicesSold": "255004000", "operatingIncome": "676191000", "sellingGeneralAndAdministrative": "15154000", "researchAndDevelopment": "0", "operatingExpenses": "425973000", "investmentIncomeNet": "None", "netInterestIncome": "None", "interestIncome": "None", "interestExpense": "214861000", "nonInterestIncome": "None", "otherNonOperatingIncome": "132935000", "depreciation": "None", "depreciationAndAmortization": "311757000", "incomeBeforeTax": "594265000", "incomeTaxExpense": "6325000", "interestAndDebtExpense": "None", "netIncomeFromContinuingOperations": "677247000", "comprehensiveIncomeNetOfTax": "None", "ebit": "676191000", "ebitda": "987948000", "netIncome": "505578000"}, {"fiscalDateEnding": "2016-06-30", "reportedCurrency": "USD", "grossProfit": "1080277000", "totalRevenue": "1315380000", "costOfRevenue": "235103000", "costofGoodsAndServicesSold": "235103000", "operatingIncome": "659236000", "sellingGeneralAndAdministrative": "15125000", "researchAndDevelopment": "0", "operatingExpenses": "421041000", "investmentIncomeNet": "None", "netInterestIncome": "None", "interestIncome": "None", "interestExpense": "213995000", "nonInterestIncome": "None", "otherNonOperatingIncome": "4209000", "depreciation": "None", "depreciationAndAmortization": "303585000", "incomeBeforeTax": "534440000", "incomeTaxExpense": "7115000", "interestAndDebtExpense": "None", "netIncomeFromContinuingOperations": "522308000", "comprehensiveIncomeNetOfTax": "None", "ebit": "678451000", "ebitda": "982036000", "netIncome": "456223000"}, {"fiscalDateEnding": "2016-03-31", "reportedCurrency": "USD", "grossProfit": "1098167000", "totalRevenue": "1336715000", "costOfRevenue": "238548000", "costofGoodsAndServicesSold": "238548000", "operatingIncome": "684901000", "sellingGeneralAndAdministrative": "14864000", "researchAndDevelopment": "0", "operatingExpenses": "413266000", "investmentIncomeNet": "None", "netInterestIncome": "None", "interestIncome": "None", "interestExpense": "219190000", "nonInterestIncome": "None", "otherNonOperatingIncome": "22688000", "depreciation": "None", "depreciationAndAmortization": "300614000", "incomeBeforeTax": "579025000", "incomeTaxExpense": "15186000", "interestAndDebtExpense": "None", "netIncomeFromContinuingOperations": "473213000", "comprehensiveIncomeNetOfTax": "None", "ebit": "684901000", "ebitda": "985515000", "netIncome": "481829000"}, {"fiscalDateEnding": "2015-12-31", "reportedCurrency": "USD", "grossProfit": "1136966000", "totalRevenue": "1380621000", "costOfRevenue": "243655000", "costofGoodsAndServicesSold": "243655000", "operatingIncome": "709730000", "sellingGeneralAndAdministrative": "15147000", "researchAndDevelopment": "0", "operatingExpenses": "427236000", "investmentIncomeNet": "None", "netInterestIncome": "None", "interestIncome": "None", "interestExpense": "230896000", "nonInterestIncome": "None", "otherNonOperatingIncome": "-158575000", "depreciation": "None", "depreciationAndAmortization": "304325000", "incomeBeforeTax": "466648000", "incomeTaxExpense": "6731000", "interestAndDebtExpense": "None", "netIncomeFromContinuingOperations": "459918000", "comprehensiveIncomeNetOfTax": "None", "ebit": "791247000", "ebitda": "1095572000", "netIncome": "393131000"}, {"fiscalDateEnding": "2015-09-30", "reportedCurrency": "USD", "grossProfit": "1068983000", "totalRevenue": "1320137000", "costOfRevenue": "251154000", "costofGoodsAndServicesSold": "251154000", "operatingIncome": "657587000", "sellingGeneralAndAdministrative": "14838000", "researchAndDevelopment": "0", "operatingExpenses": "411396000", "investmentIncomeNet": "None", "netInterestIncome": "None", "interestIncome": "None", "interestExpense": "229654000", "nonInterestIncome": "None", "otherNonOperatingIncome": "None", "depreciation": "None", "depreciationAndAmortization": "289360000", "incomeBeforeTax": "496154000", "incomeTaxExpense": "3658000", "interestAndDebtExpense": "None", "netIncomeFromContinuingOperations": "492496000", "comprehensiveIncomeNetOfTax": "None", "ebit": "657587000", "ebitda": "946947000", "netIncome": "420843000"}, {"fiscalDateEnding": "2015-06-30", "reportedCurrency": "USD", "grossProfit": "1120106000", "totalRevenue": "1349110000", "costOfRevenue": "229004000", "costofGoodsAndServicesSold": "229004000", "operatingIncome": "702385000", "sellingGeneralAndAdministrative": "15345000", "researchAndDevelopment": "0", "operatingExpenses": "417721000", "investmentIncomeNet": "None", "netInterestIncome": "None", "interestIncome": "None", "interestExpense": "230974000", "nonInterestIncome": "None", "otherNonOperatingIncome": "16339000", "depreciation": "None", "depreciationAndAmortization": "295778000", "incomeBeforeTax": "557946000", "incomeTaxExpense": "3420000", "interestAndDebtExpense": "None", "netIncomeFromContinuingOperations": "0", "comprehensiveIncomeNetOfTax": "None", "ebit": "702385000", "ebitda": "998163000", "netIncome": "473778000"}, {"fiscalDateEnding": "2015-03-31", "reportedCurrency": "USD", "grossProfit": "979856000", "totalRevenue": "1216235000", "costOfRevenue": "236379000", "costofGoodsAndServicesSold": "236379000", "operatingIncome": "599171000", "sellingGeneralAndAdministrative": "14999000", "researchAndDevelopment": "0", "operatingExpenses": "380685000", "investmentIncomeNet": "None", "netInterestIncome": "None", "interestIncome": "None", "interestExpense": "232173000", "nonInterestIncome": "None", "otherNonOperatingIncome": "271799000", "depreciation": "None", "depreciationAndAmortization": "288106000", "incomeBeforeTax": "431870000", "incomeTaxExpense": "6362000", "interestAndDebtExpense": "None", "netIncomeFromContinuingOperations": "0", "comprehensiveIncomeNetOfTax": "None", "ebit": "605432000", "ebitda": "893538000", "netIncome": "363008000"}, {"fiscalDateEnding": "2014-12-31", "reportedCurrency": "USD", "grossProfit": "1072531000", "totalRevenue": "1297120000", "costOfRevenue": "224589000", "costofGoodsAndServicesSold": "224589000", "operatingIncome": "655288000", "sellingGeneralAndAdministrative": "15116000", "researchAndDevelopment": "0", "operatingExpenses": "417243000", "investmentIncomeNet": "None", "netInterestIncome": "None", "interestIncome": "None", "interestExpense": "233655000", "nonInterestIncome": "None", "otherNonOperatingIncome": "61780000", "depreciation": "None", "depreciationAndAmortization": "294458000", "incomeBeforeTax": "484000000", "incomeTaxExpense": "8008000", "interestAndDebtExpense": "None", "netIncomeFromContinuingOperations": "434490000", "comprehensiveIncomeNetOfTax": "None", "ebit": "735347000", "ebitda": "1029805000", "netIncome": "405882000"}, {"fiscalDateEnding": "2014-09-30", "reportedCurrency": "USD", "grossProfit": "1009177000", "totalRevenue": "1234694000", "costOfRevenue": "225517000", "costofGoodsAndServicesSold": "225517000", "operatingIncome": "607557000", "sellingGeneralAndAdministrative": "14388000", "researchAndDevelopment": "0", "operatingExpenses": "401620000", "investmentIncomeNet": "None", "netInterestIncome": "None", "interestIncome": "None", "interestExpense": "249780000", "nonInterestIncome": "None", "otherNonOperatingIncome": "-54225000", "depreciation": "None", "depreciationAndAmortization": "281661000", "incomeBeforeTax": "303552000", "incomeTaxExpense": "6589000", "interestAndDebtExpense": "None", "netIncomeFromContinuingOperations": "296963000", "comprehensiveIncomeNetOfTax": "None", "ebit": "607557000", "ebitda": "889218000", "netIncome": "252802000"}, {"fiscalDateEnding": "2014-06-30", "reportedCurrency": "USD", "grossProfit": "968300000", "totalRevenue": "1181982000", "costOfRevenue": "213682000", "costofGoodsAndServicesSold": "213682000", "operatingIncome": "561531000", "sellingGeneralAndAdministrative": "15599000", "researchAndDevelopment": "0", "operatingExpenses": "406769000", "investmentIncomeNet": "None", "netInterestIncome": "None", "interestIncome": "None", "interestExpense": "254930000", "nonInterestIncome": "None", "otherNonOperatingIncome": "189634000", "depreciation": "None", "depreciationAndAmortization": "287214000", "incomeBeforeTax": "496235000", "incomeTaxExpense": "6626000", "interestAndDebtExpense": "None", "netIncomeFromContinuingOperations": "489609000", "comprehensiveIncomeNetOfTax": "None", "ebit": "561531000", "ebitda": "848745000", "netIncome": "407421000"}, {"fiscalDateEnding": "2014-03-31", "reportedCurrency": "USD", "grossProfit": "1042736000", "totalRevenue": "1314991000", "costOfRevenue": "272255000", "costofGoodsAndServicesSold": "272255000", "operatingIncome": "615872000", "sellingGeneralAndAdministrative": "14855000", "researchAndDevelopment": "0", "operatingExpenses": "426864000", "investmentIncomeNet": "None", "netInterestIncome": "None", "interestIncome": "None", "interestExpense": "268151000", "nonInterestIncome": "None", "otherNonOperatingIncome": "60320000", "depreciation": "None", "depreciationAndAmortization": "326461000", "incomeBeforeTax": "408041000", "incomeTaxExpense": "6938000", "interestAndDebtExpense": "None", "netIncomeFromContinuingOperations": "401103000", "comprehensiveIncomeNetOfTax": "None", "ebit": "615872000", "ebitda": "942333000", "netIncome": "342482000"}, {"fiscalDateEnding": "2013-12-31", "reportedCurrency": "USD", "grossProfit": "1146357000", "totalRevenue": "1416260000", "costOfRevenue": "269903000", "costofGoodsAndServicesSold": "269903000", "operatingIncome": "692546000", "sellingGeneralAndAdministrative": "15327000", "researchAndDevelopment": "0", "operatingExpenses": "453811000", "investmentIncomeNet": "None", "netInterestIncome": "None", "interestIncome": "None", "interestExpense": "287657000", "nonInterestIncome": "None", "otherNonOperatingIncome": "54205000", "depreciation": "None", "depreciationAndAmortization": "329183000", "incomeBeforeTax": "459094000", "incomeTaxExpense": "9790000", "interestAndDebtExpense": "None", "netIncomeFromContinuingOperations": "449304000", "comprehensiveIncomeNetOfTax": "None", "ebit": "639821000", "ebitda": "969004000", "netIncome": "382389000"}, {"fiscalDateEnding": "2013-09-30", "reportedCurrency": "USD", "grossProfit": "1034658000", "totalRevenue": "1302256000", "costOfRevenue": "267598000", "costofGoodsAndServicesSold": "267598000", "operatingIncome": "600565000", "sellingGeneralAndAdministrative": "14546000", "researchAndDevelopment": "0", "operatingExpenses": "434093000", "investmentIncomeNet": "None", "netInterestIncome": "None", "interestIncome": "None", "interestExpense": "284491000", "nonInterestIncome": "None", "otherNonOperatingIncome": "58987000", "depreciation": "None", "depreciationAndAmortization": "326073000", "incomeBeforeTax": "375061000", "incomeTaxExpense": "7768000", "interestAndDebtExpense": "None", "netIncomeFromContinuingOperations": "367293000", "comprehensiveIncomeNetOfTax": "None", "ebit": "600565000", "ebitda": "926638000", "netIncome": "312509000"}, {"fiscalDateEnding": "2013-06-30", "reportedCurrency": "USD", "grossProfit": "982568000", "totalRevenue": "1236563000", "costOfRevenue": "253995000", "costofGoodsAndServicesSold": "253995000", "operatingIncome": "564890000", "sellingGeneralAndAdministrative": "15421000", "researchAndDevelopment": "0", "operatingExpenses": "417678000", "investmentIncomeNet": "None", "netInterestIncome": "None", "interestIncome": "None", "interestExpense": "279966000", "nonInterestIncome": "None", "otherNonOperatingIncome": "124584000", "depreciation": "None", "depreciationAndAmortization": "318638000", "incomeBeforeTax": "409508000", "incomeTaxExpense": "8983000", "interestAndDebtExpense": "None", "netIncomeFromContinuingOperations": "400525000", "comprehensiveIncomeNetOfTax": "None", "ebit": "647059000", "ebitda": "965697000", "netIncome": "340770000"}, {"fiscalDateEnding": "2013-03-31", "reportedCurrency": "USD", "grossProfit": "965718000", "totalRevenue": "1215058000", "costOfRevenue": "249340000", "costofGoodsAndServicesSold": "249340000", "operatingIncome": "557689000", "sellingGeneralAndAdministrative": "14509000", "researchAndDevelopment": "0", "operatingExpenses": "408029000", "investmentIncomeNet": "None", "netInterestIncome": "None", "interestIncome": "None", "interestExpense": "285026000", "nonInterestIncome": "None", "otherNonOperatingIncome": "74998000", "depreciation": "None", "depreciationAndAmortization": "316633000", "incomeBeforeTax": "347661000", "incomeTaxExpense": "13193000", "interestAndDebtExpense": "None", "netIncomeFromContinuingOperations": "334468000", "comprehensiveIncomeNetOfTax": "None", "ebit": "638028000", "ebitda": "954661000", "netIncome": "283972000"}, {"fiscalDateEnding": "2012-12-31", "reportedCurrency": "USD", "grossProfit": "1082412000", "totalRevenue": "1344431000", "costOfRevenue": "262019000", "costofGoodsAndServicesSold": "262019000", "operatingIncome": "614598000", "sellingGeneralAndAdministrative": "14358000", "researchAndDevelopment": "0", "operatingExpenses": "474240000", "investmentIncomeNet": "None", "netInterestIncome": "None", "interestIncome": "None", "interestExpense": "291492000", "nonInterestIncome": "None", "otherNonOperatingIncome": "None", "depreciation": "None", "depreciationAndAmortization": "350353000", "incomeBeforeTax": "376504000", "incomeTaxExpense": "6008000", "interestAndDebtExpense": "None", "netIncomeFromContinuingOperations": "0", "comprehensiveIncomeNetOfTax": "None", "ebit": "686724000", "ebitda": "1037077000", "netIncome": "316217000"}, {"fiscalDateEnding": "2012-09-30", "reportedCurrency": "USD", "grossProfit": "1096239000", "totalRevenue": "1228617000", "costOfRevenue": "132378000", "costofGoodsAndServicesSold": "132378000", "operatingIncome": "560952000", "sellingGeneralAndAdministrative": "67778000", "researchAndDevelopment": "0", "operatingExpenses": "535287000", "investmentIncomeNet": "None", "netInterestIncome": "None", "interestIncome": "None", "interestExpense": "288896000", "nonInterestIncome": "None", "otherNonOperatingIncome": "None", "depreciation": "None", "depreciationAndAmortization": "320121000", "incomeBeforeTax": "306274000", "incomeTaxExpense": "-97000", "interestAndDebtExpense": "None", "netIncomeFromContinuingOperations": "0", "comprehensiveIncomeNetOfTax": "None", "ebit": "599171000", "ebitda": "919292000", "netIncome": "255755000"}, {"fiscalDateEnding": "2012-06-30", "reportedCurrency": "USD", "grossProfit": "1072048000", "totalRevenue": "1188066000", "costOfRevenue": "116018000", "costofGoodsAndServicesSold": "116018000", "operatingIncome": "521355000", "sellingGeneralAndAdministrative": "76502000", "researchAndDevelopment": "0", "operatingExpenses": "550693000", "investmentIncomeNet": "None", "netInterestIncome": "None", "interestIncome": "None", "interestExpense": "288560000", "nonInterestIncome": "None", "otherNonOperatingIncome": "None", "depreciation": "None", "depreciationAndAmortization": "311863000", "incomeBeforeTax": "261927000", "incomeTaxExpense": "991000", "interestAndDebtExpense": "None", "netIncomeFromContinuingOperations": "0", "comprehensiveIncomeNetOfTax": "None", "ebit": "522346000", "ebitda": "834209000", "netIncome": "216279000"}, {"fiscalDateEnding": "2012-03-31", "reportedCurrency": "USD", "grossProfit": "1014229000", "totalRevenue": "1118969000", "costOfRevenue": "104740000", "costofGoodsAndServicesSold": "104740000", "operatingIncome": "515609000", "sellingGeneralAndAdministrative": "72388000", "researchAndDevelopment": "0", "operatingExpenses": "498620000", "investmentIncomeNet": "None", "netInterestIncome": "None", "interestIncome": "None", "interestExpense": "258079000", "nonInterestIncome": "None", "otherNonOperatingIncome": "None", "depreciation": "None", "depreciationAndAmortization": "298502000", "incomeBeforeTax": "287883000", "incomeTaxExpense": "891000", "interestAndDebtExpense": "None", "netIncomeFromContinuingOperations": "0", "comprehensiveIncomeNetOfTax": "None", "ebit": "545962000", "ebitda": "844464000", "netIncome": "646244000"}, {"fiscalDateEnding": "2011-12-31", "reportedCurrency": "USD", "grossProfit": "1065780000", "totalRevenue": "1171338000", "costOfRevenue": "105558000", "costofGoodsAndServicesSold": "105558000", "operatingIncome": "533082000", "sellingGeneralAndAdministrative": "85827000", "researchAndDevelopment": "0", "operatingExpenses": "593952000", "investmentIncomeNet": "None", "netInterestIncome": "None", "interestIncome": "None", "interestExpense": "246508000", "nonInterestIncome": "None", "otherNonOperatingIncome": "None", "depreciation": "None", "depreciationAndAmortization": "293385000", "incomeBeforeTax": "442808000", "incomeTaxExpense": "877000", "interestAndDebtExpense": "None", "netIncomeFromContinuingOperations": "0", "comprehensiveIncomeNetOfTax": "None", "ebit": "689316000", "ebitda": "982701000", "netIncome": "363764000"}, {"fiscalDateEnding": "2011-09-30", "reportedCurrency": "USD", "grossProfit": "951914000", "totalRevenue": "1074360000", "costOfRevenue": "122446000", "costofGoodsAndServicesSold": "122446000", "operatingIncome": "483598000", "sellingGeneralAndAdministrative": "69964000", "researchAndDevelopment": "0", "operatingExpenses": "468316000", "investmentIncomeNet": "None", "netInterestIncome": "None", "interestIncome": "None", "interestExpense": "244384000", "nonInterestIncome": "None", "otherNonOperatingIncome": "95427000", "depreciation": "None", "depreciationAndAmortization": "260802000", "incomeBeforeTax": "334641000", "incomeTaxExpense": "860000", "interestAndDebtExpense": "None", "netIncomeFromContinuingOperations": "333781000", "comprehensiveIncomeNetOfTax": "None", "ebit": "406151000", "ebitda": "666953000", "netIncome": "274834000"}, {"fiscalDateEnding": "2011-06-30", "reportedCurrency": "USD", "grossProfit": "931836000", "totalRevenue": "1040861000", "costOfRevenue": "109025000", "costofGoodsAndServicesSold": "109025000", "operatingIncome": "467572000", "sellingGeneralAndAdministrative": "65084000", "researchAndDevelopment": "0", "operatingExpenses": "464264000", "investmentIncomeNet": "None", "netInterestIncome": "None", "interestIncome": "None", "interestExpense": "244517000", "nonInterestIncome": "None", "otherNonOperatingIncome": "28170000", "depreciation": "None", "depreciationAndAmortization": "261298000", "incomeBeforeTax": "236876000", "incomeTaxExpense": "703000", "interestAndDebtExpense": "None", "netIncomeFromContinuingOperations": "250522000", "comprehensiveIncomeNetOfTax": "None", "ebit": "453926000", "ebitda": "715224000", "netIncome": "205955000"}, {"fiscalDateEnding": "2011-03-31", "reportedCurrency": "USD", "grossProfit": "920333000", "totalRevenue": "1019874000", "costOfRevenue": "99541000", "costofGoodsAndServicesSold": "99541000", "operatingIncome": "450890000", "sellingGeneralAndAdministrative": "67558000", "researchAndDevelopment": "0", "operatingExpenses": "469443000", "investmentIncomeNet": "None", "netInterestIncome": "None", "interestIncome": "None", "interestExpense": "248119000", "nonInterestIncome": "None", "otherNonOperatingIncome": "18037000", "depreciation": "None", "depreciationAndAmortization": "266310000", "incomeBeforeTax": "221392000", "incomeTaxExpense": "1142000", "interestAndDebtExpense": "None", "netIncomeFromContinuingOperations": "219666000", "comprehensiveIncomeNetOfTax": "None", "ebit": "452616000", "ebitda": "718926000", "netIncome": "180246000"}, {"fiscalDateEnding": "2010-12-31", "reportedCurrency": "USD", "grossProfit": "1021103000", "totalRevenue": "1119718000", "costOfRevenue": "98615000", "costofGoodsAndServicesSold": "98615000", "operatingIncome": "504062000", "sellingGeneralAndAdministrative": "46395000", "researchAndDevelopment": "0", "operatingExpenses": "448996000", "investmentIncomeNet": "None", "netInterestIncome": "None", "interestIncome": "None", "interestExpense": "252405000", "nonInterestIncome": "None", "otherNonOperatingIncome": "None", "depreciation": "None", "depreciationAndAmortization": "284634000", "incomeBeforeTax": "218758000", "incomeTaxExpense": "-218758000", "interestAndDebtExpense": "None", "netIncomeFromContinuingOperations": "0", "comprehensiveIncomeNetOfTax": "None", "ebit": "617689000", "ebitda": "902323000", "netIncome": "218758000"}, {"fiscalDateEnding": "2010-09-30", "reportedCurrency": "USD", "grossProfit": "863628000", "totalRevenue": "979275000", "costOfRevenue": "115647000", "costofGoodsAndServicesSold": "115647000", "operatingIncome": "397794000", "sellingGeneralAndAdministrative": "54010000", "researchAndDevelopment": "0", "operatingExpenses": "465834000", "investmentIncomeNet": "None", "netInterestIncome": "None", "interestIncome": "None", "interestExpense": "249264000", "nonInterestIncome": "None", "otherNonOperatingIncome": "None", "depreciation": "None", "depreciationAndAmortization": "243303000", "incomeBeforeTax": "280283000", "incomeTaxExpense": "-249000", "interestAndDebtExpense": "None", "netIncomeFromContinuingOperations": "0", "comprehensiveIncomeNetOfTax": "None", "ebit": "543558000", "ebitda": "786861000", "netIncome": "231458000"}, {"fiscalDateEnding": "2010-06-30", "reportedCurrency": "USD", "grossProfit": "832332000", "totalRevenue": "933566000", "costOfRevenue": "101234000", "costofGoodsAndServicesSold": "101234000", "operatingIncome": "415467000", "sellingGeneralAndAdministrative": "52976000", "researchAndDevelopment": "0", "operatingExpenses": "416865000", "investmentIncomeNet": "None", "netInterestIncome": "None", "interestIncome": "None", "interestExpense": "261463000", "nonInterestIncome": "None", "otherNonOperatingIncome": "None", "depreciation": "None", "depreciationAndAmortization": "234190000", "incomeBeforeTax": "164618000", "incomeTaxExpense": "-510000", "interestAndDebtExpense": "None", "netIncomeFromContinuingOperations": "0", "comprehensiveIncomeNetOfTax": "None", "ebit": "415467000", "ebitda": "649657000", "netIncome": "151839000"}, {"fiscalDateEnding": "2010-03-31", "reportedCurrency": "USD", "grossProfit": "826303000", "totalRevenue": "925071000", "costOfRevenue": "98768000", "costofGoodsAndServicesSold": "98768000", "operatingIncome": "426916000", "sellingGeneralAndAdministrative": "46172000", "researchAndDevelopment": "0", "operatingExpenses": "399387000", "investmentIncomeNet": "None", "netInterestIncome": "None", "interestIncome": "None", "interestExpense": "263959000", "nonInterestIncome": "None", "otherNonOperatingIncome": "None", "depreciation": "None", "depreciationAndAmortization": "228909000", "incomeBeforeTax": "14983000", "incomeTaxExpense": "-14983000", "interestAndDebtExpense": "None", "netIncomeFromContinuingOperations": "0", "comprehensiveIncomeNetOfTax": "None", "ebit": "592541000", "ebitda": "821450000", "netIncome": "14983000"}, {"fiscalDateEnding": "2009-12-31", "reportedCurrency": "USD", "grossProfit": "929275000", "totalRevenue": "1028180000", "costOfRevenue": "98905000", "costofGoodsAndServicesSold": "98905000", "operatingIncome": "425601000", "sellingGeneralAndAdministrative": "64384000", "researchAndDevelopment": "0", "operatingExpenses": "306321000", "investmentIncomeNet": "None", "netInterestIncome": "None", "interestIncome": "None", "interestExpense": "263705000", "nonInterestIncome": "None", "otherNonOperatingIncome": "None", "depreciation": "None", "depreciationAndAmortization": "244165000", "incomeBeforeTax": "113617000", "incomeTaxExpense": "-2316000", "interestAndDebtExpense": "None", "netIncomeFromContinuingOperations": "0", "comprehensiveIncomeNetOfTax": "None", "ebit": "377322000", "ebitda": "621487000", "netIncome": "98255000"}, {"fiscalDateEnding": "2009-09-30", "reportedCurrency": "USD", "grossProfit": "811117000", "totalRevenue": "924932000", "costOfRevenue": "113815000", "costofGoodsAndServicesSold": "113815000", "operatingIncome": "392177000", "sellingGeneralAndAdministrative": "50559000", "researchAndDevelopment": "0", "operatingExpenses": "418940000", "investmentIncomeNet": "None", "netInterestIncome": "None", "interestIncome": "None", "interestExpense": "257881000", "nonInterestIncome": "None", "otherNonOperatingIncome": "None", "depreciation": "None", "depreciationAndAmortization": "250151000", "incomeBeforeTax": "138951000", "incomeTaxExpense": "-238000", "interestAndDebtExpense": "None", "netIncomeFromContinuingOperations": "0", "comprehensiveIncomeNetOfTax": "None", "ebit": "395519000", "ebitda": "645670000", "netIncome": "112086000"}, {"fiscalDateEnding": "2009-06-30", "reportedCurrency": "USD", "grossProfit": "796776000", "totalRevenue": "903612000", "costOfRevenue": "106836000", "costofGoodsAndServicesSold": "106836000", "operatingIncome": "224698000", "sellingGeneralAndAdministrative": "52166000", "researchAndDevelopment": "0", "operatingExpenses": "572078000", "investmentIncomeNet": "None", "netInterestIncome": "None", "interestIncome": "None", "interestExpense": "244443000", "nonInterestIncome": "None", "otherNonOperatingIncome": "None", "depreciation": "None", "depreciationAndAmortization": "254227000", "incomeBeforeTax": "-14251000", "incomeTaxExpense": "-143000", "interestAndDebtExpense": "None", "netIncomeFromContinuingOperations": "0", "comprehensiveIncomeNetOfTax": "None", "ebit": "230192000", "ebitda": "484419000", "netIncome": "-14231000"}, {"fiscalDateEnding": "2009-03-31", "reportedCurrency": "USD", "grossProfit": "812345000", "totalRevenue": "918492000", "costOfRevenue": "106147000", "costofGoodsAndServicesSold": "106147000", "operatingIncome": "364216000", "sellingGeneralAndAdministrative": "52799000", "researchAndDevelopment": "0", "operatingExpenses": "448129000", "investmentIncomeNet": "None", "netInterestIncome": "None", "interestIncome": "None", "interestExpense": "226036000", "nonInterestIncome": "None", "otherNonOperatingIncome": "None", "depreciation": "None", "depreciationAndAmortization": "257605000", "incomeBeforeTax": "143725000", "incomeTaxExpense": "-2523000", "interestAndDebtExpense": "None", "netIncomeFromContinuingOperations": "0", "comprehensiveIncomeNetOfTax": "None", "ebit": "362948000", "ebitda": "620553000", "netIncome": "113297000"}, {"fiscalDateEnding": "2008-12-31", "reportedCurrency": "USD", "grossProfit": "925629000", "totalRevenue": "1029316000", "costOfRevenue": "103687000", "costofGoodsAndServicesSold": "103687000", "operatingIncome": "445818000", "sellingGeneralAndAdministrative": "74275000", "researchAndDevelopment": "0", "operatingExpenses": "479811000", "investmentIncomeNet": "None", "netInterestIncome": "None", "interestIncome": "None", "interestExpense": "244933000", "nonInterestIncome": "None", "otherNonOperatingIncome": "None", "depreciation": "None", "depreciationAndAmortization": "269975000", "incomeBeforeTax": "154367000", "incomeTaxExpense": "2005000", "interestAndDebtExpense": "None", "netIncomeFromContinuingOperations": "0", "comprehensiveIncomeNetOfTax": "None", "ebit": "399300000", "ebitda": "669275000", "netIncome": "152342000"}, {"fiscalDateEnding": "2008-09-30", "reportedCurrency": "USD", "grossProfit": "808079000", "totalRevenue": "935594000", "costOfRevenue": "127515000", "costofGoodsAndServicesSold": "127515000", "operatingIncome": "383695000", "sellingGeneralAndAdministrative": "59749000", "researchAndDevelopment": "0", "operatingExpenses": "424384000", "investmentIncomeNet": "None", "netInterestIncome": "None", "interestIncome": "None", "interestExpense": "239955000", "nonInterestIncome": "None", "otherNonOperatingIncome": "None", "depreciation": "None", "depreciationAndAmortization": "235915000", "incomeBeforeTax": "125065000", "incomeTaxExpense": "972000", "interestAndDebtExpense": "None", "netIncomeFromContinuingOperations": "0", "comprehensiveIncomeNetOfTax": "None", "ebit": "383695000", "ebitda": "619610000", "netIncome": "124093000"}, {"fiscalDateEnding": "2008-06-30", "reportedCurrency": "USD", "grossProfit": "811036000", "totalRevenue": "922947000", "costOfRevenue": "111911000", "costofGoodsAndServicesSold": "111911000", "operatingIncome": "379406000", "sellingGeneralAndAdministrative": "65784000", "researchAndDevelopment": "0", "operatingExpenses": "431630000", "investmentIncomeNet": "None", "netInterestIncome": "None", "interestIncome": "None", "interestExpense": "232335000", "nonInterestIncome": "None", "otherNonOperatingIncome": "None", "depreciation": "None", "depreciationAndAmortization": "225505000", "incomeBeforeTax": "88544000", "incomeTaxExpense": "627000", "interestAndDebtExpense": "None", "netIncomeFromContinuingOperations": "0", "comprehensiveIncomeNetOfTax": "None", "ebit": "-133933000", "ebitda": "91572000", "netIncome": "87917000"}, {"fiscalDateEnding": "2008-03-31", "reportedCurrency": "USD", "grossProfit": "698017000", "totalRevenue": "895298000", "costOfRevenue": "197281000", "costofGoodsAndServicesSold": "197281000", "operatingIncome": "351958000", "sellingGeneralAndAdministrative": "44902000", "researchAndDevelopment": "0", "operatingExpenses": "543340000", "investmentIncomeNet": "None", "netInterestIncome": "None", "interestIncome": "None", "interestExpense": "252697000", "nonInterestIncome": "None", "otherNonOperatingIncome": "None", "depreciation": "None", "depreciationAndAmortization": "225010000", "incomeBeforeTax": "99261000", "incomeTaxExpense": "-23000", "interestAndDebtExpense": "None", "netIncomeFromContinuingOperations": "0", "comprehensiveIncomeNetOfTax": "None", "ebit": "354991000", "ebitda": "580001000", "netIncome": "99284000"}, {"fiscalDateEnding": "2007-12-31", "reportedCurrency": "USD", "grossProfit": "1035581000", "totalRevenue": "1035581000", "costOfRevenue": "561732000", "costofGoodsAndServicesSold": "561732000", "operatingIncome": "473849000", "sellingGeneralAndAdministrative": "141292000", "researchAndDevelopment": "0", "operatingExpenses": "506671000", "investmentIncomeNet": "None", "netInterestIncome": "None", "interestIncome": "None", "interestExpense": "361571000", "nonInterestIncome": "None", "otherNonOperatingIncome": "None", "depreciation": "None", "depreciationAndAmortization": "228263000", "incomeBeforeTax": "140172000", "incomeTaxExpense": "-12727000", "interestAndDebtExpense": "None", "netIncomeFromContinuingOperations": "0", "comprehensiveIncomeNetOfTax": "None", "ebit": "535739000", "ebitda": "764002000", "netIncome": "125005000"}, {"fiscalDateEnding": "2007-09-30", "reportedCurrency": "USD", "grossProfit": "707508000", "totalRevenue": "907145000", "costOfRevenue": "199637000", "costofGoodsAndServicesSold": "199637000", "operatingIncome": "378699000", "sellingGeneralAndAdministrative": "37863000", "researchAndDevelopment": "0", "operatingExpenses": "528446000", "investmentIncomeNet": "None", "netInterestIncome": "None", "interestIncome": "None", "interestExpense": "179227000", "nonInterestIncome": "None", "otherNonOperatingIncome": "None", "depreciation": "None", "depreciationAndAmortization": "217499000", "incomeBeforeTax": "179227000", "incomeTaxExpense": "-179227000", "interestAndDebtExpense": "None", "netIncomeFromContinuingOperations": "0", "comprehensiveIncomeNetOfTax": "None", "ebit": "385862000", "ebitda": "603361000", "netIncome": "179227000"}, {"fiscalDateEnding": "2007-06-30", "reportedCurrency": "USD", "grossProfit": "664747000", "totalRevenue": "855932000", "costOfRevenue": "191185000", "costofGoodsAndServicesSold": "191185000", "operatingIncome": "333551000", "sellingGeneralAndAdministrative": "35389000", "researchAndDevelopment": "0", "operatingExpenses": "522381000", "investmentIncomeNet": "None", "netInterestIncome": "None", "interestIncome": "None", "interestExpense": "259859000", "nonInterestIncome": "None", "otherNonOperatingIncome": "None", "depreciation": "None", "depreciationAndAmortization": "221942000", "incomeBeforeTax": "73675000", "incomeTaxExpense": "-528000", "interestAndDebtExpense": "None", "netIncomeFromContinuingOperations": "0", "comprehensiveIncomeNetOfTax": "None", "ebit": "342219000", "ebitda": "564161000", "netIncome": "74220000"}, {"fiscalDateEnding": "2007-03-31", "reportedCurrency": "USD", "grossProfit": "663732000", "totalRevenue": "852141000", "costOfRevenue": "188409000", "costofGoodsAndServicesSold": "188409000", "operatingIncome": "348966000", "sellingGeneralAndAdministrative": "37698000", "researchAndDevelopment": "0", "operatingExpenses": "503175000", "investmentIncomeNet": "None", "netInterestIncome": "None", "interestIncome": "None", "interestExpense": "234894000", "nonInterestIncome": "None", "otherNonOperatingIncome": "None", "depreciation": "None", "depreciationAndAmortization": "207580000", "incomeBeforeTax": "114234000", "incomeTaxExpense": "1285000", "interestAndDebtExpense": "None", "netIncomeFromContinuingOperations": "0", "comprehensiveIncomeNetOfTax": "None", "ebit": "356657000", "ebitda": "564237000", "netIncome": "112787000"}, {"fiscalDateEnding": "2006-12-31", "reportedCurrency": "USD", "grossProfit": "927031000", "totalRevenue": "927031000", "costOfRevenue": "537379000", "costofGoodsAndServicesSold": "537379000", "operatingIncome": "389652000", "sellingGeneralAndAdministrative": "132066000", "researchAndDevelopment": "0", "operatingExpenses": "537379000", "investmentIncomeNet": "None", "netInterestIncome": "None", "interestIncome": "None", "interestExpense": "226992000", "nonInterestIncome": "None", "otherNonOperatingIncome": "None", "depreciation": "None", "depreciationAndAmortization": "212733000", "incomeBeforeTax": "226992000", "incomeTaxExpense": "-226992000", "interestAndDebtExpense": "None", "netIncomeFromContinuingOperations": "0", "comprehensiveIncomeNetOfTax": "None", "ebit": "400921000", "ebitda": "613654000", "netIncome": "226992000"}, {"fiscalDateEnding": "2006-09-30", "reportedCurrency": "USD", "grossProfit": "627124000", "totalRevenue": "818736000", "costOfRevenue": "191612000", "costofGoodsAndServicesSold": "191612000", "operatingIncome": "321324000", "sellingGeneralAndAdministrative": "36797000", "researchAndDevelopment": "0", "operatingExpenses": "497412000", "investmentIncomeNet": "None", "netInterestIncome": "None", "interestIncome": "None", "interestExpense": "205793000", "nonInterestIncome": "None", "otherNonOperatingIncome": "None", "depreciation": "None", "depreciationAndAmortization": "198792000", "incomeBeforeTax": "147330000", "incomeTaxExpense": "2536000", "interestAndDebtExpense": "None", "netIncomeFromContinuingOperations": "0", "comprehensiveIncomeNetOfTax": "None", "ebit": "324465000", "ebitda": "523257000", "netIncome": "112995000"}, {"fiscalDateEnding": "2006-06-30", "reportedCurrency": "USD", "grossProfit": "621077000", "totalRevenue": "798738000", "costOfRevenue": "177661000", "costofGoodsAndServicesSold": "177661000", "operatingIncome": "310049000", "sellingGeneralAndAdministrative": "37657000", "researchAndDevelopment": "0", "operatingExpenses": "488689000", "investmentIncomeNet": "None", "netInterestIncome": "None", "interestIncome": "None", "interestExpense": "212006000", "nonInterestIncome": "None", "otherNonOperatingIncome": "None", "depreciation": "None", "depreciationAndAmortization": "201446000", "incomeBeforeTax": "109306000", "incomeTaxExpense": "-3220000", "interestAndDebtExpense": "None", "netIncomeFromContinuingOperations": "0", "comprehensiveIncomeNetOfTax": "None", "ebit": "308703000", "ebitda": "510149000", "netIncome": "101263000"}, {"fiscalDateEnding": "2006-03-31", "reportedCurrency": "USD", "grossProfit": "599897000", "totalRevenue": "787649000", "costOfRevenue": "187752000", "costofGoodsAndServicesSold": "187752000", "operatingIncome": "299204000", "sellingGeneralAndAdministrative": "34829000", "researchAndDevelopment": "0", "operatingExpenses": "488445000", "investmentIncomeNet": "None", "netInterestIncome": "None", "interestIncome": "None", "interestExpense": "204072000", "nonInterestIncome": "None", "otherNonOperatingIncome": "None", "depreciation": "None", "depreciationAndAmortization": "199747000", "incomeBeforeTax": "95132000", "incomeTaxExpense": "-1639000", "interestAndDebtExpense": "None", "netIncomeFromContinuingOperations": "0", "comprehensiveIncomeNetOfTax": "None", "ebit": "308904000", "ebitda": "508651000", "netIncome": "122590000"}, {"fiscalDateEnding": "2005-12-31", "reportedCurrency": "USD", "grossProfit": "876479000", "totalRevenue": "876479000", "costOfRevenue": "541623000", "costofGoodsAndServicesSold": "541623000", "operatingIncome": "345565000", "sellingGeneralAndAdministrative": "121832000", "researchAndDevelopment": "0", "operatingExpenses": "530914000", "investmentIncomeNet": "None", "netInterestIncome": "None", "interestIncome": "None", "interestExpense": "269460000", "nonInterestIncome": "None", "otherNonOperatingIncome": "None", "depreciation": "None", "depreciationAndAmortization": "213398000", "incomeBeforeTax": "76105000", "incomeTaxExpense": "-27445000", "interestAndDebtExpense": "None", "netIncomeFromContinuingOperations": "0", "comprehensiveIncomeNetOfTax": "None", "ebit": "360088000", "ebitda": "573486000", "netIncome": "134184000"}, {"fiscalDateEnding": "2005-09-30", "reportedCurrency": "USD", "grossProfit": "594999000", "totalRevenue": "786769000", "costOfRevenue": "191770000", "costofGoodsAndServicesSold": "191770000", "operatingIncome": "299598000", "sellingGeneralAndAdministrative": "32061000", "researchAndDevelopment": "0", "operatingExpenses": "487171000", "investmentIncomeNet": "None", "netInterestIncome": "None", "interestIncome": "None", "interestExpense": "202919000", "nonInterestIncome": "None", "otherNonOperatingIncome": "None", "depreciation": "None", "depreciationAndAmortization": "193730000", "incomeBeforeTax": "112501000", "incomeTaxExpense": "3796000", "interestAndDebtExpense": "None", "netIncomeFromContinuingOperations": "0", "comprehensiveIncomeNetOfTax": "None", "ebit": "301993000", "ebitda": "495723000", "netIncome": "92883000"}, {"fiscalDateEnding": "2005-06-30", "reportedCurrency": "USD", "grossProfit": "583563000", "totalRevenue": "756262000", "costOfRevenue": "172699000", "costofGoodsAndServicesSold": "172699000", "operatingIncome": "288848000", "sellingGeneralAndAdministrative": "4459000", "researchAndDevelopment": "0", "operatingExpenses": "467414000", "investmentIncomeNet": "None", "netInterestIncome": "None", "interestIncome": "None", "interestExpense": "184816000", "nonInterestIncome": "None", "otherNonOperatingIncome": "None", "depreciation": "None", "depreciationAndAmortization": "196372000", "incomeBeforeTax": "104032000", "incomeTaxExpense": "2734000", "interestAndDebtExpense": "None", "netIncomeFromContinuingOperations": "0", "comprehensiveIncomeNetOfTax": "None", "ebit": "296786000", "ebitda": "493158000", "netIncome": "173218000"}, {"fiscalDateEnding": "2005-03-31", "reportedCurrency": "USD", "grossProfit": "579851000", "totalRevenue": "756872000", "costOfRevenue": "177021000", "costofGoodsAndServicesSold": "177021000", "operatingIncome": "275254000", "sellingGeneralAndAdministrative": "3792000", "researchAndDevelopment": "0", "operatingExpenses": "481618000", "investmentIncomeNet": "None", "netInterestIncome": "None", "interestIncome": "None", "interestExpense": "195104000", "nonInterestIncome": "None", "otherNonOperatingIncome": "None", "depreciation": "None", "depreciationAndAmortization": "203138000", "incomeBeforeTax": "102711000", "incomeTaxExpense": "4686000", "interestAndDebtExpense": "None", "netIncomeFromContinuingOperations": "0", "comprehensiveIncomeNetOfTax": "None", "ebit": "275512000", "ebitda": "478650000", "netIncome": "75464000"}, {"fiscalDateEnding": "2004-12-31", "reportedCurrency": "USD", "grossProfit": "834650000", "totalRevenue": "834650000", "costOfRevenue": "472271000", "costofGoodsAndServicesSold": "472271000", "operatingIncome": "335726000", "sellingGeneralAndAdministrative": "6144000", "researchAndDevelopment": "0", "operatingExpenses": "498924000", "investmentIncomeNet": "None", "netInterestIncome": "None", "interestIncome": "None", "interestExpense": "232048000", "nonInterestIncome": "None", "otherNonOperatingIncome": "None", "depreciation": "None", "depreciationAndAmortization": "171539000", "incomeBeforeTax": "92207000", "incomeTaxExpense": "-22608000", "interestAndDebtExpense": "None", "netIncomeFromContinuingOperations": "0", "comprehensiveIncomeNetOfTax": "None", "ebit": "357372000", "ebitda": "528911000", "netIncome": "126286000"}]}