{"symbol": "ROK", "annualReports": [{"fiscalDateEnding": "2024-09-30", "reportedCurrency": "USD", "grossProfit": "3193400000", "totalRevenue": "8264200000", "costOfRevenue": "5070800000", "costofGoodsAndServicesSold": "5070800000", "operatingIncome": "830600000", "sellingGeneralAndAdministrative": "2002600000", "researchAndDevelopment": "477300000", "operatingExpenses": "3193400000", "investmentIncomeNet": "None", "netInterestIncome": "-139000000", "interestIncome": "15600000", "interestExpense": "151000000", "nonInterestIncome": "None", "otherNonOperatingIncome": "None", "depreciation": "None", "depreciationAndAmortization": "317400000", "incomeBeforeTax": "1099100000", "incomeTaxExpense": "151800000", "interestAndDebtExpense": "None", "netIncomeFromContinuingOperations": "947300000", "comprehensiveIncomeNetOfTax": "None", "ebit": "1250100000", "ebitda": "1567500000", "netIncome": "952500000"}, {"fiscalDateEnding": "2023-09-30", "reportedCurrency": "USD", "grossProfit": "3717000000", "totalRevenue": "9058000000", "costOfRevenue": "5341000000", "costofGoodsAndServicesSold": "5341000000", "operatingIncome": "1622000000", "sellingGeneralAndAdministrative": "2023700000", "researchAndDevelopment": "529500000", "operatingExpenses": "2023700000", "investmentIncomeNet": "None", "netInterestIncome": "-135300000", "interestIncome": "9700000", "interestExpense": "135300000", "nonInterestIncome": "None", "otherNonOperatingIncome": "None", "depreciation": "None", "depreciationAndAmortization": "250400000", "incomeBeforeTax": "1608500000", "incomeTaxExpense": "330500000", "interestAndDebtExpense": "None", "netIncomeFromContinuingOperations": "1278000000", "comprehensiveIncomeNetOfTax": "None", "ebit": "1740300000", "ebitda": "1990700000", "netIncome": "1387400000"}, {"fiscalDateEnding": "2022-09-30", "reportedCurrency": "USD", "grossProfit": "3102000000", "totalRevenue": "7760400000", "costOfRevenue": "4658400000", "costofGoodsAndServicesSold": "4658400000", "operatingIncome": "1333700000", "sellingGeneralAndAdministrative": "1766700000", "researchAndDevelopment": "440900000", "operatingExpenses": "1766700000", "investmentIncomeNet": "None", "netInterestIncome": "-123200000", "interestIncome": "4400000", "interestExpense": "123200000", "nonInterestIncome": "None", "otherNonOperatingIncome": "-138500000", "depreciation": "None", "depreciationAndAmortization": "238900000", "incomeBeforeTax": "1073600000", "incomeTaxExpense": "154500000", "interestAndDebtExpense": "None", "netIncomeFromContinuingOperations": "919100000", "comprehensiveIncomeNetOfTax": "None", "ebit": "1193200000", "ebitda": "1432100000", "netIncome": "919100000"}, {"fiscalDateEnding": "2021-09-30", "reportedCurrency": "USD", "grossProfit": "2897700000", "totalRevenue": "6997400000", "costOfRevenue": "4099700000", "costofGoodsAndServicesSold": "4099700000", "operatingIncome": "1223400000", "sellingGeneralAndAdministrative": "1680000000", "researchAndDevelopment": "422500000", "operatingExpenses": "1680000000", "investmentIncomeNet": "None", "netInterestIncome": "-94600000", "interestIncome": "1600000", "interestExpense": "94600000", "nonInterestIncome": "None", "otherNonOperatingIncome": "403100000", "depreciation": "None", "depreciationAndAmortization": "189800000", "incomeBeforeTax": "1526200000", "incomeTaxExpense": "181900000", "interestAndDebtExpense": "None", "netIncomeFromContinuingOperations": "1344300000", "comprehensiveIncomeNetOfTax": "None", "ebit": "1618500000", "ebitda": "1808300000", "netIncome": "1344300000"}, {"fiscalDateEnding": "2020-09-30", "reportedCurrency": "USD", "grossProfit": "2595200000", "totalRevenue": "6329800000", "costOfRevenue": "3734600000", "costofGoodsAndServicesSold": "3734600000", "operatingIncome": "1085700000", "sellingGeneralAndAdministrative": "1479800000", "researchAndDevelopment": "371500000", "operatingExpenses": "1479800000", "investmentIncomeNet": "None", "netInterestIncome": "-98000000", "interestIncome": "5500000", "interestExpense": "103500000", "nonInterestIncome": "None", "otherNonOperatingIncome": "124200000", "depreciation": "None", "depreciationAndAmortization": "172700000", "incomeBeforeTax": "1136100000", "incomeTaxExpense": "112900000", "interestAndDebtExpense": "None", "netIncomeFromContinuingOperations": "1023200000", "comprehensiveIncomeNetOfTax": "None", "ebit": "1237500000", "ebitda": "1410200000", "netIncome": "1023400000"}, {"fiscalDateEnding": "2019-09-30", "reportedCurrency": "USD", "grossProfit": "2900100000", "totalRevenue": "6694800000", "costOfRevenue": "3794700000", "costofGoodsAndServicesSold": "3794700000", "operatingIncome": "999200000", "sellingGeneralAndAdministrative": "1538500000", "researchAndDevelopment": "378900000", "operatingExpenses": "1538500000", "investmentIncomeNet": "None", "netInterestIncome": "-87100000", "interestIncome": "11100000", "interestExpense": "98200000", "nonInterestIncome": "None", "otherNonOperatingIncome": "-362400000", "depreciation": "None", "depreciationAndAmortization": "152200000", "incomeBeforeTax": "901000000", "incomeTaxExpense": "205200000", "interestAndDebtExpense": "None", "netIncomeFromContinuingOperations": "695800000", "comprehensiveIncomeNetOfTax": "None", "ebit": "998000000", "ebitda": "1150200000", "netIncome": "695800000"}, {"fiscalDateEnding": "2018-09-30", "reportedCurrency": "USD", "grossProfit": "2872200000", "totalRevenue": "6666000000", "costOfRevenue": "3793800000", "costofGoodsAndServicesSold": "3793800000", "operatingIncome": "1273200000", "sellingGeneralAndAdministrative": "1599000000", "researchAndDevelopment": "371800000", "operatingExpenses": "1599000000", "investmentIncomeNet": "None", "netInterestIncome": "-48600000", "interestIncome": "24400000", "interestExpense": "73000000", "nonInterestIncome": "None", "otherNonOperatingIncome": "130600000", "depreciation": "None", "depreciationAndAmortization": "164600000", "incomeBeforeTax": "1330800000", "incomeTaxExpense": "795300000", "interestAndDebtExpense": "None", "netIncomeFromContinuingOperations": "535500000", "comprehensiveIncomeNetOfTax": "None", "ebit": "1403800000", "ebitda": "1568400000", "netIncome": "535500000"}, {"fiscalDateEnding": "2017-09-30", "reportedCurrency": "USD", "grossProfit": "2624200000", "totalRevenue": "6311300000", "costOfRevenue": "3687100000", "costofGoodsAndServicesSold": "3687100000", "operatingIncome": "1032700000", "sellingGeneralAndAdministrative": "1591500000", "researchAndDevelopment": "348200000", "operatingExpenses": "1591500000", "investmentIncomeNet": "None", "netInterestIncome": "-56600000", "interestIncome": "19600000", "interestExpense": "76200000", "nonInterestIncome": "None", "otherNonOperatingIncome": "80900000", "depreciation": "None", "depreciationAndAmortization": "168900000", "incomeBeforeTax": "1037400000", "incomeTaxExpense": "211700000", "interestAndDebtExpense": "None", "netIncomeFromContinuingOperations": "825700000", "comprehensiveIncomeNetOfTax": "None", "ebit": "1089500000", "ebitda": "1258400000", "netIncome": "825700000"}, {"fiscalDateEnding": "2016-09-30", "reportedCurrency": "USD", "grossProfit": "2475500000", "totalRevenue": "5879500000", "costOfRevenue": "3404000000", "costofGoodsAndServicesSold": "3404000000", "operatingIncome": "1008100000", "sellingGeneralAndAdministrative": "1467400000", "researchAndDevelopment": "319300000", "operatingExpenses": "1467400000", "investmentIncomeNet": "None", "netInterestIncome": "-58600000", "interestIncome": "12700000", "interestExpense": "71300000", "nonInterestIncome": "None", "otherNonOperatingIncome": "6300000", "depreciation": "None", "depreciationAndAmortization": "172200000", "incomeBeforeTax": "943100000", "incomeTaxExpense": "213400000", "interestAndDebtExpense": "None", "netIncomeFromContinuingOperations": "729700000", "comprehensiveIncomeNetOfTax": "None", "ebit": "1028500000", "ebitda": "1200700000", "netIncome": "729700000"}, {"fiscalDateEnding": "2015-09-30", "reportedCurrency": "USD", "grossProfit": "2703100000", "totalRevenue": "6307900000", "costOfRevenue": "3604800000", "costofGoodsAndServicesSold": "3604800000", "operatingIncome": "1196700000", "sellingGeneralAndAdministrative": "1506400000", "researchAndDevelopment": "307300000", "operatingExpenses": "1506400000", "investmentIncomeNet": "None", "netInterestIncome": "None", "interestIncome": "None", "interestExpense": "63700000", "nonInterestIncome": "None", "otherNonOperatingIncome": "-5500000", "depreciation": "None", "depreciationAndAmortization": "162500000", "incomeBeforeTax": "1127500000", "incomeTaxExpense": "299900000", "interestAndDebtExpense": "None", "netIncomeFromContinuingOperations": "827600000", "comprehensiveIncomeNetOfTax": "None", "ebit": "1196600000", "ebitda": "1359100000", "netIncome": "827600000"}, {"fiscalDateEnding": "2014-09-30", "reportedCurrency": "USD", "grossProfit": "2753900000", "totalRevenue": "6623500000", "costOfRevenue": "3869600000", "costofGoodsAndServicesSold": "3869600000", "operatingIncome": "1183800000", "sellingGeneralAndAdministrative": "1570100000", "researchAndDevelopment": "290100000", "operatingExpenses": "1570100000", "investmentIncomeNet": "None", "netInterestIncome": "None", "interestIncome": "None", "interestExpense": "59300000", "nonInterestIncome": "None", "otherNonOperatingIncome": "9700000", "depreciation": "None", "depreciationAndAmortization": "152500000", "incomeBeforeTax": "1134200000", "incomeTaxExpense": "307400000", "interestAndDebtExpense": "None", "netIncomeFromContinuingOperations": "826800000", "comprehensiveIncomeNetOfTax": "None", "ebit": "1193500000", "ebitda": "1346000000", "netIncome": "826800000"}, {"fiscalDateEnding": "2013-09-30", "reportedCurrency": "USD", "grossProfit": "2573800000", "totalRevenue": "6351900000", "costOfRevenue": "3778100000", "costofGoodsAndServicesSold": "3778100000", "operatingIncome": "1036100000", "sellingGeneralAndAdministrative": "1537700000", "researchAndDevelopment": "260700000", "operatingExpenses": "1537700000", "investmentIncomeNet": "None", "netInterestIncome": "None", "interestIncome": "None", "interestExpense": "60900000", "nonInterestIncome": "None", "otherNonOperatingIncome": "5700000", "depreciation": "None", "depreciationAndAmortization": "145200000", "incomeBeforeTax": "980900000", "incomeTaxExpense": "224600000", "interestAndDebtExpense": "None", "netIncomeFromContinuingOperations": "756300000", "comprehensiveIncomeNetOfTax": "None", "ebit": "1041800000", "ebitda": "1187000000", "netIncome": "756300000"}, {"fiscalDateEnding": "2012-09-30", "reportedCurrency": "USD", "grossProfit": "2522700000", "totalRevenue": "6259400000", "costOfRevenue": "3736700000", "costofGoodsAndServicesSold": "3736700000", "operatingIncome": "1031000000", "sellingGeneralAndAdministrative": "1491700000", "researchAndDevelopment": "259100000", "operatingExpenses": "1491700000", "investmentIncomeNet": "None", "netInterestIncome": "None", "interestIncome": "None", "interestExpense": "60100000", "nonInterestIncome": "None", "otherNonOperatingIncome": "-5000000", "depreciation": "None", "depreciationAndAmortization": "138600000", "incomeBeforeTax": "965900000", "incomeTaxExpense": "228900000", "interestAndDebtExpense": "None", "netIncomeFromContinuingOperations": "737000000", "comprehensiveIncomeNetOfTax": "None", "ebit": "1026000000", "ebitda": "1164600000", "netIncome": "737000000"}, {"fiscalDateEnding": "2011-09-30", "reportedCurrency": "USD", "grossProfit": "2390400000", "totalRevenue": "6000400000", "costOfRevenue": "3610000000", "costofGoodsAndServicesSold": "3610000000", "operatingIncome": "867600000", "sellingGeneralAndAdministrative": "1461200000", "researchAndDevelopment": "254400000", "operatingExpenses": "1463300000", "investmentIncomeNet": "None", "netInterestIncome": "None", "interestIncome": "None", "interestExpense": "59500000", "nonInterestIncome": "None", "otherNonOperatingIncome": "-2100000", "depreciation": "None", "depreciationAndAmortization": "131300000", "incomeBeforeTax": "867600000", "incomeTaxExpense": "170500000", "interestAndDebtExpense": "None", "netIncomeFromContinuingOperations": "697100000", "comprehensiveIncomeNetOfTax": "None", "ebit": "927100000", "ebitda": "1058400000", "netIncome": "697800000"}, {"fiscalDateEnding": "2010-09-30", "reportedCurrency": "USD", "grossProfit": "1936400000", "totalRevenue": "4857000000", "costOfRevenue": "2920600000", "costofGoodsAndServicesSold": "2920600000", "operatingIncome": "613100000", "sellingGeneralAndAdministrative": "1323300000", "researchAndDevelopment": "198900000", "operatingExpenses": "1331700000", "investmentIncomeNet": "None", "netInterestIncome": "None", "interestIncome": "None", "interestExpense": "60500000", "nonInterestIncome": "None", "otherNonOperatingIncome": "-8400000", "depreciation": "None", "depreciationAndAmortization": "127300000", "incomeBeforeTax": "544200000", "incomeTaxExpense": "103800000", "interestAndDebtExpense": "None", "netIncomeFromContinuingOperations": "440400000", "comprehensiveIncomeNetOfTax": "None", "ebit": "604700000", "ebitda": "732000000", "netIncome": "464300000"}, {"fiscalDateEnding": "2009-09-30", "reportedCurrency": "USD", "grossProfit": "1569500000", "totalRevenue": "4332500000", "costOfRevenue": "2763000000", "costofGoodsAndServicesSold": "2763000000", "operatingIncome": "341500000", "sellingGeneralAndAdministrative": "1228000000", "researchAndDevelopment": "170000000", "operatingExpenses": "1228000000", "investmentIncomeNet": "None", "netInterestIncome": "None", "interestIncome": "None", "interestExpense": "60900000", "nonInterestIncome": "None", "otherNonOperatingIncome": "None", "depreciation": "None", "depreciationAndAmortization": "134100000", "incomeBeforeTax": "273900000", "incomeTaxExpense": "56000000", "interestAndDebtExpense": "None", "netIncomeFromContinuingOperations": "217900000", "comprehensiveIncomeNetOfTax": "None", "ebit": "334800000", "ebitda": "468900000", "netIncome": "220700000"}, {"fiscalDateEnding": "2008-09-30", "reportedCurrency": "USD", "grossProfit": "2340700000", "totalRevenue": "5697800000", "costOfRevenue": "3357100000", "costofGoodsAndServicesSold": "3357100000", "operatingIncome": "858600000", "sellingGeneralAndAdministrative": "1482100000", "researchAndDevelopment": "191300000", "operatingExpenses": "1482100000", "investmentIncomeNet": "None", "netInterestIncome": "None", "interestIncome": "None", "interestExpense": "68200000", "nonInterestIncome": "None", "otherNonOperatingIncome": "None", "depreciation": "None", "depreciationAndAmortization": "136500000", "incomeBeforeTax": "808900000", "incomeTaxExpense": "231300000", "interestAndDebtExpense": "None", "netIncomeFromContinuingOperations": "None", "comprehensiveIncomeNetOfTax": "None", "ebit": "877100000", "ebitda": "1013600000", "netIncome": "577600000"}, {"fiscalDateEnding": "2007-09-30", "reportedCurrency": "USD", "grossProfit": "2097300000", "totalRevenue": "5003900000", "costOfRevenue": "2906600000", "costofGoodsAndServicesSold": "2906600000", "operatingIncome": "818700000", "sellingGeneralAndAdministrative": "1278600000", "researchAndDevelopment": "144400000", "operatingExpenses": "1278600000", "investmentIncomeNet": "None", "netInterestIncome": "None", "interestIncome": "None", "interestExpense": "63400000", "nonInterestIncome": "None", "otherNonOperatingIncome": "None", "depreciation": "None", "depreciationAndAmortization": "117900000", "incomeBeforeTax": "788600000", "incomeTaxExpense": "219300000", "interestAndDebtExpense": "None", "netIncomeFromContinuingOperations": "None", "comprehensiveIncomeNetOfTax": "None", "ebit": "818700000", "ebitda": "936600000", "netIncome": "1487800000"}, {"fiscalDateEnding": "2006-09-30", "reportedCurrency": "USD", "grossProfit": "2194400000", "totalRevenue": "5561400000", "costOfRevenue": "3367000000", "costofGoodsAndServicesSold": "3367000000", "operatingIncome": "919100000", "sellingGeneralAndAdministrative": "1275300000", "researchAndDevelopment": "160400000", "operatingExpenses": "1275300000", "investmentIncomeNet": "None", "netInterestIncome": "None", "interestIncome": "None", "interestExpense": "58400000", "nonInterestIncome": "None", "otherNonOperatingIncome": "None", "depreciation": "None", "depreciationAndAmortization": "153600000", "incomeBeforeTax": "891400000", "incomeTaxExpense": "263300000", "interestAndDebtExpense": "None", "netIncomeFromContinuingOperations": "None", "comprehensiveIncomeNetOfTax": "None", "ebit": "722800000", "ebitda": "876400000", "netIncome": "607000000"}, {"fiscalDateEnding": "2005-09-30", "reportedCurrency": "USD", "grossProfit": "1894100000", "totalRevenue": "5003200000", "costOfRevenue": "3109100000", "costofGoodsAndServicesSold": "3109100000", "operatingIncome": "773300000", "sellingGeneralAndAdministrative": "1120800000", "researchAndDevelopment": "138600000", "operatingExpenses": "1120800000", "investmentIncomeNet": "None", "netInterestIncome": "None", "interestIncome": "None", "interestExpense": "45800000", "nonInterestIncome": "None", "otherNonOperatingIncome": "None", "depreciation": "None", "depreciationAndAmortization": "171200000", "incomeBeforeTax": "737000000", "incomeTaxExpense": "218600000", "interestAndDebtExpense": "None", "netIncomeFromContinuingOperations": "None", "comprehensiveIncomeNetOfTax": "None", "ebit": "763800000", "ebitda": "935000000", "netIncome": "540000000"}], "quarterlyReports": [{"fiscalDateEnding": "2024-12-31", "reportedCurrency": "USD", "grossProfit": "722000000", "totalRevenue": "722000000", "costOfRevenue": "1159000000", "costofGoodsAndServicesSold": "1159000000", "operatingIncome": "246000000", "sellingGeneralAndAdministrative": "476000000", "researchAndDevelopment": "None", "operatingExpenses": "476000000", "investmentIncomeNet": "None", "netInterestIncome": "-35000000", "interestIncome": "4000000", "interestExpense": "39000000", "nonInterestIncome": "None", "otherNonOperatingIncome": "None", "depreciation": "None", "depreciationAndAmortization": "78000000", "incomeBeforeTax": "213000000", "incomeTaxExpense": "35000000", "interestAndDebtExpense": "None", "netIncomeFromContinuingOperations": "178000000", "comprehensiveIncomeNetOfTax": "None", "ebit": "252000000", "ebitda": "330000000", "netIncome": "184000000"}, {"fiscalDateEnding": "2024-09-30", "reportedCurrency": "USD", "grossProfit": "770600000", "totalRevenue": "2035500000", "costOfRevenue": "1264900000", "costofGoodsAndServicesSold": "1264900000", "operatingIncome": "283700000", "sellingGeneralAndAdministrative": "501600000", "researchAndDevelopment": "477300000", "operatingExpenses": "467900000", "investmentIncomeNet": "None", "netInterestIncome": "-37100000", "interestIncome": "4000000", "interestExpense": "40200000", "nonInterestIncome": "None", "otherNonOperatingIncome": "None", "depreciation": "None", "depreciationAndAmortization": "69600000", "incomeBeforeTax": "274100000", "incomeTaxExpense": "35900000", "interestAndDebtExpense": "None", "netIncomeFromContinuingOperations": "238200000", "comprehensiveIncomeNetOfTax": "None", "ebit": "316100000", "ebitda": "385700000", "netIncome": "239100000"}, {"fiscalDateEnding": "2024-06-30", "reportedCurrency": "USD", "grossProfit": "818000000", "totalRevenue": "2050600000", "costOfRevenue": "1232600000", "costofGoodsAndServicesSold": "1232600000", "operatingIncome": "369100000", "sellingGeneralAndAdministrative": "495700000", "researchAndDevelopment": "None", "operatingExpenses": "448900000", "investmentIncomeNet": "None", "netInterestIncome": "-37900000", "interestIncome": "3100000", "interestExpense": "41000000", "nonInterestIncome": "None", "otherNonOperatingIncome": "None", "depreciation": "None", "depreciationAndAmortization": "78500000", "incomeBeforeTax": "255000000", "incomeTaxExpense": "23900000", "interestAndDebtExpense": "None", "netIncomeFromContinuingOperations": "231100000", "comprehensiveIncomeNetOfTax": "None", "ebit": "369100000", "ebitda": "447600000", "netIncome": "232000000"}, {"fiscalDateEnding": "2024-03-31", "reportedCurrency": "USD", "grossProfit": "833400000", "totalRevenue": "2126000000", "costOfRevenue": "1292600000", "costofGoodsAndServicesSold": "1292600000", "operatingIncome": "336900000", "sellingGeneralAndAdministrative": "496500000", "researchAndDevelopment": "None", "operatingExpenses": "496500000", "investmentIncomeNet": "None", "netInterestIncome": "-35700000", "interestIncome": "3500000", "interestExpense": "39200000", "nonInterestIncome": "None", "otherNonOperatingIncome": "None", "depreciation": "None", "depreciationAndAmortization": "80800000", "incomeBeforeTax": "310400000", "incomeTaxExpense": "45100000", "interestAndDebtExpense": "None", "netIncomeFromContinuingOperations": "265300000", "comprehensiveIncomeNetOfTax": "None", "ebit": "336900000", "ebitda": "417700000", "netIncome": "266200000"}, {"fiscalDateEnding": "2023-12-31", "reportedCurrency": "USD", "grossProfit": "794600000", "totalRevenue": "2052100000", "costOfRevenue": "1257500000", "costofGoodsAndServicesSold": "1257500000", "operatingIncome": "285800000", "sellingGeneralAndAdministrative": "513700000", "researchAndDevelopment": "None", "operatingExpenses": "508800000", "investmentIncomeNet": "None", "netInterestIncome": "-28300000", "interestIncome": "5000000", "interestExpense": "33300000", "nonInterestIncome": "None", "otherNonOperatingIncome": "None", "depreciation": "None", "depreciationAndAmortization": "76900000", "incomeBeforeTax": "259600000", "incomeTaxExpense": "46900000", "interestAndDebtExpense": "None", "netIncomeFromContinuingOperations": "212700000", "comprehensiveIncomeNetOfTax": "None", "ebit": "285800000", "ebitda": "362700000", "netIncome": "215200000"}, {"fiscalDateEnding": "2023-09-30", "reportedCurrency": "USD", "grossProfit": "1055500000", "totalRevenue": "2562900000", "costOfRevenue": "1507400000", "costofGoodsAndServicesSold": "1507400000", "operatingIncome": "515900000", "sellingGeneralAndAdministrative": "551600000", "researchAndDevelopment": "529500000", "operatingExpenses": "551600000", "investmentIncomeNet": "None", "netInterestIncome": "-31000000", "interestIncome": "5600000", "interestExpense": "31000000", "nonInterestIncome": "None", "otherNonOperatingIncome": "None", "depreciation": "None", "depreciationAndAmortization": "68400000", "incomeBeforeTax": "317400000", "incomeTaxExpense": "111700000", "interestAndDebtExpense": "None", "netIncomeFromContinuingOperations": "205700000", "comprehensiveIncomeNetOfTax": "None", "ebit": "348400000", "ebitda": "416800000", "netIncome": "302900000"}, {"fiscalDateEnding": "2023-06-30", "reportedCurrency": "USD", "grossProfit": "915400000", "totalRevenue": "2238700000", "costOfRevenue": "1323300000", "costofGoodsAndServicesSold": "1323300000", "operatingIncome": "414000000", "sellingGeneralAndAdministrative": "495900000", "researchAndDevelopment": "None", "operatingExpenses": "501400000", "investmentIncomeNet": "None", "netInterestIncome": "-34400000", "interestIncome": "1500000", "interestExpense": "34400000", "nonInterestIncome": "None", "otherNonOperatingIncome": "92200000", "depreciation": "None", "depreciationAndAmortization": "62100000", "incomeBeforeTax": "471800000", "incomeTaxExpense": "73100000", "interestAndDebtExpense": "None", "netIncomeFromContinuingOperations": "398700000", "comprehensiveIncomeNetOfTax": "None", "ebit": "505300000", "ebitda": "567400000", "netIncome": "400200000"}, {"fiscalDateEnding": "2023-03-31", "reportedCurrency": "USD", "grossProfit": "932500000", "totalRevenue": "2275400000", "costOfRevenue": "1342900000", "costofGoodsAndServicesSold": "1342900000", "operatingIncome": "325900000", "sellingGeneralAndAdministrative": "606600000", "researchAndDevelopment": "None", "operatingExpenses": "932500000", "investmentIncomeNet": "None", "netInterestIncome": "-35800000", "interestIncome": "1300000", "interestExpense": "35800000", "nonInterestIncome": "None", "otherNonOperatingIncome": "-44100000", "depreciation": "None", "depreciationAndAmortization": "62100000", "incomeBeforeTax": "351400000", "incomeTaxExpense": "56500000", "interestAndDebtExpense": "None", "netIncomeFromContinuingOperations": "294900000", "comprehensiveIncomeNetOfTax": "None", "ebit": "387200000", "ebitda": "449300000", "netIncome": "300300000"}, {"fiscalDateEnding": "2022-12-31", "reportedCurrency": "USD", "grossProfit": "813600000", "totalRevenue": "1981000000", "costOfRevenue": "1167400000", "costofGoodsAndServicesSold": "1167400000", "operatingIncome": "361400000", "sellingGeneralAndAdministrative": "469500000", "researchAndDevelopment": "None", "operatingExpenses": "469500000", "investmentIncomeNet": "None", "netInterestIncome": "-32800000", "interestIncome": "1300000", "interestExpense": "34100000", "nonInterestIncome": "None", "otherNonOperatingIncome": "157900000", "depreciation": "None", "depreciationAndAmortization": "57800000", "incomeBeforeTax": "467900000", "incomeTaxExpense": "89200000", "interestAndDebtExpense": "None", "netIncomeFromContinuingOperations": "378700000", "comprehensiveIncomeNetOfTax": "None", "ebit": "501100000", "ebitda": "558900000", "netIncome": "384000000"}, {"fiscalDateEnding": "2022-09-30", "reportedCurrency": "USD", "grossProfit": "886400000", "totalRevenue": "2126300000", "costOfRevenue": "1239900000", "costofGoodsAndServicesSold": "1239900000", "operatingIncome": "376400000", "sellingGeneralAndAdministrative": "448700000", "researchAndDevelopment": "440900000", "operatingExpenses": "448700000", "investmentIncomeNet": "None", "netInterestIncome": "-32700000", "interestIncome": "2800000", "interestExpense": "32700000", "nonInterestIncome": "None", "otherNonOperatingIncome": "800000", "depreciation": "None", "depreciationAndAmortization": "60700000", "incomeBeforeTax": "405800000", "incomeTaxExpense": "69800000", "interestAndDebtExpense": "None", "netIncomeFromContinuingOperations": "336000000", "comprehensiveIncomeNetOfTax": "None", "ebit": "438500000", "ebitda": "499200000", "netIncome": "336000000"}, {"fiscalDateEnding": "2022-06-30", "reportedCurrency": "USD", "grossProfit": "802400000", "totalRevenue": "1968700000", "costOfRevenue": "1166300000", "costofGoodsAndServicesSold": "1166300000", "operatingIncome": "372600000", "sellingGeneralAndAdministrative": "442000000", "researchAndDevelopment": "None", "operatingExpenses": "442000000", "investmentIncomeNet": "None", "netInterestIncome": "-30200000", "interestIncome": "600000", "interestExpense": "30800000", "nonInterestIncome": "None", "otherNonOperatingIncome": "14600000", "depreciation": "None", "depreciationAndAmortization": "56800000", "incomeBeforeTax": "344200000", "incomeTaxExpense": "49400000", "interestAndDebtExpense": "None", "netIncomeFromContinuingOperations": "294800000", "comprehensiveIncomeNetOfTax": "None", "ebit": "374100000", "ebitda": "430900000", "netIncome": "297900000"}, {"fiscalDateEnding": "2022-03-31", "reportedCurrency": "USD", "grossProfit": "664100000", "totalRevenue": "1808100000", "costOfRevenue": "1144000000", "costofGoodsAndServicesSold": "1144000000", "operatingIncome": "211900000", "sellingGeneralAndAdministrative": "428500000", "researchAndDevelopment": "None", "operatingExpenses": "428500000", "investmentIncomeNet": "None", "netInterestIncome": "-29600000", "interestIncome": "500000", "interestExpense": "30100000", "nonInterestIncome": "None", "otherNonOperatingIncome": "-164400000", "depreciation": "None", "depreciationAndAmortization": "62500000", "incomeBeforeTax": "41100000", "incomeTaxExpense": "-8300000", "interestAndDebtExpense": "None", "netIncomeFromContinuingOperations": "49400000", "comprehensiveIncomeNetOfTax": "None", "ebit": "70300000", "ebitda": "132800000", "netIncome": "53900000"}, {"fiscalDateEnding": "2021-12-31", "reportedCurrency": "USD", "grossProfit": "749100000", "totalRevenue": "1857300000", "costOfRevenue": "1108200000", "costofGoodsAndServicesSold": "1108200000", "operatingIncome": "314700000", "sellingGeneralAndAdministrative": "447500000", "researchAndDevelopment": "None", "operatingExpenses": "447500000", "investmentIncomeNet": "None", "netInterestIncome": "-29100000", "interestIncome": "500000", "interestExpense": "29600000", "nonInterestIncome": "None", "otherNonOperatingIncome": "10500000", "depreciation": "None", "depreciationAndAmortization": "58900000", "incomeBeforeTax": "282500000", "incomeTaxExpense": "43600000", "interestAndDebtExpense": "None", "netIncomeFromContinuingOperations": "238900000", "comprehensiveIncomeNetOfTax": "None", "ebit": "311200000", "ebitda": "370100000", "netIncome": "241500000"}, {"fiscalDateEnding": "2021-09-30", "reportedCurrency": "USD", "grossProfit": "719400000", "totalRevenue": "1807800000", "costOfRevenue": "1088400000", "costofGoodsAndServicesSold": "1088400000", "operatingIncome": "272200000", "sellingGeneralAndAdministrative": "374600000", "researchAndDevelopment": "422500000", "operatingExpenses": "447200000", "investmentIncomeNet": "None", "netInterestIncome": "-26300000", "interestIncome": "None", "interestExpense": "26300000", "nonInterestIncome": "None", "otherNonOperatingIncome": "-241600000", "depreciation": "None", "depreciationAndAmortization": "54100000", "incomeBeforeTax": "4300000", "incomeTaxExpense": "-70300000", "interestAndDebtExpense": "None", "netIncomeFromContinuingOperations": "74600000", "comprehensiveIncomeNetOfTax": "None", "ebit": "29800000", "ebitda": "83900000", "netIncome": "78500000"}, {"fiscalDateEnding": "2021-06-30", "reportedCurrency": "USD", "grossProfit": "764400000", "totalRevenue": "1848200000", "costOfRevenue": "1083800000", "costofGoodsAndServicesSold": "1083800000", "operatingIncome": "327500000", "sellingGeneralAndAdministrative": "436900000", "researchAndDevelopment": "None", "operatingExpenses": "436900000", "investmentIncomeNet": "None", "netInterestIncome": "-22400000", "interestIncome": "None", "interestExpense": "22400000", "nonInterestIncome": "None", "otherNonOperatingIncome": "8400000", "depreciation": "None", "depreciationAndAmortization": "45800000", "incomeBeforeTax": "313500000", "incomeTaxExpense": "44500000", "interestAndDebtExpense": "None", "netIncomeFromContinuingOperations": "269000000", "comprehensiveIncomeNetOfTax": "None", "ebit": "335400000", "ebitda": "381200000", "netIncome": "271300000"}, {"fiscalDateEnding": "2021-03-31", "reportedCurrency": "USD", "grossProfit": "767400000", "totalRevenue": "1776100000", "costOfRevenue": "1008700000", "costofGoodsAndServicesSold": "1008700000", "operatingIncome": "323300000", "sellingGeneralAndAdministrative": "421300000", "researchAndDevelopment": "None", "operatingExpenses": "421300000", "investmentIncomeNet": "None", "netInterestIncome": "-22800000", "interestIncome": "500000", "interestExpense": "23300000", "nonInterestIncome": "None", "otherNonOperatingIncome": "184900000", "depreciation": "None", "depreciationAndAmortization": "45900000", "incomeBeforeTax": "507700000", "incomeTaxExpense": "97400000", "interestAndDebtExpense": "None", "netIncomeFromContinuingOperations": "410300000", "comprehensiveIncomeNetOfTax": "None", "ebit": "530500000", "ebitda": "576400000", "netIncome": "415000000"}, {"fiscalDateEnding": "2020-12-31", "reportedCurrency": "USD", "grossProfit": "646500000", "totalRevenue": "1565300000", "costOfRevenue": "918800000", "costofGoodsAndServicesSold": "918800000", "operatingIncome": "271900000", "sellingGeneralAndAdministrative": "374600000", "researchAndDevelopment": "None", "operatingExpenses": "374600000", "investmentIncomeNet": "None", "netInterestIncome": "-22300000", "interestIncome": "300000", "interestExpense": "22600000", "nonInterestIncome": "None", "otherNonOperatingIncome": "451400000", "depreciation": "None", "depreciationAndAmortization": "44000000", "incomeBeforeTax": "700700000", "incomeTaxExpense": "110300000", "interestAndDebtExpense": "None", "netIncomeFromContinuingOperations": "590400000", "comprehensiveIncomeNetOfTax": "None", "ebit": "722800000", "ebitda": "766800000", "netIncome": "593300000"}, {"fiscalDateEnding": "2020-09-30", "reportedCurrency": "USD", "grossProfit": "639300000", "totalRevenue": "1570000000", "costOfRevenue": "930700000", "costofGoodsAndServicesSold": "930700000", "operatingIncome": "284900000", "sellingGeneralAndAdministrative": "1125400000", "researchAndDevelopment": "371500000", "operatingExpenses": "354400000", "investmentIncomeNet": "None", "netInterestIncome": "-20700000", "interestIncome": "None", "interestExpense": "26200000", "nonInterestIncome": "None", "otherNonOperatingIncome": "40900000", "depreciation": "None", "depreciationAndAmortization": "45000000", "incomeBeforeTax": "299600000", "incomeTaxExpense": "35900000", "interestAndDebtExpense": "None", "netIncomeFromContinuingOperations": "263700000", "comprehensiveIncomeNetOfTax": "None", "ebit": "325200000", "ebitda": "370200000", "netIncome": "263700000"}, {"fiscalDateEnding": "2020-06-30", "reportedCurrency": "USD", "grossProfit": "554200000", "totalRevenue": "1394000000", "costOfRevenue": "839800000", "costofGoodsAndServicesSold": "839800000", "operatingIncome": "184000000", "sellingGeneralAndAdministrative": "370200000", "researchAndDevelopment": "None", "operatingExpenses": "370200000", "investmentIncomeNet": "None", "netInterestIncome": "-25400000", "interestIncome": "None", "interestExpense": "25400000", "nonInterestIncome": "None", "otherNonOperatingIncome": "175900000", "depreciation": "None", "depreciationAndAmortization": "43500000", "incomeBeforeTax": "334500000", "incomeTaxExpense": "20300000", "interestAndDebtExpense": "None", "netIncomeFromContinuingOperations": "314200000", "comprehensiveIncomeNetOfTax": "None", "ebit": "359500000", "ebitda": "403000000", "netIncome": "317800000"}, {"fiscalDateEnding": "2020-03-31", "reportedCurrency": "USD", "grossProfit": "698800000", "totalRevenue": "1681300000", "costOfRevenue": "982500000", "costofGoodsAndServicesSold": "982500000", "operatingIncome": "321300000", "sellingGeneralAndAdministrative": "352000000", "researchAndDevelopment": "None", "operatingExpenses": "352000000", "investmentIncomeNet": "None", "netInterestIncome": "-25500000", "interestIncome": "None", "interestExpense": "25500000", "nonInterestIncome": "None", "otherNonOperatingIncome": "-153900000", "depreciation": "None", "depreciationAndAmortization": "42300000", "incomeBeforeTax": "167400000", "incomeTaxExpense": "37500000", "interestAndDebtExpense": "None", "netIncomeFromContinuingOperations": "129900000", "comprehensiveIncomeNetOfTax": "None", "ebit": "192300000", "ebitda": "234600000", "netIncome": "132200000"}, {"fiscalDateEnding": "2019-12-31", "reportedCurrency": "USD", "grossProfit": "702900000", "totalRevenue": "1684500000", "costOfRevenue": "981600000", "costofGoodsAndServicesSold": "981600000", "operatingIncome": "299700000", "sellingGeneralAndAdministrative": "403200000", "researchAndDevelopment": "None", "operatingExpenses": "403200000", "investmentIncomeNet": "None", "netInterestIncome": "-26400000", "interestIncome": "None", "interestExpense": "26400000", "nonInterestIncome": "None", "otherNonOperatingIncome": "61300000", "depreciation": "None", "depreciationAndAmortization": "41900000", "incomeBeforeTax": "334600000", "incomeTaxExpense": "19200000", "interestAndDebtExpense": "None", "netIncomeFromContinuingOperations": "315400000", "comprehensiveIncomeNetOfTax": "None", "ebit": "360500000", "ebitda": "402400000", "netIncome": "310700000"}, {"fiscalDateEnding": "2019-09-30", "reportedCurrency": "USD", "grossProfit": "722900000", "totalRevenue": "1730200000", "costOfRevenue": "1007300000", "costofGoodsAndServicesSold": "1007300000", "operatingIncome": "317800000", "sellingGeneralAndAdministrative": "405100000", "researchAndDevelopment": "378900000", "operatingExpenses": "405100000", "investmentIncomeNet": "None", "netInterestIncome": "-15900000", "interestIncome": "None", "interestExpense": "27000000", "nonInterestIncome": "None", "otherNonOperatingIncome": "-234400000", "depreciation": "None", "depreciationAndAmortization": "40000000", "incomeBeforeTax": "56400000", "incomeTaxExpense": "48300000", "interestAndDebtExpense": "None", "netIncomeFromContinuingOperations": "8100000", "comprehensiveIncomeNetOfTax": "None", "ebit": "83400000", "ebitda": "123400000", "netIncome": "8100000"}, {"fiscalDateEnding": "2019-06-30", "reportedCurrency": "USD", "grossProfit": "730300000", "totalRevenue": "1665100000", "costOfRevenue": "934800000", "costofGoodsAndServicesSold": "934800000", "operatingIncome": "368600000", "sellingGeneralAndAdministrative": "361700000", "researchAndDevelopment": "None", "operatingExpenses": "361700000", "investmentIncomeNet": "None", "netInterestIncome": "-26800000", "interestIncome": "None", "interestExpense": "26800000", "nonInterestIncome": "None", "otherNonOperatingIncome": "-20400000", "depreciation": "None", "depreciationAndAmortization": "36900000", "incomeBeforeTax": "321400000", "incomeTaxExpense": "60000000", "interestAndDebtExpense": "None", "netIncomeFromContinuingOperations": "261400000", "comprehensiveIncomeNetOfTax": "None", "ebit": "347700000", "ebitda": "384600000", "netIncome": "261400000"}, {"fiscalDateEnding": "2019-03-31", "reportedCurrency": "USD", "grossProfit": "708200000", "totalRevenue": "1657200000", "costOfRevenue": "949000000", "costofGoodsAndServicesSold": "949000000", "operatingIncome": "323200000", "sellingGeneralAndAdministrative": "385000000", "researchAndDevelopment": "None", "operatingExpenses": "385000000", "investmentIncomeNet": "None", "netInterestIncome": "-23700000", "interestIncome": "None", "interestExpense": "23700000", "nonInterestIncome": "None", "otherNonOperatingIncome": "102900000", "depreciation": "None", "depreciationAndAmortization": "39400000", "incomeBeforeTax": "402400000", "incomeTaxExpense": "56400000", "interestAndDebtExpense": "None", "netIncomeFromContinuingOperations": "346000000", "comprehensiveIncomeNetOfTax": "None", "ebit": "426100000", "ebitda": "465500000", "netIncome": "346000000"}, {"fiscalDateEnding": "2018-12-31", "reportedCurrency": "USD", "grossProfit": "738700000", "totalRevenue": "1642300000", "costOfRevenue": "903600000", "costofGoodsAndServicesSold": "903600000", "operatingIncome": "352000000", "sellingGeneralAndAdministrative": "386700000", "researchAndDevelopment": "None", "operatingExpenses": "386700000", "investmentIncomeNet": "None", "netInterestIncome": "None", "interestIncome": "None", "interestExpense": "20700000", "nonInterestIncome": "None", "otherNonOperatingIncome": "-210500000", "depreciation": "None", "depreciationAndAmortization": "35900000", "incomeBeforeTax": "120800000", "incomeTaxExpense": "40500000", "interestAndDebtExpense": "None", "netIncomeFromContinuingOperations": "80300000", "comprehensiveIncomeNetOfTax": "None", "ebit": "141500000", "ebitda": "177400000", "netIncome": "80300000"}, {"fiscalDateEnding": "2018-09-30", "reportedCurrency": "USD", "grossProfit": "732600000", "totalRevenue": "1729500000", "costOfRevenue": "996900000", "costofGoodsAndServicesSold": "996900000", "operatingIncome": "314300000", "sellingGeneralAndAdministrative": "418300000", "researchAndDevelopment": "371800000", "operatingExpenses": "418300000", "investmentIncomeNet": "None", "netInterestIncome": "None", "interestIncome": "None", "interestExpense": "19200000", "nonInterestIncome": "None", "otherNonOperatingIncome": "186600000", "depreciation": "None", "depreciationAndAmortization": "39700000", "incomeBeforeTax": "481700000", "incomeTaxExpense": "135800000", "interestAndDebtExpense": "None", "netIncomeFromContinuingOperations": "345900000", "comprehensiveIncomeNetOfTax": "None", "ebit": "500900000", "ebitda": "540600000", "netIncome": "345900000"}, {"fiscalDateEnding": "2018-06-30", "reportedCurrency": "USD", "grossProfit": "741700000", "totalRevenue": "1698700000", "costOfRevenue": "957000000", "costofGoodsAndServicesSold": "957000000", "operatingIncome": "339500000", "sellingGeneralAndAdministrative": "402200000", "researchAndDevelopment": "0", "operatingExpenses": "402200000", "investmentIncomeNet": "None", "netInterestIncome": "None", "interestIncome": "None", "interestExpense": "16500000", "nonInterestIncome": "None", "otherNonOperatingIncome": "-71300000", "depreciation": "None", "depreciationAndAmortization": "42100000", "incomeBeforeTax": "251700000", "incomeTaxExpense": "53100000", "interestAndDebtExpense": "None", "netIncomeFromContinuingOperations": "198600000", "comprehensiveIncomeNetOfTax": "None", "ebit": "268200000", "ebitda": "310300000", "netIncome": "198600000"}, {"fiscalDateEnding": "2018-03-31", "reportedCurrency": "USD", "grossProfit": "700800000", "totalRevenue": "1651200000", "costOfRevenue": "950400000", "costofGoodsAndServicesSold": "950400000", "operatingIncome": "311600000", "sellingGeneralAndAdministrative": "389200000", "researchAndDevelopment": "0", "operatingExpenses": "389200000", "investmentIncomeNet": "None", "netInterestIncome": "None", "interestIncome": "None", "interestExpense": "17300000", "nonInterestIncome": "None", "otherNonOperatingIncome": "5300000", "depreciation": "None", "depreciationAndAmortization": "43200000", "incomeBeforeTax": "299600000", "incomeTaxExpense": "72200000", "interestAndDebtExpense": "None", "netIncomeFromContinuingOperations": "227400000", "comprehensiveIncomeNetOfTax": "None", "ebit": "316900000", "ebitda": "360100000", "netIncome": "227400000"}, {"fiscalDateEnding": "2017-12-31", "reportedCurrency": "USD", "grossProfit": "697100000", "totalRevenue": "1586600000", "costOfRevenue": "889500000", "costofGoodsAndServicesSold": "889500000", "operatingIncome": "307800000", "sellingGeneralAndAdministrative": "389300000", "researchAndDevelopment": "0", "operatingExpenses": "389300000", "investmentIncomeNet": "None", "netInterestIncome": "None", "interestIncome": "None", "interestExpense": "20000000", "nonInterestIncome": "None", "otherNonOperatingIncome": "10000000", "depreciation": "None", "depreciationAndAmortization": "39600000", "incomeBeforeTax": "297800000", "incomeTaxExpense": "534200000", "interestAndDebtExpense": "None", "netIncomeFromContinuingOperations": "-236400000", "comprehensiveIncomeNetOfTax": "None", "ebit": "317800000", "ebitda": "357400000", "netIncome": "-236400000"}, {"fiscalDateEnding": "2017-09-30", "reportedCurrency": "USD", "grossProfit": "647700000", "totalRevenue": "1667500000", "costOfRevenue": "1019800000", "costofGoodsAndServicesSold": "1019800000", "operatingIncome": "222200000", "sellingGeneralAndAdministrative": "425500000", "researchAndDevelopment": "348200000", "operatingExpenses": "425500000", "investmentIncomeNet": "None", "netInterestIncome": "None", "interestIncome": "None", "interestExpense": "19500000", "nonInterestIncome": "None", "otherNonOperatingIncome": "70800000", "depreciation": "None", "depreciationAndAmortization": "44900000", "incomeBeforeTax": "273500000", "incomeTaxExpense": "68900000", "interestAndDebtExpense": "None", "netIncomeFromContinuingOperations": "204600000", "comprehensiveIncomeNetOfTax": "None", "ebit": "293000000", "ebitda": "337900000", "netIncome": "204600000"}, {"fiscalDateEnding": "2017-06-30", "reportedCurrency": "USD", "grossProfit": "677700000", "totalRevenue": "1599200000", "costOfRevenue": "921500000", "costofGoodsAndServicesSold": "921500000", "operatingIncome": "290900000", "sellingGeneralAndAdministrative": "386800000", "researchAndDevelopment": "0", "operatingExpenses": "386800000", "investmentIncomeNet": "None", "netInterestIncome": "None", "interestIncome": "None", "interestExpense": "19100000", "nonInterestIncome": "None", "otherNonOperatingIncome": "4200000", "depreciation": "None", "depreciationAndAmortization": "43000000", "incomeBeforeTax": "276000000", "incomeTaxExpense": "59100000", "interestAndDebtExpense": "None", "netIncomeFromContinuingOperations": "216900000", "comprehensiveIncomeNetOfTax": "None", "ebit": "295100000", "ebitda": "338100000", "netIncome": "216900000"}, {"fiscalDateEnding": "2017-03-31", "reportedCurrency": "USD", "grossProfit": "656500000", "totalRevenue": "1554300000", "costOfRevenue": "897800000", "costofGoodsAndServicesSold": "897800000", "operatingIncome": "247300000", "sellingGeneralAndAdministrative": "409200000", "researchAndDevelopment": "0", "operatingExpenses": "409200000", "investmentIncomeNet": "None", "netInterestIncome": "None", "interestIncome": "None", "interestExpense": "18900000", "nonInterestIncome": "None", "otherNonOperatingIncome": "1900000", "depreciation": "None", "depreciationAndAmortization": "40600000", "incomeBeforeTax": "230300000", "incomeTaxExpense": "40800000", "interestAndDebtExpense": "None", "netIncomeFromContinuingOperations": "189500000", "comprehensiveIncomeNetOfTax": "None", "ebit": "249200000", "ebitda": "289800000", "netIncome": "189500000"}, {"fiscalDateEnding": "2016-12-31", "reportedCurrency": "USD", "grossProfit": "642300000", "totalRevenue": "1490300000", "costOfRevenue": "848000000", "costofGoodsAndServicesSold": "848000000", "operatingIncome": "272300000", "sellingGeneralAndAdministrative": "370000000", "researchAndDevelopment": "0", "operatingExpenses": "370000000", "investmentIncomeNet": "None", "netInterestIncome": "None", "interestIncome": "None", "interestExpense": "18700000", "nonInterestIncome": "None", "otherNonOperatingIncome": "4000000", "depreciation": "None", "depreciationAndAmortization": "40400000", "incomeBeforeTax": "257600000", "incomeTaxExpense": "42900000", "interestAndDebtExpense": "None", "netIncomeFromContinuingOperations": "214700000", "comprehensiveIncomeNetOfTax": "None", "ebit": "276300000", "ebitda": "316700000", "netIncome": "214700000"}, {"fiscalDateEnding": "2016-09-30", "reportedCurrency": "USD", "grossProfit": "651900000", "totalRevenue": "1538600000", "costOfRevenue": "886700000", "costofGoodsAndServicesSold": "886700000", "operatingIncome": "249800000", "sellingGeneralAndAdministrative": "402100000", "researchAndDevelopment": "319300000", "operatingExpenses": "402100000", "investmentIncomeNet": "None", "netInterestIncome": "None", "interestIncome": "None", "interestExpense": "18200000", "nonInterestIncome": "None", "otherNonOperatingIncome": "5300000", "depreciation": "None", "depreciationAndAmortization": "43000000", "incomeBeforeTax": "236900000", "incomeTaxExpense": "51700000", "interestAndDebtExpense": "None", "netIncomeFromContinuingOperations": "185200000", "comprehensiveIncomeNetOfTax": "None", "ebit": "255100000", "ebitda": "298100000", "netIncome": "185200000"}, {"fiscalDateEnding": "2016-06-30", "reportedCurrency": "USD", "grossProfit": "616800000", "totalRevenue": "1474000000", "costOfRevenue": "857200000", "costofGoodsAndServicesSold": "857200000", "operatingIncome": "270100000", "sellingGeneralAndAdministrative": "346700000", "researchAndDevelopment": "0", "operatingExpenses": "346700000", "investmentIncomeNet": "None", "netInterestIncome": "None", "interestIncome": "None", "interestExpense": "18100000", "nonInterestIncome": "None", "otherNonOperatingIncome": "300000", "depreciation": "None", "depreciationAndAmortization": "42800000", "incomeBeforeTax": "252300000", "incomeTaxExpense": "61300000", "interestAndDebtExpense": "None", "netIncomeFromContinuingOperations": "191000000", "comprehensiveIncomeNetOfTax": "None", "ebit": "270400000", "ebitda": "313200000", "netIncome": "191000000"}, {"fiscalDateEnding": "2016-03-31", "reportedCurrency": "USD", "grossProfit": "594100000", "totalRevenue": "1440300000", "costOfRevenue": "846200000", "costofGoodsAndServicesSold": "846200000", "operatingIncome": "235400000", "sellingGeneralAndAdministrative": "358700000", "researchAndDevelopment": "0", "operatingExpenses": "358700000", "investmentIncomeNet": "None", "netInterestIncome": "None", "interestIncome": "None", "interestExpense": "17600000", "nonInterestIncome": "None", "otherNonOperatingIncome": "-800000", "depreciation": "None", "depreciationAndAmortization": "45100000", "incomeBeforeTax": "217000000", "incomeTaxExpense": "49000000", "interestAndDebtExpense": "None", "netIncomeFromContinuingOperations": "168000000", "comprehensiveIncomeNetOfTax": "None", "ebit": "234600000", "ebitda": "279700000", "netIncome": "168000000"}, {"fiscalDateEnding": "2015-12-31", "reportedCurrency": "USD", "grossProfit": "612700000", "totalRevenue": "1426600000", "costOfRevenue": "813900000", "costofGoodsAndServicesSold": "813900000", "operatingIncome": "252800000", "sellingGeneralAndAdministrative": "359900000", "researchAndDevelopment": "0", "operatingExpenses": "359900000", "investmentIncomeNet": "None", "netInterestIncome": "None", "interestIncome": "None", "interestExpense": "17400000", "nonInterestIncome": "None", "otherNonOperatingIncome": "1500000", "depreciation": "None", "depreciationAndAmortization": "41300000", "incomeBeforeTax": "236900000", "incomeTaxExpense": "51400000", "interestAndDebtExpense": "None", "netIncomeFromContinuingOperations": "185500000", "comprehensiveIncomeNetOfTax": "None", "ebit": "254300000", "ebitda": "295600000", "netIncome": "185500000"}, {"fiscalDateEnding": "2015-09-30", "reportedCurrency": "USD", "grossProfit": "664200000", "totalRevenue": "1607500000", "costOfRevenue": "943300000", "costofGoodsAndServicesSold": "943300000", "operatingIncome": "303500000", "sellingGeneralAndAdministrative": "360700000", "researchAndDevelopment": "307300000", "operatingExpenses": "360700000", "investmentIncomeNet": "None", "netInterestIncome": "None", "interestIncome": "None", "interestExpense": "16700000", "nonInterestIncome": "None", "otherNonOperatingIncome": "-7900000", "depreciation": "None", "depreciationAndAmortization": "41600000", "incomeBeforeTax": "278900000", "incomeTaxExpense": "77600000", "interestAndDebtExpense": "None", "netIncomeFromContinuingOperations": "201300000", "comprehensiveIncomeNetOfTax": "None", "ebit": "295600000", "ebitda": "337200000", "netIncome": "201300000"}, {"fiscalDateEnding": "2015-06-30", "reportedCurrency": "USD", "grossProfit": "678200000", "totalRevenue": "1575200000", "costOfRevenue": "897000000", "costofGoodsAndServicesSold": "897000000", "operatingIncome": "301800000", "sellingGeneralAndAdministrative": "376400000", "researchAndDevelopment": "0", "operatingExpenses": "376400000", "investmentIncomeNet": "None", "netInterestIncome": "None", "interestIncome": "None", "interestExpense": "16400000", "nonInterestIncome": "None", "otherNonOperatingIncome": "-800000", "depreciation": "None", "depreciationAndAmortization": "41200000", "incomeBeforeTax": "284600000", "incomeTaxExpense": "78500000", "interestAndDebtExpense": "None", "netIncomeFromContinuingOperations": "206100000", "comprehensiveIncomeNetOfTax": "None", "ebit": "301000000", "ebitda": "342200000", "netIncome": "206100000"}, {"fiscalDateEnding": "2015-03-31", "reportedCurrency": "USD", "grossProfit": "673200000", "totalRevenue": "1550800000", "costOfRevenue": "877600000", "costofGoodsAndServicesSold": "877600000", "operatingIncome": "290800000", "sellingGeneralAndAdministrative": "382400000", "researchAndDevelopment": "0", "operatingExpenses": "382400000", "investmentIncomeNet": "None", "netInterestIncome": "None", "interestIncome": "None", "interestExpense": "15700000", "nonInterestIncome": "None", "otherNonOperatingIncome": "1400000", "depreciation": "None", "depreciationAndAmortization": "39100000", "incomeBeforeTax": "276500000", "incomeTaxExpense": "70500000", "interestAndDebtExpense": "None", "netIncomeFromContinuingOperations": "206000000", "comprehensiveIncomeNetOfTax": "None", "ebit": "292200000", "ebitda": "331300000", "netIncome": "206000000"}, {"fiscalDateEnding": "2014-12-31", "reportedCurrency": "USD", "grossProfit": "687500000", "totalRevenue": "1574400000", "costOfRevenue": "886900000", "costofGoodsAndServicesSold": "886900000", "operatingIncome": "300600000", "sellingGeneralAndAdministrative": "386900000", "researchAndDevelopment": "0", "operatingExpenses": "386900000", "investmentIncomeNet": "None", "netInterestIncome": "None", "interestIncome": "None", "interestExpense": "14900000", "nonInterestIncome": "None", "otherNonOperatingIncome": "1800000", "depreciation": "None", "depreciationAndAmortization": "40600000", "incomeBeforeTax": "287500000", "incomeTaxExpense": "73300000", "interestAndDebtExpense": "None", "netIncomeFromContinuingOperations": "214200000", "comprehensiveIncomeNetOfTax": "None", "ebit": "302400000", "ebitda": "343000000", "netIncome": "214200000"}, {"fiscalDateEnding": "2014-09-30", "reportedCurrency": "USD", "grossProfit": "752900000", "totalRevenue": "1781800000", "costOfRevenue": "1028900000", "costofGoodsAndServicesSold": "1028900000", "operatingIncome": "355100000", "sellingGeneralAndAdministrative": "397800000", "researchAndDevelopment": "290100000", "operatingExpenses": "397800000", "investmentIncomeNet": "None", "netInterestIncome": "None", "interestIncome": "None", "interestExpense": "15000000", "nonInterestIncome": "None", "otherNonOperatingIncome": "-1100000", "depreciation": "None", "depreciationAndAmortization": "38100000", "incomeBeforeTax": "339000000", "incomeTaxExpense": "90300000", "interestAndDebtExpense": "None", "netIncomeFromContinuingOperations": "248700000", "comprehensiveIncomeNetOfTax": "None", "ebit": "354000000", "ebitda": "392100000", "netIncome": "248700000"}, {"fiscalDateEnding": "2014-06-30", "reportedCurrency": "USD", "grossProfit": "681500000", "totalRevenue": "1649500000", "costOfRevenue": "968000000", "costofGoodsAndServicesSold": "968000000", "operatingIncome": "287100000", "sellingGeneralAndAdministrative": "394400000", "researchAndDevelopment": "0", "operatingExpenses": "394400000", "investmentIncomeNet": "None", "netInterestIncome": "None", "interestIncome": "None", "interestExpense": "14400000", "nonInterestIncome": "None", "otherNonOperatingIncome": "1300000", "depreciation": "None", "depreciationAndAmortization": "40100000", "incomeBeforeTax": "274000000", "incomeTaxExpense": "74300000", "interestAndDebtExpense": "None", "netIncomeFromContinuingOperations": "199700000", "comprehensiveIncomeNetOfTax": "None", "ebit": "288400000", "ebitda": "328500000", "netIncome": "199700000"}, {"fiscalDateEnding": "2014-03-31", "reportedCurrency": "USD", "grossProfit": "655800000", "totalRevenue": "1600500000", "costOfRevenue": "944700000", "costofGoodsAndServicesSold": "944700000", "operatingIncome": "263300000", "sellingGeneralAndAdministrative": "392500000", "researchAndDevelopment": "0", "operatingExpenses": "392500000", "investmentIncomeNet": "None", "netInterestIncome": "None", "interestIncome": "None", "interestExpense": "15000000", "nonInterestIncome": "None", "otherNonOperatingIncome": "100000", "depreciation": "None", "depreciationAndAmortization": "38400000", "incomeBeforeTax": "248400000", "incomeTaxExpense": "68100000", "interestAndDebtExpense": "None", "netIncomeFromContinuingOperations": "180300000", "comprehensiveIncomeNetOfTax": "None", "ebit": "263400000", "ebitda": "301800000", "netIncome": "180300000"}, {"fiscalDateEnding": "2013-12-31", "reportedCurrency": "USD", "grossProfit": "663700000", "totalRevenue": "1591700000", "costOfRevenue": "928000000", "costofGoodsAndServicesSold": "928000000", "operatingIncome": "278300000", "sellingGeneralAndAdministrative": "385400000", "researchAndDevelopment": "0", "operatingExpenses": "385400000", "investmentIncomeNet": "None", "netInterestIncome": "None", "interestIncome": "None", "interestExpense": "14900000", "nonInterestIncome": "None", "otherNonOperatingIncome": "9400000", "depreciation": "None", "depreciationAndAmortization": "35900000", "incomeBeforeTax": "272800000", "incomeTaxExpense": "74700000", "interestAndDebtExpense": "None", "netIncomeFromContinuingOperations": "198100000", "comprehensiveIncomeNetOfTax": "None", "ebit": "287700000", "ebitda": "323600000", "netIncome": "198100000"}, {"fiscalDateEnding": "2013-09-30", "reportedCurrency": "USD", "grossProfit": "697200000", "totalRevenue": "1715700000", "costOfRevenue": "1018500000", "costofGoodsAndServicesSold": "1018500000", "operatingIncome": "293500000", "sellingGeneralAndAdministrative": "403700000", "researchAndDevelopment": "260700000", "operatingExpenses": "403700000", "investmentIncomeNet": "None", "netInterestIncome": "None", "interestIncome": "None", "interestExpense": "14900000", "nonInterestIncome": "None", "otherNonOperatingIncome": "600000", "depreciation": "None", "depreciationAndAmortization": "36100000", "incomeBeforeTax": "279200000", "incomeTaxExpense": "63900000", "interestAndDebtExpense": "None", "netIncomeFromContinuingOperations": "215300000", "comprehensiveIncomeNetOfTax": "None", "ebit": "294100000", "ebitda": "330200000", "netIncome": "215300000"}, {"fiscalDateEnding": "2013-06-30", "reportedCurrency": "USD", "grossProfit": "652900000", "totalRevenue": "1624200000", "costOfRevenue": "971300000", "costofGoodsAndServicesSold": "971300000", "operatingIncome": "269200000", "sellingGeneralAndAdministrative": "383700000", "researchAndDevelopment": "0", "operatingExpenses": "383700000", "investmentIncomeNet": "None", "netInterestIncome": "None", "interestIncome": "None", "interestExpense": "15300000", "nonInterestIncome": "None", "otherNonOperatingIncome": "3500000", "depreciation": "None", "depreciationAndAmortization": "37700000", "incomeBeforeTax": "257400000", "incomeTaxExpense": "53700000", "interestAndDebtExpense": "None", "netIncomeFromContinuingOperations": "203700000", "comprehensiveIncomeNetOfTax": "None", "ebit": "272700000", "ebitda": "310400000", "netIncome": "203700000"}, {"fiscalDateEnding": "2013-03-31", "reportedCurrency": "USD", "grossProfit": "616400000", "totalRevenue": "1522800000", "costOfRevenue": "906400000", "costofGoodsAndServicesSold": "906400000", "operatingIncome": "239600000", "sellingGeneralAndAdministrative": "376800000", "researchAndDevelopment": "0", "operatingExpenses": "376800000", "investmentIncomeNet": "None", "netInterestIncome": "None", "interestIncome": "None", "interestExpense": "15300000", "nonInterestIncome": "None", "otherNonOperatingIncome": "2800000", "depreciation": "None", "depreciationAndAmortization": "36200000", "incomeBeforeTax": "227100000", "incomeTaxExpense": "51200000", "interestAndDebtExpense": "None", "netIncomeFromContinuingOperations": "175900000", "comprehensiveIncomeNetOfTax": "None", "ebit": "242400000", "ebitda": "278600000", "netIncome": "175900000"}, {"fiscalDateEnding": "2012-12-31", "reportedCurrency": "USD", "grossProfit": "607300000", "totalRevenue": "1489200000", "costOfRevenue": "881900000", "costofGoodsAndServicesSold": "881900000", "operatingIncome": "233800000", "sellingGeneralAndAdministrative": "373500000", "researchAndDevelopment": "0", "operatingExpenses": "373500000", "investmentIncomeNet": "None", "netInterestIncome": "None", "interestIncome": "None", "interestExpense": "15400000", "nonInterestIncome": "None", "otherNonOperatingIncome": "-1200000", "depreciation": "None", "depreciationAndAmortization": "35200000", "incomeBeforeTax": "217200000", "incomeTaxExpense": "55800000", "interestAndDebtExpense": "None", "netIncomeFromContinuingOperations": "161400000", "comprehensiveIncomeNetOfTax": "None", "ebit": "232600000", "ebitda": "267800000", "netIncome": "161400000"}, {"fiscalDateEnding": "2012-09-30", "reportedCurrency": "USD", "grossProfit": "654200000", "totalRevenue": "1664000000", "costOfRevenue": "1009800000", "costofGoodsAndServicesSold": "1009800000", "operatingIncome": "267800000", "sellingGeneralAndAdministrative": "386400000", "researchAndDevelopment": "259100000", "operatingExpenses": "386400000", "investmentIncomeNet": "None", "netInterestIncome": "None", "interestIncome": "None", "interestExpense": "14900000", "nonInterestIncome": "None", "otherNonOperatingIncome": "2000000", "depreciation": "None", "depreciationAndAmortization": "35700000", "incomeBeforeTax": "254900000", "incomeTaxExpense": "59700000", "interestAndDebtExpense": "None", "netIncomeFromContinuingOperations": "195200000", "comprehensiveIncomeNetOfTax": "None", "ebit": "269800000", "ebitda": "305500000", "netIncome": "195200000"}, {"fiscalDateEnding": "2012-06-30", "reportedCurrency": "USD", "grossProfit": "631500000", "totalRevenue": "1560400000", "costOfRevenue": "928900000", "costofGoodsAndServicesSold": "928900000", "operatingIncome": "261700000", "sellingGeneralAndAdministrative": "369800000", "researchAndDevelopment": "0", "operatingExpenses": "369800000", "investmentIncomeNet": "None", "netInterestIncome": "None", "interestIncome": "None", "interestExpense": "15200000", "nonInterestIncome": "None", "otherNonOperatingIncome": "-1700000", "depreciation": "None", "depreciationAndAmortization": "35100000", "incomeBeforeTax": "244800000", "incomeTaxExpense": "54100000", "interestAndDebtExpense": "None", "netIncomeFromContinuingOperations": "190700000", "comprehensiveIncomeNetOfTax": "None", "ebit": "260000000", "ebitda": "295100000", "netIncome": "190700000"}, {"fiscalDateEnding": "2012-03-31", "reportedCurrency": "USD", "grossProfit": "618300000", "totalRevenue": "1561100000", "costOfRevenue": "942800000", "costofGoodsAndServicesSold": "942800000", "operatingIncome": "245200000", "sellingGeneralAndAdministrative": "373100000", "researchAndDevelopment": "0", "operatingExpenses": "373100000", "investmentIncomeNet": "None", "netInterestIncome": "None", "interestIncome": "None", "interestExpense": "15000000", "nonInterestIncome": "None", "otherNonOperatingIncome": "-6900000", "depreciation": "None", "depreciationAndAmortization": "35200000", "incomeBeforeTax": "223300000", "incomeTaxExpense": "55500000", "interestAndDebtExpense": "None", "netIncomeFromContinuingOperations": "167800000", "comprehensiveIncomeNetOfTax": "None", "ebit": "238300000", "ebitda": "273500000", "netIncome": "167800000"}, {"fiscalDateEnding": "2011-12-31", "reportedCurrency": "USD", "grossProfit": "618700000", "totalRevenue": "1473900000", "costOfRevenue": "855200000", "costofGoodsAndServicesSold": "855200000", "operatingIncome": "256300000", "sellingGeneralAndAdministrative": "362400000", "researchAndDevelopment": "0", "operatingExpenses": "362400000", "investmentIncomeNet": "None", "netInterestIncome": "None", "interestIncome": "None", "interestExpense": "15000000", "nonInterestIncome": "None", "otherNonOperatingIncome": "1600000", "depreciation": "None", "depreciationAndAmortization": "32600000", "incomeBeforeTax": "242900000", "incomeTaxExpense": "59600000", "interestAndDebtExpense": "None", "netIncomeFromContinuingOperations": "183300000", "comprehensiveIncomeNetOfTax": "None", "ebit": "257900000", "ebitda": "290500000", "netIncome": "183300000"}, {"fiscalDateEnding": "2011-09-30", "reportedCurrency": "USD", "grossProfit": "663200000", "totalRevenue": "1654300000", "costOfRevenue": "991100000", "costofGoodsAndServicesSold": "991100000", "operatingIncome": "273000000", "sellingGeneralAndAdministrative": "388100000", "researchAndDevelopment": "254400000", "operatingExpenses": "390200000", "investmentIncomeNet": "None", "netInterestIncome": "None", "interestIncome": "None", "interestExpense": "14600000", "nonInterestIncome": "None", "otherNonOperatingIncome": "-4400000", "depreciation": "None", "depreciationAndAmortization": "34700000", "incomeBeforeTax": "256100000", "incomeTaxExpense": "54300000", "interestAndDebtExpense": "None", "netIncomeFromContinuingOperations": "201800000", "comprehensiveIncomeNetOfTax": "None", "ebit": "270700000", "ebitda": "305400000", "netIncome": "201800000"}, {"fiscalDateEnding": "2011-06-30", "reportedCurrency": "USD", "grossProfit": "606800000", "totalRevenue": "1516200000", "costOfRevenue": "909400000", "costofGoodsAndServicesSold": "909400000", "operatingIncome": "222100000", "sellingGeneralAndAdministrative": "370000000", "researchAndDevelopment": "0", "operatingExpenses": "370000000", "investmentIncomeNet": "None", "netInterestIncome": "None", "interestIncome": "None", "interestExpense": "14700000", "nonInterestIncome": "None", "otherNonOperatingIncome": "-900000", "depreciation": "None", "depreciationAndAmortization": "32900000", "incomeBeforeTax": "221200000", "incomeTaxExpense": "42400000", "interestAndDebtExpense": "None", "netIncomeFromContinuingOperations": "178800000", "comprehensiveIncomeNetOfTax": "None", "ebit": "235900000", "ebitda": "268800000", "netIncome": "179500000"}, {"fiscalDateEnding": "2011-03-31", "reportedCurrency": "USD", "grossProfit": "576500000", "totalRevenue": "1464100000", "costOfRevenue": "887600000", "costofGoodsAndServicesSold": "887600000", "operatingIncome": "220400000", "sellingGeneralAndAdministrative": "356100000", "researchAndDevelopment": "0", "operatingExpenses": "356100000", "investmentIncomeNet": "None", "netInterestIncome": "None", "interestIncome": "None", "interestExpense": "15400000", "nonInterestIncome": "None", "otherNonOperatingIncome": "-1400000", "depreciation": "None", "depreciationAndAmortization": "31800000", "incomeBeforeTax": "203600000", "incomeTaxExpense": "37200000", "interestAndDebtExpense": "None", "netIncomeFromContinuingOperations": "166400000", "comprehensiveIncomeNetOfTax": "None", "ebit": "219000000", "ebitda": "250800000", "netIncome": "166400000"}, {"fiscalDateEnding": "2010-12-31", "reportedCurrency": "USD", "grossProfit": "543900000", "totalRevenue": "1365800000", "costOfRevenue": "821900000", "costofGoodsAndServicesSold": "821900000", "operatingIncome": "196900000", "sellingGeneralAndAdministrative": "347000000", "researchAndDevelopment": "0", "operatingExpenses": "347000000", "investmentIncomeNet": "None", "netInterestIncome": "None", "interestIncome": "None", "interestExpense": "14800000", "nonInterestIncome": "None", "otherNonOperatingIncome": "4600000", "depreciation": "None", "depreciationAndAmortization": "31900000", "incomeBeforeTax": "186700000", "incomeTaxExpense": "36600000", "interestAndDebtExpense": "None", "netIncomeFromContinuingOperations": "150100000", "comprehensiveIncomeNetOfTax": "None", "ebit": "201500000", "ebitda": "233400000", "netIncome": "150100000"}, {"fiscalDateEnding": "2010-09-30", "reportedCurrency": "USD", "grossProfit": "529200000", "totalRevenue": "1356900000", "costOfRevenue": "827700000", "costofGoodsAndServicesSold": "827700000", "operatingIncome": "174900000", "sellingGeneralAndAdministrative": "354300000", "researchAndDevelopment": "198900000", "operatingExpenses": "354300000", "investmentIncomeNet": "None", "netInterestIncome": "None", "interestIncome": "None", "interestExpense": "15200000", "nonInterestIncome": "None", "otherNonOperatingIncome": "-4700000", "depreciation": "None", "depreciationAndAmortization": "33100000", "incomeBeforeTax": "157800000", "incomeTaxExpense": "26500000", "interestAndDebtExpense": "None", "netIncomeFromContinuingOperations": "131300000", "comprehensiveIncomeNetOfTax": "None", "ebit": "173000000", "ebitda": "206100000", "netIncome": "131300000"}, {"fiscalDateEnding": "2010-06-30", "reportedCurrency": "USD", "grossProfit": "507300000", "totalRevenue": "1268100000", "costOfRevenue": "760800000", "costofGoodsAndServicesSold": "760800000", "operatingIncome": "174000000", "sellingGeneralAndAdministrative": "333300000", "researchAndDevelopment": "0", "operatingExpenses": "333300000", "investmentIncomeNet": "None", "netInterestIncome": "None", "interestIncome": "None", "interestExpense": "14800000", "nonInterestIncome": "None", "otherNonOperatingIncome": "-3700000", "depreciation": "None", "depreciationAndAmortization": "30600000", "incomeBeforeTax": "155500000", "incomeTaxExpense": "36100000", "interestAndDebtExpense": "None", "netIncomeFromContinuingOperations": "119400000", "comprehensiveIncomeNetOfTax": "None", "ebit": "170300000", "ebitda": "200900000", "netIncome": "119400000"}, {"fiscalDateEnding": "2010-03-31", "reportedCurrency": "USD", "grossProfit": "473100000", "totalRevenue": "1164500000", "costOfRevenue": "691400000", "costofGoodsAndServicesSold": "691400000", "operatingIncome": "149900000", "sellingGeneralAndAdministrative": "323200000", "researchAndDevelopment": "0", "operatingExpenses": "323200000", "investmentIncomeNet": "None", "netInterestIncome": "None", "interestIncome": "None", "interestExpense": "15100000", "nonInterestIncome": "None", "otherNonOperatingIncome": "None", "depreciation": "None", "depreciationAndAmortization": "31900000", "incomeBeforeTax": "133600000", "incomeTaxExpense": "21700000", "interestAndDebtExpense": "None", "netIncomeFromContinuingOperations": "111900000", "comprehensiveIncomeNetOfTax": "None", "ebit": "148700000", "ebitda": "180600000", "netIncome": "137000000"}, {"fiscalDateEnding": "2009-12-31", "reportedCurrency": "USD", "grossProfit": "426800000", "totalRevenue": "1067500000", "costOfRevenue": "640700000", "costofGoodsAndServicesSold": "640700000", "operatingIncome": "114300000", "sellingGeneralAndAdministrative": "312500000", "researchAndDevelopment": "0", "operatingExpenses": "314100000", "investmentIncomeNet": "None", "netInterestIncome": "None", "interestIncome": "None", "interestExpense": "15400000", "nonInterestIncome": "None", "otherNonOperatingIncome": "None", "depreciation": "None", "depreciationAndAmortization": "31700000", "incomeBeforeTax": "97300000", "incomeTaxExpense": "19500000", "interestAndDebtExpense": "None", "netIncomeFromContinuingOperations": "77800000", "comprehensiveIncomeNetOfTax": "None", "ebit": "112700000", "ebitda": "144400000", "netIncome": "76600000"}, {"fiscalDateEnding": "2009-09-30", "reportedCurrency": "USD", "grossProfit": "365300000", "totalRevenue": "1074400000", "costOfRevenue": "709100000", "costofGoodsAndServicesSold": "709100000", "operatingIncome": "48500000", "sellingGeneralAndAdministrative": "316800000", "researchAndDevelopment": "170000000", "operatingExpenses": "316800000", "investmentIncomeNet": "None", "netInterestIncome": "None", "interestIncome": "None", "interestExpense": "15200000", "nonInterestIncome": "None", "otherNonOperatingIncome": "None", "depreciation": "None", "depreciationAndAmortization": "35300000", "incomeBeforeTax": "28800000", "incomeTaxExpense": "-100000", "interestAndDebtExpense": "None", "netIncomeFromContinuingOperations": "0", "comprehensiveIncomeNetOfTax": "None", "ebit": "44000000", "ebitda": "79300000", "netIncome": "28900000"}, {"fiscalDateEnding": "2009-06-30", "reportedCurrency": "USD", "grossProfit": "370200000", "totalRevenue": "1010800000", "costOfRevenue": "640600000", "costofGoodsAndServicesSold": "640600000", "operatingIncome": "65200000", "sellingGeneralAndAdministrative": "305000000", "researchAndDevelopment": "0", "operatingExpenses": "305000000", "investmentIncomeNet": "None", "netInterestIncome": "None", "interestIncome": "None", "interestExpense": "15400000", "nonInterestIncome": "None", "otherNonOperatingIncome": "None", "depreciation": "None", "depreciationAndAmortization": "34400000", "incomeBeforeTax": "50200000", "incomeTaxExpense": "17400000", "interestAndDebtExpense": "None", "netIncomeFromContinuingOperations": "32800000", "comprehensiveIncomeNetOfTax": "None", "ebit": "65600000", "ebitda": "100000000", "netIncome": "32800000"}, {"fiscalDateEnding": "2009-03-31", "reportedCurrency": "USD", "grossProfit": "363600000", "totalRevenue": "1058100000", "costOfRevenue": "694500000", "costofGoodsAndServicesSold": "694500000", "operatingIncome": "70800000", "sellingGeneralAndAdministrative": "292800000", "researchAndDevelopment": "0", "operatingExpenses": "292800000", "investmentIncomeNet": "None", "netInterestIncome": "None", "interestIncome": "None", "interestExpense": "15300000", "nonInterestIncome": "None", "otherNonOperatingIncome": "None", "depreciation": "None", "depreciationAndAmortization": "32100000", "incomeBeforeTax": "55400000", "incomeTaxExpense": "14800000", "interestAndDebtExpense": "None", "netIncomeFromContinuingOperations": "0", "comprehensiveIncomeNetOfTax": "None", "ebit": "70700000", "ebitda": "102800000", "netIncome": "40600000"}, {"fiscalDateEnding": "2008-12-31", "reportedCurrency": "USD", "grossProfit": "470400000", "totalRevenue": "1189200000", "costOfRevenue": "718800000", "costofGoodsAndServicesSold": "718800000", "operatingIncome": "157000000", "sellingGeneralAndAdministrative": "313400000", "researchAndDevelopment": "0", "operatingExpenses": "313400000", "investmentIncomeNet": "None", "netInterestIncome": "None", "interestIncome": "None", "interestExpense": "15000000", "nonInterestIncome": "None", "otherNonOperatingIncome": "None", "depreciation": "None", "depreciationAndAmortization": "32300000", "incomeBeforeTax": "139500000", "incomeTaxExpense": "23900000", "interestAndDebtExpense": "None", "netIncomeFromContinuingOperations": "0", "comprehensiveIncomeNetOfTax": "None", "ebit": "159500000", "ebitda": "191800000", "netIncome": "118400000"}, {"fiscalDateEnding": "2008-09-30", "reportedCurrency": "USD", "grossProfit": "588300000", "totalRevenue": "1484300000", "costOfRevenue": "896000000", "costofGoodsAndServicesSold": "896000000", "operatingIncome": "190700000", "sellingGeneralAndAdministrative": "397600000", "researchAndDevelopment": "191300000", "operatingExpenses": "397600000", "investmentIncomeNet": "None", "netInterestIncome": "None", "interestIncome": "None", "interestExpense": "68200000", "nonInterestIncome": "None", "otherNonOperatingIncome": "None", "depreciation": "None", "depreciationAndAmortization": "35600000", "incomeBeforeTax": "176700000", "incomeTaxExpense": "51100000", "interestAndDebtExpense": "None", "netIncomeFromContinuingOperations": "0", "comprehensiveIncomeNetOfTax": "None", "ebit": "190700000", "ebitda": "226300000", "netIncome": "125600000"}, {"fiscalDateEnding": "2008-06-30", "reportedCurrency": "USD", "grossProfit": "605600000", "totalRevenue": "1475000000", "costOfRevenue": "869400000", "costofGoodsAndServicesSold": "869400000", "operatingIncome": "228000000", "sellingGeneralAndAdministrative": "377600000", "researchAndDevelopment": "0", "operatingExpenses": "377600000", "investmentIncomeNet": "None", "netInterestIncome": "None", "interestIncome": "None", "interestExpense": "16600000", "nonInterestIncome": "None", "otherNonOperatingIncome": "None", "depreciation": "None", "depreciationAndAmortization": "35300000", "incomeBeforeTax": "213500000", "incomeTaxExpense": "60900000", "interestAndDebtExpense": "None", "netIncomeFromContinuingOperations": "0", "comprehensiveIncomeNetOfTax": "None", "ebit": "228000000", "ebitda": "263300000", "netIncome": "152600000"}, {"fiscalDateEnding": "2008-03-31", "reportedCurrency": "USD", "grossProfit": "571300000", "totalRevenue": "1406600000", "costOfRevenue": "835300000", "costofGoodsAndServicesSold": "835300000", "operatingIncome": "213000000", "sellingGeneralAndAdministrative": "358300000", "researchAndDevelopment": "0", "operatingExpenses": "358300000", "investmentIncomeNet": "None", "netInterestIncome": "None", "interestIncome": "None", "interestExpense": "17500000", "nonInterestIncome": "None", "otherNonOperatingIncome": "None", "depreciation": "None", "depreciationAndAmortization": "34300000", "incomeBeforeTax": "199700000", "incomeTaxExpense": "56900000", "interestAndDebtExpense": "None", "netIncomeFromContinuingOperations": "0", "comprehensiveIncomeNetOfTax": "None", "ebit": "213000000", "ebitda": "247300000", "netIncome": "142800000"}, {"fiscalDateEnding": "2007-12-31", "reportedCurrency": "USD", "grossProfit": "575500000", "totalRevenue": "1331900000", "costOfRevenue": "756400000", "costofGoodsAndServicesSold": "756400000", "operatingIncome": "226900000", "sellingGeneralAndAdministrative": "348600000", "researchAndDevelopment": "0", "operatingExpenses": "348600000", "investmentIncomeNet": "None", "netInterestIncome": "None", "interestIncome": "None", "interestExpense": "18000000", "nonInterestIncome": "None", "otherNonOperatingIncome": "None", "depreciation": "None", "depreciationAndAmortization": "31300000", "incomeBeforeTax": "219000000", "incomeTaxExpense": "62400000", "interestAndDebtExpense": "None", "netIncomeFromContinuingOperations": "0", "comprehensiveIncomeNetOfTax": "None", "ebit": "226900000", "ebitda": "258200000", "netIncome": "156600000"}, {"fiscalDateEnding": "2007-09-30", "reportedCurrency": "USD", "grossProfit": "574100000", "totalRevenue": "1370500000", "costOfRevenue": "796400000", "costofGoodsAndServicesSold": "796400000", "operatingIncome": "233900000", "sellingGeneralAndAdministrative": "340200000", "researchAndDevelopment": "144400000", "operatingExpenses": "340200000", "investmentIncomeNet": "None", "netInterestIncome": "None", "interestIncome": "None", "interestExpense": "63400000", "nonInterestIncome": "None", "otherNonOperatingIncome": "None", "depreciation": "None", "depreciationAndAmortization": "31800000", "incomeBeforeTax": "231200000", "incomeTaxExpense": "67400000", "interestAndDebtExpense": "None", "netIncomeFromContinuingOperations": "0", "comprehensiveIncomeNetOfTax": "None", "ebit": "233900000", "ebitda": "265700000", "netIncome": "165200000"}, {"fiscalDateEnding": "2007-06-30", "reportedCurrency": "USD", "grossProfit": "551100000", "totalRevenue": "1280600000", "costOfRevenue": "729500000", "costofGoodsAndServicesSold": "729500000", "operatingIncome": "231400000", "sellingGeneralAndAdministrative": "319700000", "researchAndDevelopment": "0", "operatingExpenses": "319700000", "investmentIncomeNet": "None", "netInterestIncome": "None", "interestIncome": "None", "interestExpense": "13800000", "nonInterestIncome": "None", "otherNonOperatingIncome": "None", "depreciation": "None", "depreciationAndAmortization": "28400000", "incomeBeforeTax": "227100000", "incomeTaxExpense": "59600000", "interestAndDebtExpense": "None", "netIncomeFromContinuingOperations": "0", "comprehensiveIncomeNetOfTax": "None", "ebit": "231400000", "ebitda": "259800000", "netIncome": "164200000"}, {"fiscalDateEnding": "2007-03-31", "reportedCurrency": "USD", "grossProfit": "474500000", "totalRevenue": "1206500000", "costOfRevenue": "732000000", "costofGoodsAndServicesSold": "732000000", "operatingIncome": "148900000", "sellingGeneralAndAdministrative": "325600000", "researchAndDevelopment": "0", "operatingExpenses": "325600000", "investmentIncomeNet": "None", "netInterestIncome": "None", "interestIncome": "None", "interestExpense": "16300000", "nonInterestIncome": "None", "otherNonOperatingIncome": "None", "depreciation": "None", "depreciationAndAmortization": "29200000", "incomeBeforeTax": "143400000", "incomeTaxExpense": "36300000", "interestAndDebtExpense": "None", "netIncomeFromContinuingOperations": "0", "comprehensiveIncomeNetOfTax": "None", "ebit": "148900000", "ebitda": "178100000", "netIncome": "729300000"}, {"fiscalDateEnding": "2006-12-31", "reportedCurrency": "USD", "grossProfit": "497600000", "totalRevenue": "1146300000", "costOfRevenue": "648700000", "costofGoodsAndServicesSold": "648700000", "operatingIncome": "204500000", "sellingGeneralAndAdministrative": "293100000", "researchAndDevelopment": "0", "operatingExpenses": "293100000", "investmentIncomeNet": "None", "netInterestIncome": "None", "interestIncome": "None", "interestExpense": "18400000", "nonInterestIncome": "None", "otherNonOperatingIncome": "None", "depreciation": "None", "depreciationAndAmortization": "28500000", "incomeBeforeTax": "186900000", "incomeTaxExpense": "56000000", "interestAndDebtExpense": "None", "netIncomeFromContinuingOperations": "0", "comprehensiveIncomeNetOfTax": "None", "ebit": "204500000", "ebitda": "233000000", "netIncome": "429100000"}, {"fiscalDateEnding": "2006-09-30", "reportedCurrency": "USD", "grossProfit": "565800000", "totalRevenue": "1453700000", "costOfRevenue": "887900000", "costofGoodsAndServicesSold": "887900000", "operatingIncome": "239300000", "sellingGeneralAndAdministrative": "326500000", "researchAndDevelopment": "148500000", "operatingExpenses": "326500000", "investmentIncomeNet": "None", "netInterestIncome": "None", "interestIncome": "None", "interestExpense": "58400000", "nonInterestIncome": "None", "otherNonOperatingIncome": "None", "depreciation": "None", "depreciationAndAmortization": "37300000", "incomeBeforeTax": "247100000", "incomeTaxExpense": "63200000", "interestAndDebtExpense": "None", "netIncomeFromContinuingOperations": "0", "comprehensiveIncomeNetOfTax": "None", "ebit": "239300000", "ebitda": "276600000", "netIncome": "165800000"}, {"fiscalDateEnding": "2006-06-30", "reportedCurrency": "USD", "grossProfit": "565200000", "totalRevenue": "1428400000", "costOfRevenue": "863200000", "costofGoodsAndServicesSold": "863200000", "operatingIncome": "234500000", "sellingGeneralAndAdministrative": "330700000", "researchAndDevelopment": "0", "operatingExpenses": "330700000", "investmentIncomeNet": "None", "netInterestIncome": "None", "interestIncome": "None", "interestExpense": "13800000", "nonInterestIncome": "None", "otherNonOperatingIncome": "None", "depreciation": "None", "depreciationAndAmortization": "37300000", "incomeBeforeTax": "219600000", "incomeTaxExpense": "70600000", "interestAndDebtExpense": "None", "netIncomeFromContinuingOperations": "0", "comprehensiveIncomeNetOfTax": "None", "ebit": "182700000", "ebitda": "220000000", "netIncome": "149000000"}, {"fiscalDateEnding": "2006-03-31", "reportedCurrency": "USD", "grossProfit": "548900000", "totalRevenue": "1377900000", "costOfRevenue": "829000000", "costofGoodsAndServicesSold": "829000000", "operatingIncome": "226300000", "sellingGeneralAndAdministrative": "322600000", "researchAndDevelopment": "0", "operatingExpenses": "322600000", "investmentIncomeNet": "None", "netInterestIncome": "None", "interestIncome": "None", "interestExpense": "14500000", "nonInterestIncome": "None", "otherNonOperatingIncome": "None", "depreciation": "None", "depreciationAndAmortization": "43400000", "incomeBeforeTax": "214900000", "incomeTaxExpense": "65400000", "interestAndDebtExpense": "None", "netIncomeFromContinuingOperations": "0", "comprehensiveIncomeNetOfTax": "None", "ebit": "176100000", "ebitda": "219500000", "netIncome": "146500000"}, {"fiscalDateEnding": "2005-12-31", "reportedCurrency": "USD", "grossProfit": "514500000", "totalRevenue": "1301400000", "costOfRevenue": "786900000", "costofGoodsAndServicesSold": "786900000", "operatingIncome": "219000000", "sellingGeneralAndAdministrative": "295500000", "researchAndDevelopment": "0", "operatingExpenses": "295500000", "investmentIncomeNet": "None", "netInterestIncome": "None", "interestIncome": "None", "interestExpense": "13500000", "nonInterestIncome": "None", "otherNonOperatingIncome": "None", "depreciation": "None", "depreciationAndAmortization": "35600000", "incomeBeforeTax": "209800000", "incomeTaxExpense": "64100000", "interestAndDebtExpense": "None", "netIncomeFromContinuingOperations": "0", "comprehensiveIncomeNetOfTax": "None", "ebit": "175200000", "ebitda": "210800000", "netIncome": "145700000"}, {"fiscalDateEnding": "2005-09-30", "reportedCurrency": "USD", "grossProfit": "508100000", "totalRevenue": "1335200000", "costOfRevenue": "827100000", "costofGoodsAndServicesSold": "827100000", "operatingIncome": "200200000", "sellingGeneralAndAdministrative": "307900000", "researchAndDevelopment": "138600000", "operatingExpenses": "307900000", "investmentIncomeNet": "None", "netInterestIncome": "None", "interestIncome": "None", "interestExpense": "45800000", "nonInterestIncome": "None", "otherNonOperatingIncome": "None", "depreciation": "None", "depreciationAndAmortization": "44000000", "incomeBeforeTax": "185600000", "incomeTaxExpense": "59100000", "interestAndDebtExpense": "None", "netIncomeFromContinuingOperations": "0", "comprehensiveIncomeNetOfTax": "None", "ebit": "200200000", "ebitda": "244200000", "netIncome": "129300000"}, {"fiscalDateEnding": "2005-06-30", "reportedCurrency": "USD", "grossProfit": "481000000", "totalRevenue": "1264700000", "costOfRevenue": "783700000", "costofGoodsAndServicesSold": "783700000", "operatingIncome": "194400000", "sellingGeneralAndAdministrative": "286600000", "researchAndDevelopment": "0", "operatingExpenses": "286600000", "investmentIncomeNet": "None", "netInterestIncome": "None", "interestIncome": "None", "interestExpense": "11700000", "nonInterestIncome": "None", "otherNonOperatingIncome": "None", "depreciation": "None", "depreciationAndAmortization": "40100000", "incomeBeforeTax": "191200000", "incomeTaxExpense": "63900000", "interestAndDebtExpense": "None", "netIncomeFromContinuingOperations": "0", "comprehensiveIncomeNetOfTax": "None", "ebit": "194400000", "ebitda": "234500000", "netIncome": "127300000"}, {"fiscalDateEnding": "2005-03-31", "reportedCurrency": "USD", "grossProfit": "455900000", "totalRevenue": "1218400000", "costOfRevenue": "762500000", "costofGoodsAndServicesSold": "762500000", "operatingIncome": "192600000", "sellingGeneralAndAdministrative": "263300000", "researchAndDevelopment": "0", "operatingExpenses": "263300000", "investmentIncomeNet": "None", "netInterestIncome": "None", "interestIncome": "None", "interestExpense": "11500000", "nonInterestIncome": "None", "otherNonOperatingIncome": "None", "depreciation": "None", "depreciationAndAmortization": "40900000", "incomeBeforeTax": "180600000", "incomeTaxExpense": "38100000", "interestAndDebtExpense": "None", "netIncomeFromContinuingOperations": "0", "comprehensiveIncomeNetOfTax": "None", "ebit": "192600000", "ebitda": "233500000", "netIncome": "150000000"}, {"fiscalDateEnding": "2004-12-31", "reportedCurrency": "USD", "grossProfit": "449100000", "totalRevenue": "1184900000", "costOfRevenue": "735800000", "costofGoodsAndServicesSold": "735800000", "operatingIncome": "186100000", "sellingGeneralAndAdministrative": "263000000", "researchAndDevelopment": "0", "operatingExpenses": "263000000", "investmentIncomeNet": "None", "netInterestIncome": "None", "interestIncome": "None", "interestExpense": "11100000", "nonInterestIncome": "None", "otherNonOperatingIncome": "None", "depreciation": "None", "depreciationAndAmortization": "46200000", "incomeBeforeTax": "179600000", "incomeTaxExpense": "57500000", "interestAndDebtExpense": "None", "netIncomeFromContinuingOperations": "0", "comprehensiveIncomeNetOfTax": "None", "ebit": "186100000", "ebitda": "232300000", "netIncome": "133400000"}]}