{"symbol": "HUBB", "annualReports": [{"fiscalDateEnding": "2024-12-31", "reportedCurrency": "USD", "grossProfit": "1904100000", "totalRevenue": "5628500000", "costOfRevenue": "3724400000", "costofGoodsAndServicesSold": "3724400000", "operatingIncome": "1091600000", "sellingGeneralAndAdministrative": "812500000", "researchAndDevelopment": "None", "operatingExpenses": "812500000", "investmentIncomeNet": "None", "netInterestIncome": "-73800000", "interestIncome": "None", "interestExpense": "73800000", "nonInterestIncome": "None", "otherNonOperatingIncome": "None", "depreciation": "None", "depreciationAndAmortization": "212100000", "incomeBeforeTax": "1005300000", "incomeTaxExpense": "221800000", "interestAndDebtExpense": "None", "netIncomeFromContinuingOperations": "783500000", "comprehensiveIncomeNetOfTax": "None", "ebit": "1079100000", "ebitda": "1291200000", "netIncome": "777800000"}, {"fiscalDateEnding": "2023-12-31", "reportedCurrency": "USD", "grossProfit": "1888100000", "totalRevenue": "5372900000", "costOfRevenue": "3484800000", "costofGoodsAndServicesSold": "3484800000", "operatingIncome": "1038500000", "sellingGeneralAndAdministrative": "813800000", "researchAndDevelopment": "None", "operatingExpenses": "849600000", "investmentIncomeNet": "None", "netInterestIncome": "-38400000", "interestIncome": "None", "interestExpense": "36700000", "nonInterestIncome": "None", "otherNonOperatingIncome": "None", "depreciation": "None", "depreciationAndAmortization": "149700000", "incomeBeforeTax": "983300000", "incomeTaxExpense": "217300000", "interestAndDebtExpense": "None", "netIncomeFromContinuingOperations": "717500000", "comprehensiveIncomeNetOfTax": "None", "ebit": "1038500000", "ebitda": "1038500000", "netIncome": "759800000"}, {"fiscalDateEnding": "2022-12-31", "reportedCurrency": "USD", "grossProfit": "1471600000", "totalRevenue": "4947900000", "costOfRevenue": "3476300000", "costofGoodsAndServicesSold": "3476300000", "operatingIncome": "709100000", "sellingGeneralAndAdministrative": "769500000", "researchAndDevelopment": "None", "operatingExpenses": "762500000", "investmentIncomeNet": "None", "netInterestIncome": "-49600000", "interestIncome": "None", "interestExpense": "49600000", "nonInterestIncome": "None", "otherNonOperatingIncome": "4500000", "depreciation": "None", "depreciationAndAmortization": "145700000", "incomeBeforeTax": "657000000", "incomeTaxExpense": "140200000", "interestAndDebtExpense": "None", "netIncomeFromContinuingOperations": "516800000", "comprehensiveIncomeNetOfTax": "None", "ebit": "708600000", "ebitda": "854300000", "netIncome": "545900000"}, {"fiscalDateEnding": "2021-12-31", "reportedCurrency": "USD", "grossProfit": "1151500000", "totalRevenue": "4194100000", "costOfRevenue": "3042600000", "costofGoodsAndServicesSold": "3042600000", "operatingIncome": "532300000", "sellingGeneralAndAdministrative": "619200000", "researchAndDevelopment": "None", "operatingExpenses": "619200000", "investmentIncomeNet": "None", "netInterestIncome": "-54700000", "interestIncome": "None", "interestExpense": "54700000", "nonInterestIncome": "None", "otherNonOperatingIncome": "-18300000", "depreciation": "None", "depreciationAndAmortization": "147000000", "incomeBeforeTax": "459300000", "incomeTaxExpense": "88200000", "interestAndDebtExpense": "None", "netIncomeFromContinuingOperations": "371100000", "comprehensiveIncomeNetOfTax": "None", "ebit": "514000000", "ebitda": "661000000", "netIncome": "399500000"}, {"fiscalDateEnding": "2020-12-31", "reportedCurrency": "USD", "grossProfit": "1209300000", "totalRevenue": "4186000000", "costOfRevenue": "2976700000", "costofGoodsAndServicesSold": "2976700000", "operatingIncome": "533000000", "sellingGeneralAndAdministrative": "676300000", "researchAndDevelopment": "None", "operatingExpenses": "676300000", "investmentIncomeNet": "None", "netInterestIncome": "-60300000", "interestIncome": "None", "interestExpense": "60300000", "nonInterestIncome": "None", "otherNonOperatingIncome": "-11600000", "depreciation": "None", "depreciationAndAmortization": "143800000", "incomeBeforeTax": "453500000", "incomeTaxExpense": "97500000", "interestAndDebtExpense": "None", "netIncomeFromContinuingOperations": "356000000", "comprehensiveIncomeNetOfTax": "None", "ebit": "527600000", "ebitda": "671400000", "netIncome": "351200000"}, {"fiscalDateEnding": "2019-12-31", "reportedCurrency": "USD", "grossProfit": "1352700000", "totalRevenue": "4591000000", "costOfRevenue": "3238300000", "costofGoodsAndServicesSold": "3238300000", "operatingIncome": "596600000", "sellingGeneralAndAdministrative": "756100000", "researchAndDevelopment": "None", "operatingExpenses": "756100000", "investmentIncomeNet": "None", "netInterestIncome": "-69400000", "interestIncome": "67900000", "interestExpense": "67900000", "nonInterestIncome": "None", "otherNonOperatingIncome": "1800000", "depreciation": "None", "depreciationAndAmortization": "151000000", "incomeBeforeTax": "520500000", "incomeTaxExpense": "113100000", "interestAndDebtExpense": "None", "netIncomeFromContinuingOperations": "407400000", "comprehensiveIncomeNetOfTax": "None", "ebit": "589900000", "ebitda": "740900000", "netIncome": "400900000"}, {"fiscalDateEnding": "2018-12-31", "reportedCurrency": "USD", "grossProfit": "1300400000", "totalRevenue": "4481700000", "costOfRevenue": "3181300000", "costofGoodsAndServicesSold": "3181300000", "operatingIncome": "556900000", "sellingGeneralAndAdministrative": "743500000", "researchAndDevelopment": "0", "operatingExpenses": "743500000", "investmentIncomeNet": "None", "netInterestIncome": "-72400000", "interestIncome": "69000000", "interestExpense": "72300000", "nonInterestIncome": "None", "otherNonOperatingIncome": "-17500000", "depreciation": "None", "depreciationAndAmortization": "141400000", "incomeBeforeTax": "467000000", "incomeTaxExpense": "100900000", "interestAndDebtExpense": "None", "netIncomeFromContinuingOperations": "366100000", "comprehensiveIncomeNetOfTax": "None", "ebit": "536100000", "ebitda": "677500000", "netIncome": "360200000"}, {"fiscalDateEnding": "2017-12-31", "reportedCurrency": "USD", "grossProfit": "1151900000", "totalRevenue": "3668800000", "costOfRevenue": "2516900000", "costofGoodsAndServicesSold": "2516900000", "operatingIncome": "503700000", "sellingGeneralAndAdministrative": "648200000", "researchAndDevelopment": "0", "operatingExpenses": "648200000", "investmentIncomeNet": "None", "netInterestIncome": "-44900000", "interestIncome": "43600000", "interestExpense": "44000000", "nonInterestIncome": "None", "otherNonOperatingIncome": "-15700000", "depreciation": "None", "depreciationAndAmortization": "98000000", "incomeBeforeTax": "443100000", "incomeTaxExpense": "193200000", "interestAndDebtExpense": "None", "netIncomeFromContinuingOperations": "249900000", "comprehensiveIncomeNetOfTax": "None", "ebit": "487600000", "ebitda": "585600000", "netIncome": "243100000"}, {"fiscalDateEnding": "2016-12-31", "reportedCurrency": "USD", "grossProfit": "1100700000", "totalRevenue": "3505200000", "costOfRevenue": "2404500000", "costofGoodsAndServicesSold": "2404500000", "operatingIncome": "477800000", "sellingGeneralAndAdministrative": "622900000", "researchAndDevelopment": "0", "operatingExpenses": "622900000", "investmentIncomeNet": "None", "netInterestIncome": "-43400000", "interestIncome": "42900000", "interestExpense": "42900000", "nonInterestIncome": "None", "otherNonOperatingIncome": "-4000000", "depreciation": "None", "depreciationAndAmortization": "90900000", "incomeBeforeTax": "430400000", "incomeTaxExpense": "132600000", "interestAndDebtExpense": "None", "netIncomeFromContinuingOperations": "297800000", "comprehensiveIncomeNetOfTax": "None", "ebit": "473800000", "ebitda": "564700000", "netIncome": "293000000"}, {"fiscalDateEnding": "2015-12-31", "reportedCurrency": "USD", "grossProfit": "1091800000", "totalRevenue": "3390400000", "costOfRevenue": "2298600000", "costofGoodsAndServicesSold": "2298600000", "operatingIncome": "474600000", "sellingGeneralAndAdministrative": "617200000", "researchAndDevelopment": "0", "operatingExpenses": "617200000", "investmentIncomeNet": "None", "netInterestIncome": "None", "interestIncome": "30500000", "interestExpense": "30500000", "nonInterestIncome": "None", "otherNonOperatingIncome": "-25000000", "depreciation": "None", "depreciationAndAmortization": "85200000", "incomeBeforeTax": "418600000", "incomeTaxExpense": "136500000", "interestAndDebtExpense": "None", "netIncomeFromContinuingOperations": "282100000", "comprehensiveIncomeNetOfTax": "None", "ebit": "448400000", "ebitda": "533600000", "netIncome": "277300000"}, {"fiscalDateEnding": "2014-12-31", "reportedCurrency": "USD", "grossProfit": "1109000000", "totalRevenue": "3359400000", "costOfRevenue": "2250400000", "costofGoodsAndServicesSold": "2250400000", "operatingIncome": "517400000", "sellingGeneralAndAdministrative": "591600000", "researchAndDevelopment": "0", "operatingExpenses": "591600000", "investmentIncomeNet": "None", "netInterestIncome": "None", "interestIncome": "None", "interestExpense": "30100000", "nonInterestIncome": "None", "otherNonOperatingIncome": "-700000", "depreciation": "None", "depreciationAndAmortization": "79200000", "incomeBeforeTax": "485500000", "incomeTaxExpense": "158300000", "interestAndDebtExpense": "None", "netIncomeFromContinuingOperations": "327200000", "comprehensiveIncomeNetOfTax": "None", "ebit": "515500000", "ebitda": "594700000", "netIncome": "325300000"}, {"fiscalDateEnding": "2013-12-31", "reportedCurrency": "USD", "grossProfit": "1070500000", "totalRevenue": "3183900000", "costOfRevenue": "2113400000", "costofGoodsAndServicesSold": "2113400000", "operatingIncome": "507600000", "sellingGeneralAndAdministrative": "562900000", "researchAndDevelopment": "0", "operatingExpenses": "562900000", "investmentIncomeNet": "None", "netInterestIncome": "None", "interestIncome": "None", "interestExpense": "29500000", "nonInterestIncome": "None", "otherNonOperatingIncome": "-3000000", "depreciation": "None", "depreciationAndAmortization": "70600000", "incomeBeforeTax": "473800000", "incomeTaxExpense": "144000000", "interestAndDebtExpense": "None", "netIncomeFromContinuingOperations": "329800000", "comprehensiveIncomeNetOfTax": "None", "ebit": "437000000", "ebitda": "507600000", "netIncome": "326500000"}, {"fiscalDateEnding": "2012-12-31", "reportedCurrency": "USD", "grossProfit": "1012200000", "totalRevenue": "3044400000", "costOfRevenue": "2032200000", "costofGoodsAndServicesSold": "2032200000", "operatingIncome": "471800000", "sellingGeneralAndAdministrative": "540400000", "researchAndDevelopment": "0", "operatingExpenses": "540400000", "investmentIncomeNet": "None", "netInterestIncome": "None", "interestIncome": "None", "interestExpense": "29000000", "nonInterestIncome": "None", "otherNonOperatingIncome": "800000", "depreciation": "None", "depreciationAndAmortization": "66800000", "incomeBeforeTax": "441800000", "incomeTaxExpense": "139700000", "interestAndDebtExpense": "None", "netIncomeFromContinuingOperations": "302100000", "comprehensiveIncomeNetOfTax": "None", "ebit": "471500000", "ebitda": "538300000", "netIncome": "299700000"}, {"fiscalDateEnding": "2011-12-31", "reportedCurrency": "USD", "grossProfit": "923700000", "totalRevenue": "2871600000", "costOfRevenue": "1947900000", "costofGoodsAndServicesSold": "1947900000", "operatingIncome": "423800000", "sellingGeneralAndAdministrative": "499900000", "researchAndDevelopment": "0", "operatingExpenses": "499900000", "investmentIncomeNet": "None", "netInterestIncome": "None", "interestIncome": "None", "interestExpense": "30900000", "nonInterestIncome": "None", "otherNonOperatingIncome": "-3100000", "depreciation": "None", "depreciationAndAmortization": "68200000", "incomeBeforeTax": "389800000", "incomeTaxExpense": "119600000", "interestAndDebtExpense": "None", "netIncomeFromContinuingOperations": "270200000", "comprehensiveIncomeNetOfTax": "None", "ebit": "419400000", "ebitda": "487600000", "netIncome": "267900000"}, {"fiscalDateEnding": "2010-12-31", "reportedCurrency": "USD", "grossProfit": "828700000", "totalRevenue": "2541200000", "costOfRevenue": "1712500000", "costofGoodsAndServicesSold": "1712500000", "operatingIncome": "367800000", "sellingGeneralAndAdministrative": "460900000", "researchAndDevelopment": "0", "operatingExpenses": "460900000", "investmentIncomeNet": "None", "netInterestIncome": "None", "interestIncome": "None", "interestExpense": "31000000", "nonInterestIncome": "None", "otherNonOperatingIncome": "-16300000", "depreciation": "None", "depreciationAndAmortization": "72500000", "incomeBeforeTax": "320400000", "incomeTaxExpense": "101600000", "interestAndDebtExpense": "None", "netIncomeFromContinuingOperations": "218800000", "comprehensiveIncomeNetOfTax": "None", "ebit": "350700000", "ebitda": "423200000", "netIncome": "217200000"}, {"fiscalDateEnding": "2009-12-31", "reportedCurrency": "USD", "grossProfit": "725900000", "totalRevenue": "2355600000", "costOfRevenue": "1629700000", "costofGoodsAndServicesSold": "1629700000", "operatingIncome": "294700000", "sellingGeneralAndAdministrative": "431200000", "researchAndDevelopment": "None", "operatingExpenses": "431200000", "investmentIncomeNet": "None", "netInterestIncome": "None", "interestIncome": "None", "interestExpense": "30600000", "nonInterestIncome": "None", "otherNonOperatingIncome": "None", "depreciation": "None", "depreciationAndAmortization": "70600000", "incomeBeforeTax": "261600000", "incomeTaxExpense": "80300000", "interestAndDebtExpense": "None", "netIncomeFromContinuingOperations": "None", "comprehensiveIncomeNetOfTax": "None", "ebit": "291700000", "ebitda": "362300000", "netIncome": "180100000"}, {"fiscalDateEnding": "2008-12-31", "reportedCurrency": "USD", "grossProfit": "803400000", "totalRevenue": "2704400000", "costOfRevenue": "1901000000", "costofGoodsAndServicesSold": "1901000000", "operatingIncome": "346000000", "sellingGeneralAndAdministrative": "457400000", "researchAndDevelopment": "None", "operatingExpenses": "457400000", "investmentIncomeNet": "None", "netInterestIncome": "None", "interestIncome": "None", "interestExpense": "24600000", "nonInterestIncome": "None", "otherNonOperatingIncome": "None", "depreciation": "None", "depreciationAndAmortization": "63100000", "incomeBeforeTax": "317900000", "incomeTaxExpense": "95200000", "interestAndDebtExpense": "None", "netIncomeFromContinuingOperations": "None", "comprehensiveIncomeNetOfTax": "None", "ebit": "346000000", "ebitda": "409100000", "netIncome": "222700000"}, {"fiscalDateEnding": "2007-12-31", "reportedCurrency": "USD", "grossProfit": "735800000", "totalRevenue": "2533900000", "costOfRevenue": "1798100000", "costofGoodsAndServicesSold": "1798100000", "operatingIncome": "299400000", "sellingGeneralAndAdministrative": "436400000", "researchAndDevelopment": "None", "operatingExpenses": "436400000", "investmentIncomeNet": "None", "netInterestIncome": "None", "interestIncome": "None", "interestExpense": "17600000", "nonInterestIncome": "None", "otherNonOperatingIncome": "None", "depreciation": "None", "depreciationAndAmortization": "60200000", "incomeBeforeTax": "284200000", "incomeTaxExpense": "75900000", "interestAndDebtExpense": "None", "netIncomeFromContinuingOperations": "None", "comprehensiveIncomeNetOfTax": "None", "ebit": "299400000", "ebitda": "359600000", "netIncome": "208300000"}, {"fiscalDateEnding": "2006-12-31", "reportedCurrency": "USD", "grossProfit": "656800000", "totalRevenue": "2414300000", "costOfRevenue": "1757500000", "costofGoodsAndServicesSold": "1757500000", "operatingIncome": "233900000", "sellingGeneralAndAdministrative": "415600000", "researchAndDevelopment": "None", "operatingExpenses": "422900000", "investmentIncomeNet": "None", "netInterestIncome": "None", "interestIncome": "None", "interestExpense": "15400000", "nonInterestIncome": "None", "otherNonOperatingIncome": "None", "depreciation": "None", "depreciationAndAmortization": "55400000", "incomeBeforeTax": "221500000", "incomeTaxExpense": "63400000", "interestAndDebtExpense": "None", "netIncomeFromContinuingOperations": "None", "comprehensiveIncomeNetOfTax": "None", "ebit": "233900000", "ebitda": "289300000", "netIncome": "158100000"}, {"fiscalDateEnding": "2005-12-31", "reportedCurrency": "USD", "grossProfit": "595000000", "totalRevenue": "2104900000", "costOfRevenue": "1509900000", "costofGoodsAndServicesSold": "1509900000", "operatingIncome": "226800000", "sellingGeneralAndAdministrative": "357900000", "researchAndDevelopment": "6500000", "operatingExpenses": "368200000", "investmentIncomeNet": "None", "netInterestIncome": "None", "interestIncome": "None", "interestExpense": "19300000", "nonInterestIncome": "None", "otherNonOperatingIncome": "None", "depreciation": "None", "depreciationAndAmortization": "50400000", "incomeBeforeTax": "215700000", "incomeTaxExpense": "50600000", "interestAndDebtExpense": "None", "netIncomeFromContinuingOperations": "None", "comprehensiveIncomeNetOfTax": "None", "ebit": "226800000", "ebitda": "277200000", "netIncome": "165100000"}], "quarterlyReports": [{"fiscalDateEnding": "2024-12-31", "reportedCurrency": "USD", "grossProfit": "450600000", "totalRevenue": "1334300000", "costOfRevenue": "883700000", "costofGoodsAndServicesSold": "883700000", "operatingIncome": "258100000", "sellingGeneralAndAdministrative": "192500000", "researchAndDevelopment": "None", "operatingExpenses": "192499999", "investmentIncomeNet": "None", "netInterestIncome": "-14200000", "interestIncome": "None", "interestExpense": "14200000", "nonInterestIncome": "None", "otherNonOperatingIncome": "None", "depreciation": "None", "depreciationAndAmortization": "53300000", "incomeBeforeTax": "244200000", "incomeTaxExpense": "46000000", "interestAndDebtExpense": "None", "netIncomeFromContinuingOperations": "198200000", "comprehensiveIncomeNetOfTax": "None", "ebit": "258400000", "ebitda": "311700000", "netIncome": "197000000"}, {"fiscalDateEnding": "2024-09-30", "reportedCurrency": "USD", "grossProfit": "497100000", "totalRevenue": "1442600000", "costOfRevenue": "945500000", "costofGoodsAndServicesSold": "945500000", "operatingIncome": "303800000", "sellingGeneralAndAdministrative": "193300000", "researchAndDevelopment": "None", "operatingExpenses": "193300000", "investmentIncomeNet": "None", "netInterestIncome": "-18700000", "interestIncome": "None", "interestExpense": "18700000", "nonInterestIncome": "None", "otherNonOperatingIncome": "None", "depreciation": "None", "depreciationAndAmortization": "49300000", "incomeBeforeTax": "279500000", "incomeTaxExpense": "58500000", "interestAndDebtExpense": "None", "netIncomeFromContinuingOperations": "221000000", "comprehensiveIncomeNetOfTax": "None", "ebit": "298200000", "ebitda": "347500000", "netIncome": "219400000"}, {"fiscalDateEnding": "2024-06-30", "reportedCurrency": "USD", "grossProfit": "510800000", "totalRevenue": "1452500000", "costOfRevenue": "941700000", "costofGoodsAndServicesSold": "941700000", "operatingIncome": "305600000", "sellingGeneralAndAdministrative": "207500000", "researchAndDevelopment": "None", "operatingExpenses": "205200000", "investmentIncomeNet": "None", "netInterestIncome": "-19800000", "interestIncome": "None", "interestExpense": "19800000", "nonInterestIncome": "None", "otherNonOperatingIncome": "None", "depreciation": "None", "depreciationAndAmortization": "49600000", "incomeBeforeTax": "280200000", "incomeTaxExpense": "65000000", "interestAndDebtExpense": "None", "netIncomeFromContinuingOperations": "215200000", "comprehensiveIncomeNetOfTax": "None", "ebit": "305700000", "ebitda": "355300000", "netIncome": "213600000"}, {"fiscalDateEnding": "2024-03-31", "reportedCurrency": "USD", "grossProfit": "452200000", "totalRevenue": "1399100000", "costOfRevenue": "946900000", "costofGoodsAndServicesSold": "946900000", "operatingIncome": "233800000", "sellingGeneralAndAdministrative": "219200000", "researchAndDevelopment": "None", "operatingExpenses": "218400000", "investmentIncomeNet": "None", "netInterestIncome": "-21100000", "interestIncome": "None", "interestExpense": "21100000", "nonInterestIncome": "None", "otherNonOperatingIncome": "None", "depreciation": "None", "depreciationAndAmortization": "59900000", "incomeBeforeTax": "201400000", "incomeTaxExpense": "52300000", "interestAndDebtExpense": "None", "netIncomeFromContinuingOperations": "149100000", "comprehensiveIncomeNetOfTax": "None", "ebit": "229800000", "ebitda": "289700000", "netIncome": "147800000"}, {"fiscalDateEnding": "2023-12-31", "reportedCurrency": "USD", "grossProfit": "456200000", "totalRevenue": "1345800000", "costOfRevenue": "889600000", "costofGoodsAndServicesSold": "889600000", "operatingIncome": "225600000", "sellingGeneralAndAdministrative": "230600000", "researchAndDevelopment": "None", "operatingExpenses": "230600000", "investmentIncomeNet": "None", "netInterestIncome": "-10000000", "interestIncome": "None", "interestExpense": "10000000", "nonInterestIncome": "None", "otherNonOperatingIncome": "None", "depreciation": "None", "depreciationAndAmortization": "39600000", "incomeBeforeTax": "209500000", "incomeTaxExpense": "37100000", "interestAndDebtExpense": "None", "netIncomeFromContinuingOperations": "172400000", "comprehensiveIncomeNetOfTax": "None", "ebit": "219500000", "ebitda": "259100000", "netIncome": "171000000"}, {"fiscalDateEnding": "2023-09-30", "reportedCurrency": "USD", "grossProfit": "487400000", "totalRevenue": "1375800000", "costOfRevenue": "888400000", "costofGoodsAndServicesSold": "888400000", "operatingIncome": "276300000", "sellingGeneralAndAdministrative": "211100000", "researchAndDevelopment": "None", "operatingExpenses": "211100000", "investmentIncomeNet": "None", "netInterestIncome": "-7800000", "interestIncome": "None", "interestExpense": "7800000", "nonInterestIncome": "None", "otherNonOperatingIncome": "None", "depreciation": "None", "depreciationAndAmortization": "37600000", "incomeBeforeTax": "265000000", "incomeTaxExpense": "63000000", "interestAndDebtExpense": "None", "netIncomeFromContinuingOperations": "202000000", "comprehensiveIncomeNetOfTax": "None", "ebit": "277400000", "ebitda": "315000000", "netIncome": "200100000"}, {"fiscalDateEnding": "2023-06-30", "reportedCurrency": "USD", "grossProfit": "496200000", "totalRevenue": "1365900000", "costOfRevenue": "869700000", "costofGoodsAndServicesSold": "869700000", "operatingIncome": "286400000", "sellingGeneralAndAdministrative": "208400000", "researchAndDevelopment": "None", "operatingExpenses": "208400000", "investmentIncomeNet": "None", "netInterestIncome": "-9200000", "interestIncome": "None", "interestExpense": "9200000", "nonInterestIncome": "None", "otherNonOperatingIncome": "-4800000", "depreciation": "None", "depreciationAndAmortization": "36900000", "incomeBeforeTax": "273800000", "incomeTaxExpense": "65599999", "interestAndDebtExpense": "None", "netIncomeFromContinuingOperations": "208200000", "comprehensiveIncomeNetOfTax": "None", "ebit": "289600000", "ebitda": "326500000", "netIncome": "206800000"}, {"fiscalDateEnding": "2023-03-31", "reportedCurrency": "USD", "grossProfit": "448300000", "totalRevenue": "1285400000", "costOfRevenue": "837100000", "costofGoodsAndServicesSold": "837100000", "operatingIncome": "248800000", "sellingGeneralAndAdministrative": "199500000", "researchAndDevelopment": "None", "operatingExpenses": "199500000", "investmentIncomeNet": "None", "netInterestIncome": "-9700000", "interestIncome": "None", "interestExpense": "9700000", "nonInterestIncome": "None", "otherNonOperatingIncome": "-4100000", "depreciation": "None", "depreciationAndAmortization": "35600000", "incomeBeforeTax": "235000000", "incomeTaxExpense": "51600000", "interestAndDebtExpense": "None", "netIncomeFromContinuingOperations": "183400000", "comprehensiveIncomeNetOfTax": "None", "ebit": "244700000", "ebitda": "280300000", "netIncome": "181900000"}, {"fiscalDateEnding": "2022-12-31", "reportedCurrency": "USD", "grossProfit": "366800000", "totalRevenue": "1219600000", "costOfRevenue": "852800000", "costofGoodsAndServicesSold": "852800000", "operatingIncome": "172000000", "sellingGeneralAndAdministrative": "194800000", "researchAndDevelopment": "None", "operatingExpenses": "194800000", "investmentIncomeNet": "None", "netInterestIncome": "-11700000", "interestIncome": "None", "interestExpense": "11700000", "nonInterestIncome": "None", "otherNonOperatingIncome": "-2400000", "depreciation": "None", "depreciationAndAmortization": "38100000", "incomeBeforeTax": "156800000", "incomeTaxExpense": "32900000", "interestAndDebtExpense": "None", "netIncomeFromContinuingOperations": "123900000", "comprehensiveIncomeNetOfTax": "None", "ebit": "168500000", "ebitda": "206600000", "netIncome": "104600000"}, {"fiscalDateEnding": "2022-09-30", "reportedCurrency": "USD", "grossProfit": "398500000", "totalRevenue": "1316200000", "costOfRevenue": "917700000", "costofGoodsAndServicesSold": "917700000", "operatingIncome": "203600000", "sellingGeneralAndAdministrative": "194900000", "researchAndDevelopment": "None", "operatingExpenses": "194900000", "investmentIncomeNet": "None", "netInterestIncome": "-12100000", "interestIncome": "None", "interestExpense": "12100000", "nonInterestIncome": "None", "otherNonOperatingIncome": "800000", "depreciation": "None", "depreciationAndAmortization": "38200000", "incomeBeforeTax": "190800000", "incomeTaxExpense": "38800000", "interestAndDebtExpense": "None", "netIncomeFromContinuingOperations": "152000000", "comprehensiveIncomeNetOfTax": "None", "ebit": "202900000", "ebitda": "241100000", "netIncome": "139100000"}, {"fiscalDateEnding": "2022-06-30", "reportedCurrency": "USD", "grossProfit": "383200000", "totalRevenue": "1256000000", "costOfRevenue": "872800000", "costofGoodsAndServicesSold": "872800000", "operatingIncome": "190600000", "sellingGeneralAndAdministrative": "192600000", "researchAndDevelopment": "None", "operatingExpenses": "192600000", "investmentIncomeNet": "None", "netInterestIncome": "-12700000", "interestIncome": "None", "interestExpense": "12700000", "nonInterestIncome": "None", "otherNonOperatingIncome": "2500000", "depreciation": "None", "depreciationAndAmortization": "34700000", "incomeBeforeTax": "176000000", "incomeTaxExpense": "38900000", "interestAndDebtExpense": "None", "netIncomeFromContinuingOperations": "137100000", "comprehensiveIncomeNetOfTax": "None", "ebit": "188700000", "ebitda": "223400000", "netIncome": "122000000"}, {"fiscalDateEnding": "2022-03-31", "reportedCurrency": "USD", "grossProfit": "323100000", "totalRevenue": "1156100000", "costOfRevenue": "833000000", "costofGoodsAndServicesSold": "833000000", "operatingIncome": "142900000", "sellingGeneralAndAdministrative": "180200000", "researchAndDevelopment": "None", "operatingExpenses": "180200000", "investmentIncomeNet": "None", "netInterestIncome": "-13100000", "interestIncome": "None", "interestExpense": "13100000", "nonInterestIncome": "None", "otherNonOperatingIncome": "3600000", "depreciation": "None", "depreciationAndAmortization": "34700000", "incomeBeforeTax": "133400000", "incomeTaxExpense": "29600000", "interestAndDebtExpense": "None", "netIncomeFromContinuingOperations": "103800000", "comprehensiveIncomeNetOfTax": "None", "ebit": "146500000", "ebitda": "181200000", "netIncome": "103800000"}, {"fiscalDateEnding": "2021-12-31", "reportedCurrency": "USD", "grossProfit": "289900000", "totalRevenue": "1100100000", "costOfRevenue": "810200000", "costofGoodsAndServicesSold": "810200000", "operatingIncome": "134300000", "sellingGeneralAndAdministrative": "155600000", "researchAndDevelopment": "None", "operatingExpenses": "155600000", "investmentIncomeNet": "None", "netInterestIncome": "-13300000", "interestIncome": "None", "interestExpense": "13300000", "nonInterestIncome": "None", "otherNonOperatingIncome": "8500000", "depreciation": "None", "depreciationAndAmortization": "26500000", "incomeBeforeTax": "123900000", "incomeTaxExpense": "22600000", "interestAndDebtExpense": "None", "netIncomeFromContinuingOperations": "101300000", "comprehensiveIncomeNetOfTax": "None", "ebit": "137200000", "ebitda": "163700000", "netIncome": "99500000"}, {"fiscalDateEnding": "2021-09-30", "reportedCurrency": "USD", "grossProfit": "330300000", "totalRevenue": "1213600000", "costOfRevenue": "883300000", "costofGoodsAndServicesSold": "883300000", "operatingIncome": "155300000", "sellingGeneralAndAdministrative": "175000000", "researchAndDevelopment": "None", "operatingExpenses": "175000000", "investmentIncomeNet": "None", "netInterestIncome": "-13500000", "interestIncome": "None", "interestExpense": "13500000", "nonInterestIncome": "None", "otherNonOperatingIncome": "-1300000", "depreciation": "None", "depreciationAndAmortization": "39100000", "incomeBeforeTax": "140500000", "incomeTaxExpense": "29900000", "interestAndDebtExpense": "None", "netIncomeFromContinuingOperations": "110600000", "comprehensiveIncomeNetOfTax": "None", "ebit": "154000000", "ebitda": "193100000", "netIncome": "108500000"}, {"fiscalDateEnding": "2021-06-30", "reportedCurrency": "USD", "grossProfit": "330800000", "totalRevenue": "1191800000", "costOfRevenue": "861000000", "costofGoodsAndServicesSold": "861000000", "operatingIncome": "152700000", "sellingGeneralAndAdministrative": "178100000", "researchAndDevelopment": "None", "operatingExpenses": "178100000", "investmentIncomeNet": "None", "netInterestIncome": "-12700000", "interestIncome": "None", "interestExpense": "12700000", "nonInterestIncome": "None", "otherNonOperatingIncome": "-24600000", "depreciation": "None", "depreciationAndAmortization": "40900000", "incomeBeforeTax": "115400000", "incomeTaxExpense": "18800000", "interestAndDebtExpense": "None", "netIncomeFromContinuingOperations": "96600000", "comprehensiveIncomeNetOfTax": "None", "ebit": "128100000", "ebitda": "169000000", "netIncome": "95800000"}, {"fiscalDateEnding": "2021-03-31", "reportedCurrency": "USD", "grossProfit": "289800000", "totalRevenue": "1078400000", "costOfRevenue": "788600000", "costofGoodsAndServicesSold": "788600000", "operatingIncome": "117600000", "sellingGeneralAndAdministrative": "172200000", "researchAndDevelopment": "None", "operatingExpenses": "172200000", "investmentIncomeNet": "None", "netInterestIncome": "-15200000", "interestIncome": "None", "interestExpense": "15200000", "nonInterestIncome": "None", "otherNonOperatingIncome": "-900000", "depreciation": "None", "depreciationAndAmortization": "42600000", "incomeBeforeTax": "101500000", "incomeTaxExpense": "22400000", "interestAndDebtExpense": "None", "netIncomeFromContinuingOperations": "79100000", "comprehensiveIncomeNetOfTax": "None", "ebit": "116700000", "ebitda": "159300000", "netIncome": "77700000"}, {"fiscalDateEnding": "2020-12-31", "reportedCurrency": "USD", "grossProfit": "285700000", "totalRevenue": "1037900000", "costOfRevenue": "752200000", "costofGoodsAndServicesSold": "752200000", "operatingIncome": "119800000", "sellingGeneralAndAdministrative": "165900000", "researchAndDevelopment": "None", "operatingExpenses": "165900000", "investmentIncomeNet": "None", "netInterestIncome": "-14500000", "interestIncome": "None", "interestExpense": "14500000", "nonInterestIncome": "None", "otherNonOperatingIncome": "-2700000", "depreciation": "None", "depreciationAndAmortization": "40600000", "incomeBeforeTax": "101600000", "incomeTaxExpense": "19000000", "interestAndDebtExpense": "None", "netIncomeFromContinuingOperations": "82600000", "comprehensiveIncomeNetOfTax": "None", "ebit": "116100000", "ebitda": "156700000", "netIncome": "80900000"}, {"fiscalDateEnding": "2020-09-30", "reportedCurrency": "USD", "grossProfit": "329600000", "totalRevenue": "1108600000", "costOfRevenue": "779000000", "costofGoodsAndServicesSold": "779000000", "operatingIncome": "162900000", "sellingGeneralAndAdministrative": "166700000", "researchAndDevelopment": "None", "operatingExpenses": "166700000", "investmentIncomeNet": "None", "netInterestIncome": "-15000000", "interestIncome": "None", "interestExpense": "15000000", "nonInterestIncome": "None", "otherNonOperatingIncome": "-2300000", "depreciation": "None", "depreciationAndAmortization": "39400000", "incomeBeforeTax": "139000000", "incomeTaxExpense": "30400000", "interestAndDebtExpense": "None", "netIncomeFromContinuingOperations": "108600000", "comprehensiveIncomeNetOfTax": "None", "ebit": "154000000", "ebitda": "193400000", "netIncome": "107100000"}, {"fiscalDateEnding": "2020-06-30", "reportedCurrency": "USD", "grossProfit": "280500000", "totalRevenue": "949200000", "costOfRevenue": "668700000", "costofGoodsAndServicesSold": "668700000", "operatingIncome": "131500000", "sellingGeneralAndAdministrative": "149000000", "researchAndDevelopment": "None", "operatingExpenses": "149000000", "investmentIncomeNet": "None", "netInterestIncome": "-15700000", "interestIncome": "None", "interestExpense": "15700000", "nonInterestIncome": "None", "otherNonOperatingIncome": "-2800000", "depreciation": "None", "depreciationAndAmortization": "38700000", "incomeBeforeTax": "113000000", "incomeTaxExpense": "23900000", "interestAndDebtExpense": "None", "netIncomeFromContinuingOperations": "89100000", "comprehensiveIncomeNetOfTax": "None", "ebit": "128700000", "ebitda": "167400000", "netIncome": "88200000"}, {"fiscalDateEnding": "2020-03-31", "reportedCurrency": "USD", "grossProfit": "313500000", "totalRevenue": "1090300000", "costOfRevenue": "776800000", "costofGoodsAndServicesSold": "776800000", "operatingIncome": "118800000", "sellingGeneralAndAdministrative": "194700000", "researchAndDevelopment": "None", "operatingExpenses": "194700000", "investmentIncomeNet": "None", "netInterestIncome": "-15100000", "interestIncome": "15100000", "interestExpense": "15100000", "nonInterestIncome": "None", "otherNonOperatingIncome": "-3800000", "depreciation": "None", "depreciationAndAmortization": "38900000", "incomeBeforeTax": "99900000", "incomeTaxExpense": "24200000", "interestAndDebtExpense": "None", "netIncomeFromContinuingOperations": "75700000", "comprehensiveIncomeNetOfTax": "None", "ebit": "115000000", "ebitda": "153900000", "netIncome": "75000000"}, {"fiscalDateEnding": "2019-12-31", "reportedCurrency": "USD", "grossProfit": "326000000", "totalRevenue": "1103300000", "costOfRevenue": "777300000", "costofGoodsAndServicesSold": "777300000", "operatingIncome": "135900000", "sellingGeneralAndAdministrative": "190100000", "researchAndDevelopment": "None", "operatingExpenses": "190100000", "investmentIncomeNet": "None", "netInterestIncome": "-17700000", "interestIncome": "16200000", "interestExpense": "16200000", "nonInterestIncome": "None", "otherNonOperatingIncome": "-1700000", "depreciation": "None", "depreciationAndAmortization": "39900000", "incomeBeforeTax": "130900000", "incomeTaxExpense": "27800000", "interestAndDebtExpense": "None", "netIncomeFromContinuingOperations": "103100000", "comprehensiveIncomeNetOfTax": "None", "ebit": "147100000", "ebitda": "187000000", "netIncome": "101900000"}, {"fiscalDateEnding": "2019-09-30", "reportedCurrency": "USD", "grossProfit": "362000000", "totalRevenue": "1204000000", "costOfRevenue": "842000000", "costofGoodsAndServicesSold": "842000000", "operatingIncome": "172900000", "sellingGeneralAndAdministrative": "189100000", "researchAndDevelopment": "None", "operatingExpenses": "189100000", "investmentIncomeNet": "None", "netInterestIncome": "-17000000", "interestIncome": "17000000", "interestExpense": "17000000", "nonInterestIncome": "None", "otherNonOperatingIncome": "12100000", "depreciation": "None", "depreciationAndAmortization": "37400000", "incomeBeforeTax": "168000000", "incomeTaxExpense": "35400000", "interestAndDebtExpense": "None", "netIncomeFromContinuingOperations": "132600000", "comprehensiveIncomeNetOfTax": "None", "ebit": "178100000", "ebitda": "215500000", "netIncome": "130700000"}, {"fiscalDateEnding": "2019-06-30", "reportedCurrency": "USD", "grossProfit": "357400000", "totalRevenue": "1196400000", "costOfRevenue": "839000000", "costofGoodsAndServicesSold": "839000000", "operatingIncome": "166900000", "sellingGeneralAndAdministrative": "190500000", "researchAndDevelopment": "None", "operatingExpenses": "190500000", "investmentIncomeNet": "None", "netInterestIncome": "-17200000", "interestIncome": "17200000", "interestExpense": "17200000", "nonInterestIncome": "None", "otherNonOperatingIncome": "-3200000", "depreciation": "None", "depreciationAndAmortization": "37100000", "incomeBeforeTax": "123600000", "incomeTaxExpense": "25700000", "interestAndDebtExpense": "None", "netIncomeFromContinuingOperations": "97900000", "comprehensiveIncomeNetOfTax": "None", "ebit": "140800000", "ebitda": "177900000", "netIncome": "96000000"}, {"fiscalDateEnding": "2019-03-31", "reportedCurrency": "USD", "grossProfit": "307300000", "totalRevenue": "1087300000", "costOfRevenue": "780000000", "costofGoodsAndServicesSold": "780000000", "operatingIncome": "120900000", "sellingGeneralAndAdministrative": "186400000", "researchAndDevelopment": "None", "operatingExpenses": "186400000", "investmentIncomeNet": "None", "netInterestIncome": "-17500000", "interestIncome": "17500000", "interestExpense": "17500000", "nonInterestIncome": "None", "otherNonOperatingIncome": "-5400000", "depreciation": "None", "depreciationAndAmortization": "36600000", "incomeBeforeTax": "98000000", "incomeTaxExpense": "24200000", "interestAndDebtExpense": "None", "netIncomeFromContinuingOperations": "73800000", "comprehensiveIncomeNetOfTax": "None", "ebit": "115500000", "ebitda": "152100000", "netIncome": "72300000"}, {"fiscalDateEnding": "2018-12-31", "reportedCurrency": "USD", "grossProfit": "320600000", "totalRevenue": "1144100000", "costOfRevenue": "823500000", "costofGoodsAndServicesSold": "823500000", "operatingIncome": "136600000", "sellingGeneralAndAdministrative": "184000000", "researchAndDevelopment": "0", "operatingExpenses": "184000000", "investmentIncomeNet": "None", "netInterestIncome": "None", "interestIncome": "None", "interestExpense": "17800000", "nonInterestIncome": "None", "otherNonOperatingIncome": "-4000000", "depreciation": "None", "depreciationAndAmortization": "35600000", "incomeBeforeTax": "114700000", "incomeTaxExpense": "25500000", "interestAndDebtExpense": "None", "netIncomeFromContinuingOperations": "89200000", "comprehensiveIncomeNetOfTax": "None", "ebit": "132000000", "ebitda": "167600000", "netIncome": "88000000"}, {"fiscalDateEnding": "2018-09-30", "reportedCurrency": "USD", "grossProfit": "349000000", "totalRevenue": "1179700000", "costOfRevenue": "830700000", "costofGoodsAndServicesSold": "830700000", "operatingIncome": "163800000", "sellingGeneralAndAdministrative": "185200000", "researchAndDevelopment": "0", "operatingExpenses": "185200000", "investmentIncomeNet": "None", "netInterestIncome": "None", "interestIncome": "None", "interestExpense": "18400000", "nonInterestIncome": "None", "otherNonOperatingIncome": "-2900000", "depreciation": "None", "depreciationAndAmortization": "36500000", "incomeBeforeTax": "142500000", "incomeTaxExpense": "27800000", "interestAndDebtExpense": "None", "netIncomeFromContinuingOperations": "114700000", "comprehensiveIncomeNetOfTax": "None", "ebit": "166500000", "ebitda": "203000000", "netIncome": "113600000"}, {"fiscalDateEnding": "2018-06-30", "reportedCurrency": "USD", "grossProfit": "347900000", "totalRevenue": "1166700000", "costOfRevenue": "818800000", "costofGoodsAndServicesSold": "818800000", "operatingIncome": "156900000", "sellingGeneralAndAdministrative": "191000000", "researchAndDevelopment": "0", "operatingExpenses": "191000000", "investmentIncomeNet": "None", "netInterestIncome": "None", "interestIncome": "None", "interestExpense": "18800000", "nonInterestIncome": "None", "otherNonOperatingIncome": "-4100000", "depreciation": "None", "depreciationAndAmortization": "36300000", "incomeBeforeTax": "134000000", "incomeTaxExpense": "31600000", "interestAndDebtExpense": "None", "netIncomeFromContinuingOperations": "102400000", "comprehensiveIncomeNetOfTax": "None", "ebit": "152800000", "ebitda": "189100000", "netIncome": "100300000"}, {"fiscalDateEnding": "2018-03-31", "reportedCurrency": "USD", "grossProfit": "282900000", "totalRevenue": "991200000", "costOfRevenue": "708300000", "costofGoodsAndServicesSold": "708300000", "operatingIncome": "99600000", "sellingGeneralAndAdministrative": "183300000", "researchAndDevelopment": "0", "operatingExpenses": "183300000", "investmentIncomeNet": "None", "netInterestIncome": "None", "interestIncome": "None", "interestExpense": "17300000", "nonInterestIncome": "None", "otherNonOperatingIncome": "-6500000", "depreciation": "None", "depreciationAndAmortization": "40000000", "incomeBeforeTax": "75800000", "incomeTaxExpense": "16000000", "interestAndDebtExpense": "None", "netIncomeFromContinuingOperations": "59800000", "comprehensiveIncomeNetOfTax": "None", "ebit": "93100000", "ebitda": "133100000", "netIncome": "58300000"}, {"fiscalDateEnding": "2017-12-31", "reportedCurrency": "USD", "grossProfit": "288500000", "totalRevenue": "917700000", "costOfRevenue": "629200000", "costofGoodsAndServicesSold": "629200000", "operatingIncome": "122700000", "sellingGeneralAndAdministrative": "165800000", "researchAndDevelopment": "0", "operatingExpenses": "165800000", "investmentIncomeNet": "None", "netInterestIncome": "None", "interestIncome": "None", "interestExpense": "9700000", "nonInterestIncome": "None", "otherNonOperatingIncome": "-100000", "depreciation": "None", "depreciationAndAmortization": "23800000", "incomeBeforeTax": "111900000", "incomeTaxExpense": "89500000", "interestAndDebtExpense": "None", "netIncomeFromContinuingOperations": "22400000", "comprehensiveIncomeNetOfTax": "None", "ebit": "122500000", "ebitda": "146300000", "netIncome": "20400000"}, {"fiscalDateEnding": "2017-09-30", "reportedCurrency": "USD", "grossProfit": "306900000", "totalRevenue": "950500000", "costOfRevenue": "643600000", "costofGoodsAndServicesSold": "643600000", "operatingIncome": "146400000", "sellingGeneralAndAdministrative": "160500000", "researchAndDevelopment": "0", "operatingExpenses": "160500000", "investmentIncomeNet": "None", "netInterestIncome": "None", "interestIncome": "None", "interestExpense": "11600000", "nonInterestIncome": "None", "otherNonOperatingIncome": "-11200000", "depreciation": "None", "depreciationAndAmortization": "25600000", "incomeBeforeTax": "123600000", "incomeTaxExpense": "40800000", "interestAndDebtExpense": "None", "netIncomeFromContinuingOperations": "82800000", "comprehensiveIncomeNetOfTax": "None", "ebit": "135200000", "ebitda": "160800000", "netIncome": "80800000"}, {"fiscalDateEnding": "2017-06-30", "reportedCurrency": "USD", "grossProfit": "294700000", "totalRevenue": "948300000", "costOfRevenue": "653600000", "costofGoodsAndServicesSold": "653600000", "operatingIncome": "130600000", "sellingGeneralAndAdministrative": "164100000", "researchAndDevelopment": "0", "operatingExpenses": "164100000", "investmentIncomeNet": "None", "netInterestIncome": "None", "interestIncome": "None", "interestExpense": "11600000", "nonInterestIncome": "None", "otherNonOperatingIncome": "-2300000", "depreciation": "None", "depreciationAndAmortization": "26200000", "incomeBeforeTax": "116700000", "incomeTaxExpense": "35900000", "interestAndDebtExpense": "None", "netIncomeFromContinuingOperations": "80800000", "comprehensiveIncomeNetOfTax": "None", "ebit": "128300000", "ebitda": "154500000", "netIncome": "79100000"}, {"fiscalDateEnding": "2017-03-31", "reportedCurrency": "USD", "grossProfit": "261800000", "totalRevenue": "852300000", "costOfRevenue": "590500000", "costofGoodsAndServicesSold": "590500000", "operatingIncome": "104100000", "sellingGeneralAndAdministrative": "157700000", "researchAndDevelopment": "0", "operatingExpenses": "157700000", "investmentIncomeNet": "None", "netInterestIncome": "None", "interestIncome": "None", "interestExpense": "11100000", "nonInterestIncome": "None", "otherNonOperatingIncome": "-2100000", "depreciation": "None", "depreciationAndAmortization": "24200000", "incomeBeforeTax": "90900000", "incomeTaxExpense": "27000000", "interestAndDebtExpense": "None", "netIncomeFromContinuingOperations": "63900000", "comprehensiveIncomeNetOfTax": "None", "ebit": "102000000", "ebitda": "126200000", "netIncome": "62800000"}, {"fiscalDateEnding": "2016-12-31", "reportedCurrency": "USD", "grossProfit": "258600000", "totalRevenue": "854200000", "costOfRevenue": "595600000", "costofGoodsAndServicesSold": "595600000", "operatingIncome": "107800000", "sellingGeneralAndAdministrative": "150800000", "researchAndDevelopment": "0", "operatingExpenses": "150800000", "investmentIncomeNet": "None", "netInterestIncome": "None", "interestIncome": "None", "interestExpense": "11000000", "nonInterestIncome": "None", "otherNonOperatingIncome": "1600000", "depreciation": "None", "depreciationAndAmortization": "23700000", "incomeBeforeTax": "97900000", "incomeTaxExpense": "32200000", "interestAndDebtExpense": "None", "netIncomeFromContinuingOperations": "65700000", "comprehensiveIncomeNetOfTax": "None", "ebit": "108900000", "ebitda": "132600000", "netIncome": "64400000"}, {"fiscalDateEnding": "2016-09-30", "reportedCurrency": "USD", "grossProfit": "288700000", "totalRevenue": "907400000", "costOfRevenue": "618700000", "costofGoodsAndServicesSold": "618700000", "operatingIncome": "136000000", "sellingGeneralAndAdministrative": "152700000", "researchAndDevelopment": "0", "operatingExpenses": "152700000", "investmentIncomeNet": "None", "netInterestIncome": "None", "interestIncome": "None", "interestExpense": "11600000", "nonInterestIncome": "None", "otherNonOperatingIncome": "-300000", "depreciation": "None", "depreciationAndAmortization": "22700000", "incomeBeforeTax": "124100000", "incomeTaxExpense": "36000000", "interestAndDebtExpense": "None", "netIncomeFromContinuingOperations": "88100000", "comprehensiveIncomeNetOfTax": "None", "ebit": "135700000", "ebitda": "158400000", "netIncome": "86700000"}, {"fiscalDateEnding": "2016-06-30", "reportedCurrency": "USD", "grossProfit": "293500000", "totalRevenue": "908800000", "costOfRevenue": "615300000", "costofGoodsAndServicesSold": "615300000", "operatingIncome": "132100000", "sellingGeneralAndAdministrative": "161400000", "researchAndDevelopment": "0", "operatingExpenses": "161400000", "investmentIncomeNet": "None", "netInterestIncome": "None", "interestIncome": "None", "interestExpense": "11300000", "nonInterestIncome": "None", "otherNonOperatingIncome": "-4000000", "depreciation": "None", "depreciationAndAmortization": "23200000", "incomeBeforeTax": "116800000", "incomeTaxExpense": "34800000", "interestAndDebtExpense": "None", "netIncomeFromContinuingOperations": "82000000", "comprehensiveIncomeNetOfTax": "None", "ebit": "138500000", "ebitda": "161700000", "netIncome": "81000000"}, {"fiscalDateEnding": "2016-03-31", "reportedCurrency": "USD", "grossProfit": "259900000", "totalRevenue": "834800000", "costOfRevenue": "574900000", "costofGoodsAndServicesSold": "574900000", "operatingIncome": "101900000", "sellingGeneralAndAdministrative": "158000000", "researchAndDevelopment": "0", "operatingExpenses": "158000000", "investmentIncomeNet": "None", "netInterestIncome": "None", "interestIncome": "None", "interestExpense": "9000000", "nonInterestIncome": "None", "otherNonOperatingIncome": "-1300000", "depreciation": "None", "depreciationAndAmortization": "22700000", "incomeBeforeTax": "91600000", "incomeTaxExpense": "29600000", "interestAndDebtExpense": "None", "netIncomeFromContinuingOperations": "62000000", "comprehensiveIncomeNetOfTax": "None", "ebit": "108600000", "ebitda": "131300000", "netIncome": "60900000"}, {"fiscalDateEnding": "2015-12-31", "reportedCurrency": "USD", "grossProfit": "266900000", "totalRevenue": "829700000", "costOfRevenue": "562800000", "costofGoodsAndServicesSold": "562800000", "operatingIncome": "111900000", "sellingGeneralAndAdministrative": "155000000", "researchAndDevelopment": "0", "operatingExpenses": "155000000", "investmentIncomeNet": "None", "netInterestIncome": "None", "interestIncome": "None", "interestExpense": "7800000", "nonInterestIncome": "None", "otherNonOperatingIncome": "-12800000", "depreciation": "None", "depreciationAndAmortization": "21600000", "incomeBeforeTax": "90700000", "incomeTaxExpense": "28000000", "interestAndDebtExpense": "None", "netIncomeFromContinuingOperations": "62700000", "comprehensiveIncomeNetOfTax": "None", "ebit": "99000000", "ebitda": "120600000", "netIncome": "61500000"}, {"fiscalDateEnding": "2015-09-30", "reportedCurrency": "USD", "grossProfit": "291100000", "totalRevenue": "877000000", "costOfRevenue": "585900000", "costofGoodsAndServicesSold": "585900000", "operatingIncome": "131000000", "sellingGeneralAndAdministrative": "160100000", "researchAndDevelopment": "0", "operatingExpenses": "160100000", "investmentIncomeNet": "None", "netInterestIncome": "None", "interestIncome": "None", "interestExpense": "7600000", "nonInterestIncome": "None", "otherNonOperatingIncome": "-8300000", "depreciation": "None", "depreciationAndAmortization": "20700000", "incomeBeforeTax": "115100000", "incomeTaxExpense": "40400000", "interestAndDebtExpense": "None", "netIncomeFromContinuingOperations": "74700000", "comprehensiveIncomeNetOfTax": "None", "ebit": "142900000", "ebitda": "163600000", "netIncome": "73300000"}, {"fiscalDateEnding": "2015-06-30", "reportedCurrency": "USD", "grossProfit": "284100000", "totalRevenue": "874000000", "costOfRevenue": "589900000", "costofGoodsAndServicesSold": "589900000", "operatingIncome": "126700000", "sellingGeneralAndAdministrative": "157400000", "researchAndDevelopment": "0", "operatingExpenses": "157400000", "investmentIncomeNet": "None", "netInterestIncome": "None", "interestIncome": "None", "interestExpense": "7400000", "nonInterestIncome": "None", "otherNonOperatingIncome": "-1300000", "depreciation": "None", "depreciationAndAmortization": "21200000", "incomeBeforeTax": "118000000", "incomeTaxExpense": "36700000", "interestAndDebtExpense": "None", "netIncomeFromContinuingOperations": "81300000", "comprehensiveIncomeNetOfTax": "None", "ebit": "142500000", "ebitda": "163700000", "netIncome": "80100000"}, {"fiscalDateEnding": "2015-03-31", "reportedCurrency": "USD", "grossProfit": "252700000", "totalRevenue": "809700000", "costOfRevenue": "557000000", "costofGoodsAndServicesSold": "557000000", "operatingIncome": "105000000", "sellingGeneralAndAdministrative": "147700000", "researchAndDevelopment": "0", "operatingExpenses": "147700000", "investmentIncomeNet": "None", "netInterestIncome": "None", "interestIncome": "None", "interestExpense": "7700000", "nonInterestIncome": "None", "otherNonOperatingIncome": "-2600000", "depreciation": "None", "depreciationAndAmortization": "21700000", "incomeBeforeTax": "94700000", "incomeTaxExpense": "31300000", "interestAndDebtExpense": "None", "netIncomeFromContinuingOperations": "63400000", "comprehensiveIncomeNetOfTax": "None", "ebit": "109400000", "ebitda": "131100000", "netIncome": "62400000"}, {"fiscalDateEnding": "2014-12-31", "reportedCurrency": "USD", "grossProfit": "275300000", "totalRevenue": "848800000", "costOfRevenue": "573500000", "costofGoodsAndServicesSold": "573500000", "operatingIncome": "126100000", "sellingGeneralAndAdministrative": "149200000", "researchAndDevelopment": "0", "operatingExpenses": "149200000", "investmentIncomeNet": "None", "netInterestIncome": "None", "interestIncome": "None", "interestExpense": "8100000", "nonInterestIncome": "None", "otherNonOperatingIncome": "1300000", "depreciation": "None", "depreciationAndAmortization": "20200000", "incomeBeforeTax": "118300000", "incomeTaxExpense": "37700000", "interestAndDebtExpense": "None", "netIncomeFromContinuingOperations": "80600000", "comprehensiveIncomeNetOfTax": "None", "ebit": "127400000", "ebitda": "147600000", "netIncome": "81300000"}, {"fiscalDateEnding": "2014-09-30", "reportedCurrency": "USD", "grossProfit": "296200000", "totalRevenue": "895300000", "costOfRevenue": "599100000", "costofGoodsAndServicesSold": "599100000", "operatingIncome": "142800000", "sellingGeneralAndAdministrative": "153400000", "researchAndDevelopment": "0", "operatingExpenses": "153400000", "investmentIncomeNet": "None", "netInterestIncome": "None", "interestIncome": "None", "interestExpense": "7500000", "nonInterestIncome": "None", "otherNonOperatingIncome": "-500000", "depreciation": "None", "depreciationAndAmortization": "20100000", "incomeBeforeTax": "134800000", "incomeTaxExpense": "44300000", "interestAndDebtExpense": "None", "netIncomeFromContinuingOperations": "90500000", "comprehensiveIncomeNetOfTax": "None", "ebit": "142800000", "ebitda": "162900000", "netIncome": "89600000"}, {"fiscalDateEnding": "2014-06-30", "reportedCurrency": "USD", "grossProfit": "292500000", "totalRevenue": "855800000", "costOfRevenue": "563300000", "costofGoodsAndServicesSold": "563300000", "operatingIncome": "143700000", "sellingGeneralAndAdministrative": "148800000", "researchAndDevelopment": "0", "operatingExpenses": "148800000", "investmentIncomeNet": "None", "netInterestIncome": "None", "interestIncome": "None", "interestExpense": "7000000", "nonInterestIncome": "None", "otherNonOperatingIncome": "-300000", "depreciation": "None", "depreciationAndAmortization": "20000000", "incomeBeforeTax": "136400000", "incomeTaxExpense": "45600000", "interestAndDebtExpense": "None", "netIncomeFromContinuingOperations": "90800000", "comprehensiveIncomeNetOfTax": "None", "ebit": "143700000", "ebitda": "163700000", "netIncome": "90200000"}, {"fiscalDateEnding": "2014-03-31", "reportedCurrency": "USD", "grossProfit": "245000000", "totalRevenue": "759500000", "costOfRevenue": "514500000", "costofGoodsAndServicesSold": "514500000", "operatingIncome": "104800000", "sellingGeneralAndAdministrative": "140200000", "researchAndDevelopment": "0", "operatingExpenses": "140200000", "investmentIncomeNet": "None", "netInterestIncome": "None", "interestIncome": "None", "interestExpense": "7500000", "nonInterestIncome": "None", "otherNonOperatingIncome": "-1200000", "depreciation": "None", "depreciationAndAmortization": "18900000", "incomeBeforeTax": "96100000", "incomeTaxExpense": "30800000", "interestAndDebtExpense": "None", "netIncomeFromContinuingOperations": "65300000", "comprehensiveIncomeNetOfTax": "None", "ebit": "104800000", "ebitda": "123700000", "netIncome": "64200000"}, {"fiscalDateEnding": "2013-12-31", "reportedCurrency": "USD", "grossProfit": "270900000", "totalRevenue": "806600000", "costOfRevenue": "535700000", "costofGoodsAndServicesSold": "535700000", "operatingIncome": "126200000", "sellingGeneralAndAdministrative": "144700000", "researchAndDevelopment": "0", "operatingExpenses": "144700000", "investmentIncomeNet": "None", "netInterestIncome": "None", "interestIncome": "None", "interestExpense": "7500000", "nonInterestIncome": "None", "otherNonOperatingIncome": "-900000", "depreciation": "None", "depreciationAndAmortization": "18100000", "incomeBeforeTax": "116500000", "incomeTaxExpense": "33700000", "interestAndDebtExpense": "None", "netIncomeFromContinuingOperations": "82800000", "comprehensiveIncomeNetOfTax": "None", "ebit": "121900000", "ebitda": "140000000", "netIncome": "82000000"}, {"fiscalDateEnding": "2013-09-30", "reportedCurrency": "USD", "grossProfit": "291300000", "totalRevenue": "835900000", "costOfRevenue": "544600000", "costofGoodsAndServicesSold": "544600000", "operatingIncome": "151600000", "sellingGeneralAndAdministrative": "139700000", "researchAndDevelopment": "0", "operatingExpenses": "139700000", "investmentIncomeNet": "None", "netInterestIncome": "None", "interestIncome": "None", "interestExpense": "7400000", "nonInterestIncome": "None", "otherNonOperatingIncome": "-900000", "depreciation": "None", "depreciationAndAmortization": "18100000", "incomeBeforeTax": "143300000", "incomeTaxExpense": "46100000", "interestAndDebtExpense": "None", "netIncomeFromContinuingOperations": "97200000", "comprehensiveIncomeNetOfTax": "None", "ebit": "151600000", "ebitda": "169700000", "netIncome": "96500000"}, {"fiscalDateEnding": "2013-06-30", "reportedCurrency": "USD", "grossProfit": "272000000", "totalRevenue": "801300000", "costOfRevenue": "529300000", "costofGoodsAndServicesSold": "529300000", "operatingIncome": "132100000", "sellingGeneralAndAdministrative": "139900000", "researchAndDevelopment": "0", "operatingExpenses": "139900000", "investmentIncomeNet": "None", "netInterestIncome": "None", "interestIncome": "None", "interestExpense": "7300000", "nonInterestIncome": "None", "otherNonOperatingIncome": "-2000000", "depreciation": "None", "depreciationAndAmortization": "17200000", "incomeBeforeTax": "122800000", "incomeTaxExpense": "39800000", "interestAndDebtExpense": "None", "netIncomeFromContinuingOperations": "83000000", "comprehensiveIncomeNetOfTax": "None", "ebit": "130100000", "ebitda": "147300000", "netIncome": "82100000"}, {"fiscalDateEnding": "2013-03-31", "reportedCurrency": "USD", "grossProfit": "236300000", "totalRevenue": "740100000", "costOfRevenue": "503800000", "costofGoodsAndServicesSold": "503800000", "operatingIncome": "97700000", "sellingGeneralAndAdministrative": "138600000", "researchAndDevelopment": "0", "operatingExpenses": "138600000", "investmentIncomeNet": "None", "netInterestIncome": "None", "interestIncome": "None", "interestExpense": "7300000", "nonInterestIncome": "None", "otherNonOperatingIncome": "800000", "depreciation": "None", "depreciationAndAmortization": "17200000", "incomeBeforeTax": "91200000", "incomeTaxExpense": "24400000", "interestAndDebtExpense": "None", "netIncomeFromContinuingOperations": "66800000", "comprehensiveIncomeNetOfTax": "None", "ebit": "98500000", "ebitda": "115700000", "netIncome": "65900000"}, {"fiscalDateEnding": "2012-12-31", "reportedCurrency": "USD", "grossProfit": "249800000", "totalRevenue": "752500000", "costOfRevenue": "502700000", "costofGoodsAndServicesSold": "502700000", "operatingIncome": "110500000", "sellingGeneralAndAdministrative": "139300000", "researchAndDevelopment": "0", "operatingExpenses": "139300000", "investmentIncomeNet": "None", "netInterestIncome": "None", "interestIncome": "None", "interestExpense": "7500000", "nonInterestIncome": "None", "otherNonOperatingIncome": "900000", "depreciation": "None", "depreciationAndAmortization": "17600000", "incomeBeforeTax": "102100000", "incomeTaxExpense": "29200000", "interestAndDebtExpense": "None", "netIncomeFromContinuingOperations": "72900000", "comprehensiveIncomeNetOfTax": "None", "ebit": "111300000", "ebitda": "128900000", "netIncome": "71900000"}, {"fiscalDateEnding": "2012-09-30", "reportedCurrency": "USD", "grossProfit": "268500000", "totalRevenue": "789700000", "costOfRevenue": "521200000", "costofGoodsAndServicesSold": "521200000", "operatingIncome": "135100000", "sellingGeneralAndAdministrative": "133400000", "researchAndDevelopment": "0", "operatingExpenses": "133400000", "investmentIncomeNet": "None", "netInterestIncome": "None", "interestIncome": "None", "interestExpense": "7200000", "nonInterestIncome": "None", "otherNonOperatingIncome": "1100000", "depreciation": "None", "depreciationAndAmortization": "16200000", "incomeBeforeTax": "129000000", "incomeTaxExpense": "41400000", "interestAndDebtExpense": "None", "netIncomeFromContinuingOperations": "87600000", "comprehensiveIncomeNetOfTax": "None", "ebit": "136200000", "ebitda": "152400000", "netIncome": "87100000"}, {"fiscalDateEnding": "2012-06-30", "reportedCurrency": "USD", "grossProfit": "259800000", "totalRevenue": "778400000", "costOfRevenue": "518600000", "costofGoodsAndServicesSold": "518600000", "operatingIncome": "124500000", "sellingGeneralAndAdministrative": "135300000", "researchAndDevelopment": "0", "operatingExpenses": "135300000", "investmentIncomeNet": "None", "netInterestIncome": "None", "interestIncome": "None", "interestExpense": "7100000", "nonInterestIncome": "None", "otherNonOperatingIncome": "-1300000", "depreciation": "None", "depreciationAndAmortization": "16800000", "incomeBeforeTax": "116100000", "incomeTaxExpense": "38100000", "interestAndDebtExpense": "None", "netIncomeFromContinuingOperations": "78000000", "comprehensiveIncomeNetOfTax": "None", "ebit": "123200000", "ebitda": "140000000", "netIncome": "77500000"}, {"fiscalDateEnding": "2012-03-31", "reportedCurrency": "USD", "grossProfit": "234100000", "totalRevenue": "723800000", "costOfRevenue": "489700000", "costofGoodsAndServicesSold": "489700000", "operatingIncome": "101700000", "sellingGeneralAndAdministrative": "132400000", "researchAndDevelopment": "0", "operatingExpenses": "132400000", "investmentIncomeNet": "None", "netInterestIncome": "None", "interestIncome": "None", "interestExpense": "7200000", "nonInterestIncome": "None", "otherNonOperatingIncome": "100000", "depreciation": "None", "depreciationAndAmortization": "16200000", "incomeBeforeTax": "94600000", "incomeTaxExpense": "31000000", "interestAndDebtExpense": "None", "netIncomeFromContinuingOperations": "63600000", "comprehensiveIncomeNetOfTax": "None", "ebit": "101800000", "ebitda": "118000000", "netIncome": "63200000"}, {"fiscalDateEnding": "2011-12-31", "reportedCurrency": "USD", "grossProfit": "236300000", "totalRevenue": "740000000", "costOfRevenue": "503700000", "costofGoodsAndServicesSold": "503700000", "operatingIncome": "109800000", "sellingGeneralAndAdministrative": "126500000", "researchAndDevelopment": "0", "operatingExpenses": "126500000", "investmentIncomeNet": "None", "netInterestIncome": "None", "interestIncome": "None", "interestExpense": "45700000", "nonInterestIncome": "None", "otherNonOperatingIncome": "700000", "depreciation": "None", "depreciationAndAmortization": "16500000", "incomeBeforeTax": "101900000", "incomeTaxExpense": "31400000", "interestAndDebtExpense": "None", "netIncomeFromContinuingOperations": "70500000", "comprehensiveIncomeNetOfTax": "None", "ebit": "106700000", "ebitda": "123200000", "netIncome": "70000000"}, {"fiscalDateEnding": "2011-09-30", "reportedCurrency": "USD", "grossProfit": "252300000", "totalRevenue": "764300000", "costOfRevenue": "512000000", "costofGoodsAndServicesSold": "512000000", "operatingIncome": "125300000", "sellingGeneralAndAdministrative": "127000000", "researchAndDevelopment": "0", "operatingExpenses": "127000000", "investmentIncomeNet": "None", "netInterestIncome": "None", "interestIncome": "None", "interestExpense": "7300000", "nonInterestIncome": "None", "otherNonOperatingIncome": "None", "depreciation": "None", "depreciationAndAmortization": "16900000", "incomeBeforeTax": "118000000", "incomeTaxExpense": "34700000", "interestAndDebtExpense": "None", "netIncomeFromContinuingOperations": "83300000", "comprehensiveIncomeNetOfTax": "None", "ebit": "108400000", "ebitda": "125300000", "netIncome": "82400000"}, {"fiscalDateEnding": "2011-06-30", "reportedCurrency": "USD", "grossProfit": "229900000", "totalRevenue": "709200000", "costOfRevenue": "479300000", "costofGoodsAndServicesSold": "479300000", "operatingIncome": "105100000", "sellingGeneralAndAdministrative": "124800000", "researchAndDevelopment": "0", "operatingExpenses": "124800000", "investmentIncomeNet": "None", "netInterestIncome": "None", "interestIncome": "None", "interestExpense": "7500000", "nonInterestIncome": "None", "otherNonOperatingIncome": "-1700000", "depreciation": "None", "depreciationAndAmortization": "17200000", "incomeBeforeTax": "95900000", "incomeTaxExpense": "30200000", "interestAndDebtExpense": "None", "netIncomeFromContinuingOperations": "65700000", "comprehensiveIncomeNetOfTax": "None", "ebit": "87900000", "ebitda": "105100000", "netIncome": "65200000"}, {"fiscalDateEnding": "2011-03-31", "reportedCurrency": "USD", "grossProfit": "205200000", "totalRevenue": "658100000", "costOfRevenue": "452900000", "costofGoodsAndServicesSold": "452900000", "operatingIncome": "83600000", "sellingGeneralAndAdministrative": "121600000", "researchAndDevelopment": "0", "operatingExpenses": "121600000", "investmentIncomeNet": "None", "netInterestIncome": "None", "interestIncome": "None", "interestExpense": "7500000", "nonInterestIncome": "None", "otherNonOperatingIncome": "-2100000", "depreciation": "None", "depreciationAndAmortization": "17600000", "incomeBeforeTax": "74000000", "incomeTaxExpense": "23300000", "interestAndDebtExpense": "None", "netIncomeFromContinuingOperations": "50700000", "comprehensiveIncomeNetOfTax": "None", "ebit": "66000000", "ebitda": "83600000", "netIncome": "50300000"}, {"fiscalDateEnding": "2010-12-31", "reportedCurrency": "USD", "grossProfit": "206800000", "totalRevenue": "639300000", "costOfRevenue": "432500000", "costofGoodsAndServicesSold": "432500000", "operatingIncome": "91000000", "sellingGeneralAndAdministrative": "115800000", "researchAndDevelopment": "0", "operatingExpenses": "115800000", "investmentIncomeNet": "None", "netInterestIncome": "None", "interestIncome": "None", "interestExpense": "38700000", "nonInterestIncome": "None", "otherNonOperatingIncome": "None", "depreciation": "None", "depreciationAndAmortization": "17700000", "incomeBeforeTax": "68100000", "incomeTaxExpense": "17900000", "interestAndDebtExpense": "None", "netIncomeFromContinuingOperations": "0", "comprehensiveIncomeNetOfTax": "None", "ebit": "74700000", "ebitda": "92400000", "netIncome": "49700000"}, {"fiscalDateEnding": "2010-09-30", "reportedCurrency": "USD", "grossProfit": "235200000", "totalRevenue": "685000000", "costOfRevenue": "449800000", "costofGoodsAndServicesSold": "449800000", "operatingIncome": "117600000", "sellingGeneralAndAdministrative": "117600000", "researchAndDevelopment": "0", "operatingExpenses": "117600000", "investmentIncomeNet": "None", "netInterestIncome": "None", "interestIncome": "None", "interestExpense": "7800000", "nonInterestIncome": "None", "otherNonOperatingIncome": "-600000", "depreciation": "None", "depreciationAndAmortization": "18000000", "incomeBeforeTax": "109200000", "incomeTaxExpense": "37500000", "interestAndDebtExpense": "None", "netIncomeFromContinuingOperations": "71700000", "comprehensiveIncomeNetOfTax": "None", "ebit": "99600000", "ebitda": "117600000", "netIncome": "71300000"}, {"fiscalDateEnding": "2010-06-30", "reportedCurrency": "USD", "grossProfit": "211000000", "totalRevenue": "646400000", "costOfRevenue": "435400000", "costofGoodsAndServicesSold": "435400000", "operatingIncome": "93500000", "sellingGeneralAndAdministrative": "117500000", "researchAndDevelopment": "0", "operatingExpenses": "117500000", "investmentIncomeNet": "None", "netInterestIncome": "None", "interestIncome": "None", "interestExpense": "7500000", "nonInterestIncome": "None", "otherNonOperatingIncome": "-500000", "depreciation": "None", "depreciationAndAmortization": "18500000", "incomeBeforeTax": "85500000", "incomeTaxExpense": "27600000", "interestAndDebtExpense": "None", "netIncomeFromContinuingOperations": "57900000", "comprehensiveIncomeNetOfTax": "None", "ebit": "75000000", "ebitda": "93500000", "netIncome": "57600000"}, {"fiscalDateEnding": "2010-03-31", "reportedCurrency": "USD", "grossProfit": "175700000", "totalRevenue": "570500000", "costOfRevenue": "394800000", "costofGoodsAndServicesSold": "394800000", "operatingIncome": "65700000", "sellingGeneralAndAdministrative": "110000000", "researchAndDevelopment": "0", "operatingExpenses": "110000000", "investmentIncomeNet": "None", "netInterestIncome": "None", "interestIncome": "None", "interestExpense": "7600000", "nonInterestIncome": "None", "otherNonOperatingIncome": "None", "depreciation": "None", "depreciationAndAmortization": "18300000", "incomeBeforeTax": "57600000", "incomeTaxExpense": "18600000", "interestAndDebtExpense": "None", "netIncomeFromContinuingOperations": "0", "comprehensiveIncomeNetOfTax": "None", "ebit": "47400000", "ebitda": "65700000", "netIncome": "38600000"}, {"fiscalDateEnding": "2009-12-31", "reportedCurrency": "USD", "grossProfit": "191800000", "totalRevenue": "591900000", "costOfRevenue": "400100000", "costofGoodsAndServicesSold": "400100000", "operatingIncome": "79500000", "sellingGeneralAndAdministrative": "112300000", "researchAndDevelopment": "0", "operatingExpenses": "112300000", "investmentIncomeNet": "None", "netInterestIncome": "None", "interestIncome": "None", "interestExpense": "38600000", "nonInterestIncome": "None", "otherNonOperatingIncome": "None", "depreciation": "None", "depreciationAndAmortization": "19500000", "incomeBeforeTax": "70100000", "incomeTaxExpense": "20000000", "interestAndDebtExpense": "None", "netIncomeFromContinuingOperations": "0", "comprehensiveIncomeNetOfTax": "None", "ebit": "77300000", "ebitda": "96800000", "netIncome": "49600000"}, {"fiscalDateEnding": "2009-09-30", "reportedCurrency": "USD", "grossProfit": "192900000", "totalRevenue": "593900000", "costOfRevenue": "401000000", "costofGoodsAndServicesSold": "401000000", "operatingIncome": "91300000", "sellingGeneralAndAdministrative": "101600000", "researchAndDevelopment": "0", "operatingExpenses": "101600000", "investmentIncomeNet": "None", "netInterestIncome": "None", "interestIncome": "None", "interestExpense": "7700000", "nonInterestIncome": "None", "otherNonOperatingIncome": "None", "depreciation": "None", "depreciationAndAmortization": "16700000", "incomeBeforeTax": "83900000", "incomeTaxExpense": "26400000", "interestAndDebtExpense": "None", "netIncomeFromContinuingOperations": "0", "comprehensiveIncomeNetOfTax": "None", "ebit": "74600000", "ebitda": "91300000", "netIncome": "57300000"}, {"fiscalDateEnding": "2009-06-30", "reportedCurrency": "USD", "grossProfit": "174200000", "totalRevenue": "584200000", "costOfRevenue": "410000000", "costofGoodsAndServicesSold": "410000000", "operatingIncome": "66600000", "sellingGeneralAndAdministrative": "107600000", "researchAndDevelopment": "0", "operatingExpenses": "107600000", "investmentIncomeNet": "None", "netInterestIncome": "None", "interestIncome": "None", "interestExpense": "7600000", "nonInterestIncome": "None", "otherNonOperatingIncome": "None", "depreciation": "None", "depreciationAndAmortization": "17300000", "incomeBeforeTax": "57800000", "incomeTaxExpense": "18200000", "interestAndDebtExpense": "None", "netIncomeFromContinuingOperations": "0", "comprehensiveIncomeNetOfTax": "None", "ebit": "66600000", "ebitda": "83900000", "netIncome": "39400000"}, {"fiscalDateEnding": "2009-03-31", "reportedCurrency": "USD", "grossProfit": "167000000", "totalRevenue": "585600000", "costOfRevenue": "418600000", "costofGoodsAndServicesSold": "418600000", "operatingIncome": "57300000", "sellingGeneralAndAdministrative": "109700000", "researchAndDevelopment": "0", "operatingExpenses": "109700000", "investmentIncomeNet": "None", "netInterestIncome": "None", "interestIncome": "None", "interestExpense": "7700000", "nonInterestIncome": "None", "otherNonOperatingIncome": "None", "depreciation": "None", "depreciationAndAmortization": "17100000", "incomeBeforeTax": "49800000", "incomeTaxExpense": "15700000", "interestAndDebtExpense": "None", "netIncomeFromContinuingOperations": "0", "comprehensiveIncomeNetOfTax": "None", "ebit": "40200000", "ebitda": "57300000", "netIncome": "33800000"}, {"fiscalDateEnding": "2008-12-31", "reportedCurrency": "USD", "grossProfit": "185900000", "totalRevenue": "652100000", "costOfRevenue": "466200000", "costofGoodsAndServicesSold": "466200000", "operatingIncome": "72400000", "sellingGeneralAndAdministrative": "113500000", "researchAndDevelopment": "0", "operatingExpenses": "113500000", "investmentIncomeNet": "None", "netInterestIncome": "None", "interestIncome": "None", "interestExpense": "27400000", "nonInterestIncome": "None", "otherNonOperatingIncome": "None", "depreciation": "None", "depreciationAndAmortization": "16700000", "incomeBeforeTax": "64100000", "incomeTaxExpense": "17800000", "interestAndDebtExpense": "None", "netIncomeFromContinuingOperations": "0", "comprehensiveIncomeNetOfTax": "None", "ebit": "71700000", "ebitda": "88400000", "netIncome": "46300000"}, {"fiscalDateEnding": "2008-09-30", "reportedCurrency": "USD", "grossProfit": "220200000", "totalRevenue": "734800000", "costOfRevenue": "514600000", "costofGoodsAndServicesSold": "514600000", "operatingIncome": "103300000", "sellingGeneralAndAdministrative": "116900000", "researchAndDevelopment": "0", "operatingExpenses": "116900000", "investmentIncomeNet": "None", "netInterestIncome": "None", "interestIncome": "None", "interestExpense": "6800000", "nonInterestIncome": "None", "otherNonOperatingIncome": "None", "depreciation": "None", "depreciationAndAmortization": "16000000", "incomeBeforeTax": "95700000", "incomeTaxExpense": "29200000", "interestAndDebtExpense": "None", "netIncomeFromContinuingOperations": "0", "comprehensiveIncomeNetOfTax": "None", "ebit": "87300000", "ebitda": "103300000", "netIncome": "66500000"}, {"fiscalDateEnding": "2008-06-30", "reportedCurrency": "USD", "grossProfit": "209900000", "totalRevenue": "689600000", "costOfRevenue": "479700000", "costofGoodsAndServicesSold": "479700000", "operatingIncome": "95000000", "sellingGeneralAndAdministrative": "114900000", "researchAndDevelopment": "0", "operatingExpenses": "114900000", "investmentIncomeNet": "None", "netInterestIncome": "None", "interestIncome": "None", "interestExpense": "5500000", "nonInterestIncome": "None", "otherNonOperatingIncome": "None", "depreciation": "None", "depreciationAndAmortization": "15300000", "incomeBeforeTax": "88500000", "incomeTaxExpense": "27000000", "interestAndDebtExpense": "None", "netIncomeFromContinuingOperations": "0", "comprehensiveIncomeNetOfTax": "None", "ebit": "79700000", "ebitda": "95000000", "netIncome": "61500000"}, {"fiscalDateEnding": "2008-03-31", "reportedCurrency": "USD", "grossProfit": "187400000", "totalRevenue": "627900000", "costOfRevenue": "440500000", "costofGoodsAndServicesSold": "440500000", "operatingIncome": "75300000", "sellingGeneralAndAdministrative": "112100000", "researchAndDevelopment": "0", "operatingExpenses": "112100000", "investmentIncomeNet": "None", "netInterestIncome": "None", "interestIncome": "None", "interestExpense": "4600000", "nonInterestIncome": "None", "otherNonOperatingIncome": "None", "depreciation": "None", "depreciationAndAmortization": "15100000", "incomeBeforeTax": "69600000", "incomeTaxExpense": "21200000", "interestAndDebtExpense": "None", "netIncomeFromContinuingOperations": "0", "comprehensiveIncomeNetOfTax": "None", "ebit": "60200000", "ebitda": "75300000", "netIncome": "48400000"}, {"fiscalDateEnding": "2007-12-31", "reportedCurrency": "USD", "grossProfit": "180900000", "totalRevenue": "614700000", "costOfRevenue": "433800000", "costofGoodsAndServicesSold": "433800000", "operatingIncome": "68600000", "sellingGeneralAndAdministrative": "112300000", "researchAndDevelopment": "0", "operatingExpenses": "112300000", "investmentIncomeNet": "None", "netInterestIncome": "None", "interestIncome": "None", "interestExpense": "17600000", "nonInterestIncome": "None", "otherNonOperatingIncome": "None", "depreciation": "None", "depreciationAndAmortization": "15400000", "incomeBeforeTax": "64200000", "incomeTaxExpense": "16200000", "interestAndDebtExpense": "None", "netIncomeFromContinuingOperations": "0", "comprehensiveIncomeNetOfTax": "None", "ebit": "68600000", "ebitda": "84000000", "netIncome": "48000000"}, {"fiscalDateEnding": "2007-09-30", "reportedCurrency": "USD", "grossProfit": "194600000", "totalRevenue": "652700000", "costOfRevenue": "458100000", "costofGoodsAndServicesSold": "458100000", "operatingIncome": "88900000", "sellingGeneralAndAdministrative": "105700000", "researchAndDevelopment": "0", "operatingExpenses": "105700000", "investmentIncomeNet": "None", "netInterestIncome": "None", "interestIncome": "None", "interestExpense": "4100000", "nonInterestIncome": "None", "otherNonOperatingIncome": "None", "depreciation": "None", "depreciationAndAmortization": "14900000", "incomeBeforeTax": "85700000", "incomeTaxExpense": "20400000", "interestAndDebtExpense": "None", "netIncomeFromContinuingOperations": "0", "comprehensiveIncomeNetOfTax": "None", "ebit": "74000000", "ebitda": "88900000", "netIncome": "65300000"}, {"fiscalDateEnding": "2007-06-30", "reportedCurrency": "USD", "grossProfit": "187300000", "totalRevenue": "640800000", "costOfRevenue": "453500000", "costofGoodsAndServicesSold": "453500000", "operatingIncome": "78000000", "sellingGeneralAndAdministrative": "109300000", "researchAndDevelopment": "0", "operatingExpenses": "109300000", "investmentIncomeNet": "None", "netInterestIncome": "None", "interestIncome": "None", "interestExpense": "4200000", "nonInterestIncome": "None", "otherNonOperatingIncome": "None", "depreciation": "None", "depreciationAndAmortization": "15000000", "incomeBeforeTax": "75000000", "incomeTaxExpense": "21700000", "interestAndDebtExpense": "None", "netIncomeFromContinuingOperations": "0", "comprehensiveIncomeNetOfTax": "None", "ebit": "63000000", "ebitda": "78000000", "netIncome": "53300000"}, {"fiscalDateEnding": "2007-03-31", "reportedCurrency": "USD", "grossProfit": "173000000", "totalRevenue": "625700000", "costOfRevenue": "452700000", "costofGoodsAndServicesSold": "452700000", "operatingIncome": "63900000", "sellingGeneralAndAdministrative": "109100000", "researchAndDevelopment": "0", "operatingExpenses": "109100000", "investmentIncomeNet": "None", "netInterestIncome": "None", "interestIncome": "None", "interestExpense": "4400000", "nonInterestIncome": "None", "otherNonOperatingIncome": "None", "depreciation": "None", "depreciationAndAmortization": "14900000", "incomeBeforeTax": "59300000", "incomeTaxExpense": "17600000", "interestAndDebtExpense": "None", "netIncomeFromContinuingOperations": "0", "comprehensiveIncomeNetOfTax": "None", "ebit": "49000000", "ebitda": "63900000", "netIncome": "41700000"}, {"fiscalDateEnding": "2006-12-31", "reportedCurrency": "USD", "grossProfit": "151600000", "totalRevenue": "589000000", "costOfRevenue": "437400000", "costofGoodsAndServicesSold": "437400000", "operatingIncome": "41700000", "sellingGeneralAndAdministrative": "106200000", "researchAndDevelopment": "0", "operatingExpenses": "109900000", "investmentIncomeNet": "None", "netInterestIncome": "None", "interestIncome": "None", "interestExpense": "15400000", "nonInterestIncome": "None", "otherNonOperatingIncome": "None", "depreciation": "None", "depreciationAndAmortization": "14200000", "incomeBeforeTax": "37300000", "incomeTaxExpense": "8100000", "interestAndDebtExpense": "None", "netIncomeFromContinuingOperations": "0", "comprehensiveIncomeNetOfTax": "None", "ebit": "41700000", "ebitda": "55900000", "netIncome": "29200000"}, {"fiscalDateEnding": "2006-09-30", "reportedCurrency": "USD", "grossProfit": "180900000", "totalRevenue": "649000000", "costOfRevenue": "468100000", "costofGoodsAndServicesSold": "468100000", "operatingIncome": "72900000", "sellingGeneralAndAdministrative": "107300000", "researchAndDevelopment": "0", "operatingExpenses": "108000000", "investmentIncomeNet": "None", "netInterestIncome": "None", "interestIncome": "None", "interestExpense": "3100000", "nonInterestIncome": "None", "otherNonOperatingIncome": "None", "depreciation": "None", "depreciationAndAmortization": "14300000", "incomeBeforeTax": "68200000", "incomeTaxExpense": "20600000", "interestAndDebtExpense": "None", "netIncomeFromContinuingOperations": "0", "comprehensiveIncomeNetOfTax": "None", "ebit": "58600000", "ebitda": "72900000", "netIncome": "47600000"}, {"fiscalDateEnding": "2006-06-30", "reportedCurrency": "USD", "grossProfit": "165700000", "totalRevenue": "603200000", "costOfRevenue": "437500000", "costofGoodsAndServicesSold": "437500000", "operatingIncome": "61400000", "sellingGeneralAndAdministrative": "102900000", "researchAndDevelopment": "0", "operatingExpenses": "104300000", "investmentIncomeNet": "None", "netInterestIncome": "None", "interestIncome": "None", "interestExpense": "2200000", "nonInterestIncome": "None", "otherNonOperatingIncome": "None", "depreciation": "None", "depreciationAndAmortization": "14000000", "incomeBeforeTax": "59700000", "incomeTaxExpense": "18100000", "interestAndDebtExpense": "None", "netIncomeFromContinuingOperations": "0", "comprehensiveIncomeNetOfTax": "None", "ebit": "47400000", "ebitda": "61400000", "netIncome": "41600000"}, {"fiscalDateEnding": "2006-03-31", "reportedCurrency": "USD", "grossProfit": "158500000", "totalRevenue": "573000000", "costOfRevenue": "414500000", "costofGoodsAndServicesSold": "414500000", "operatingIncome": "57900000", "sellingGeneralAndAdministrative": "99100000", "researchAndDevelopment": "0", "operatingExpenses": "100600000", "investmentIncomeNet": "None", "netInterestIncome": "None", "interestIncome": "None", "interestExpense": "1900000", "nonInterestIncome": "None", "otherNonOperatingIncome": "None", "depreciation": "None", "depreciationAndAmortization": "12900000", "incomeBeforeTax": "56300000", "incomeTaxExpense": "16600000", "interestAndDebtExpense": "None", "netIncomeFromContinuingOperations": "0", "comprehensiveIncomeNetOfTax": "None", "ebit": "45000000", "ebitda": "57900000", "netIncome": "39700000"}, {"fiscalDateEnding": "2005-12-31", "reportedCurrency": "USD", "grossProfit": "151000000", "totalRevenue": "535700000", "costOfRevenue": "384700000", "costofGoodsAndServicesSold": "384700000", "operatingIncome": "58200000", "sellingGeneralAndAdministrative": "87700000", "researchAndDevelopment": "6500000", "operatingExpenses": "92800000", "investmentIncomeNet": "None", "netInterestIncome": "None", "interestIncome": "None", "interestExpense": "19300000", "nonInterestIncome": "None", "otherNonOperatingIncome": "None", "depreciation": "None", "depreciationAndAmortization": "13700000", "incomeBeforeTax": "55600000", "incomeTaxExpense": "3500000", "interestAndDebtExpense": "None", "netIncomeFromContinuingOperations": "0", "comprehensiveIncomeNetOfTax": "None", "ebit": "58200000", "ebitda": "71900000", "netIncome": "52100000"}, {"fiscalDateEnding": "2005-09-30", "reportedCurrency": "USD", "grossProfit": "164200000", "totalRevenue": "561100000", "costOfRevenue": "396900000", "costofGoodsAndServicesSold": "396900000", "operatingIncome": "73300000", "sellingGeneralAndAdministrative": "89900000", "researchAndDevelopment": "0", "operatingExpenses": "90900000", "investmentIncomeNet": "None", "netInterestIncome": "None", "interestIncome": "None", "interestExpense": "5300000", "nonInterestIncome": "None", "otherNonOperatingIncome": "None", "depreciation": "None", "depreciationAndAmortization": "12300000", "incomeBeforeTax": "70300000", "incomeTaxExpense": "21800000", "interestAndDebtExpense": "None", "netIncomeFromContinuingOperations": "0", "comprehensiveIncomeNetOfTax": "None", "ebit": "61000000", "ebitda": "73300000", "netIncome": "48500000"}, {"fiscalDateEnding": "2005-06-30", "reportedCurrency": "USD", "grossProfit": "143100000", "totalRevenue": "520500000", "costOfRevenue": "377400000", "costofGoodsAndServicesSold": "377400000", "operatingIncome": "52900000", "sellingGeneralAndAdministrative": "88000000", "researchAndDevelopment": "0", "operatingExpenses": "90200000", "investmentIncomeNet": "None", "netInterestIncome": "None", "interestIncome": "None", "interestExpense": "5000000", "nonInterestIncome": "None", "otherNonOperatingIncome": "None", "depreciation": "None", "depreciationAndAmortization": "12400000", "incomeBeforeTax": "50100000", "incomeTaxExpense": "14400000", "interestAndDebtExpense": "None", "netIncomeFromContinuingOperations": "0", "comprehensiveIncomeNetOfTax": "None", "ebit": "40500000", "ebitda": "52900000", "netIncome": "35700000"}, {"fiscalDateEnding": "2005-03-31", "reportedCurrency": "USD", "grossProfit": "136700000", "totalRevenue": "487600000", "costOfRevenue": "350900000", "costofGoodsAndServicesSold": "350900000", "operatingIncome": "42400000", "sellingGeneralAndAdministrative": "92400000", "researchAndDevelopment": "0", "operatingExpenses": "94300000", "investmentIncomeNet": "None", "netInterestIncome": "None", "interestIncome": "None", "interestExpense": "5100000", "nonInterestIncome": "None", "otherNonOperatingIncome": "None", "depreciation": "None", "depreciationAndAmortization": "12000000", "incomeBeforeTax": "39700000", "incomeTaxExpense": "10900000", "interestAndDebtExpense": "None", "netIncomeFromContinuingOperations": "0", "comprehensiveIncomeNetOfTax": "None", "ebit": "30400000", "ebitda": "42400000", "netIncome": "28800000"}, {"fiscalDateEnding": "2004-12-31", "reportedCurrency": "USD", "grossProfit": "141600000", "totalRevenue": "499800000", "costOfRevenue": "358200000", "costofGoodsAndServicesSold": "358200000", "operatingIncome": "52100000", "sellingGeneralAndAdministrative": "86700000", "researchAndDevelopment": "6200000", "operatingExpenses": "89500000", "investmentIncomeNet": "None", "netInterestIncome": "None", "interestIncome": "None", "interestExpense": "20600000", "nonInterestIncome": "None", "otherNonOperatingIncome": "None", "depreciation": "None", "depreciationAndAmortization": "11400000", "incomeBeforeTax": "48400000", "incomeTaxExpense": "600000", "interestAndDebtExpense": "None", "netIncomeFromContinuingOperations": "0", "comprehensiveIncomeNetOfTax": "None", "ebit": "52100000", "ebitda": "63500000", "netIncome": "47800000"}]}