{"symbol": "ATO", "annualReports": [{"fiscalDateEnding": "2024-09-30", "reportedCurrency": "USD", "grossProfit": "2412357000", "totalRevenue": "4165187000", "costOfRevenue": "1752830000", "costofGoodsAndServicesSold": "1752830000", "operatingIncome": "1355362000", "sellingGeneralAndAdministrative": "None", "researchAndDevelopment": "None", "operatingExpenses": "1056995000", "investmentIncomeNet": "None", "netInterestIncome": "-167745000", "interestIncome": "22887000", "interestExpense": "190632000", "nonInterestIncome": "None", "otherNonOperatingIncome": "None", "depreciation": "None", "depreciationAndAmortization": "669972000", "incomeBeforeTax": "1235776000", "incomeTaxExpense": "192881000", "interestAndDebtExpense": "None", "netIncomeFromContinuingOperations": "1042895000", "comprehensiveIncomeNetOfTax": "None", "ebit": "1426408000", "ebitda": "2096380000", "netIncome": "1042895000"}, {"fiscalDateEnding": "2023-09-30", "reportedCurrency": "USD", "grossProfit": "2058278000", "totalRevenue": "4275357000", "costOfRevenue": "2217079000", "costofGoodsAndServicesSold": "2217079000", "operatingIncome": "1067147000", "sellingGeneralAndAdministrative": "None", "researchAndDevelopment": "None", "operatingExpenses": "991131000", "investmentIncomeNet": "None", "netInterestIncome": "-137281000", "interestIncome": "7207000", "interestExpense": "137281000", "nonInterestIncome": "None", "otherNonOperatingIncome": "None", "depreciation": "None", "depreciationAndAmortization": "604327000", "incomeBeforeTax": "999641000", "incomeTaxExpense": "113779000", "interestAndDebtExpense": "None", "netIncomeFromContinuingOperations": "885862000", "comprehensiveIncomeNetOfTax": "None", "ebit": "1139622000", "ebitda": "1743949000", "netIncome": "885320000"}, {"fiscalDateEnding": "2022-09-30", "reportedCurrency": "USD", "grossProfit": "2519006000", "totalRevenue": "4201662000", "costOfRevenue": "1682656000", "costofGoodsAndServicesSold": "1682656000", "operatingIncome": "920982000", "sellingGeneralAndAdministrative": "1062369000", "researchAndDevelopment": "None", "operatingExpenses": "1598024000", "investmentIncomeNet": "None", "netInterestIncome": "-102811000", "interestIncome": "102811000", "interestExpense": "102811000", "nonInterestIncome": "None", "otherNonOperatingIncome": "33737000", "depreciation": "None", "depreciationAndAmortization": "535655000", "incomeBeforeTax": "851908000", "incomeTaxExpense": "77510000", "interestAndDebtExpense": "None", "netIncomeFromContinuingOperations": "774398000", "comprehensiveIncomeNetOfTax": "None", "ebit": "954719000", "ebitda": "1490374000", "netIncome": "774398000"}, {"fiscalDateEnding": "2021-09-30", "reportedCurrency": "USD", "grossProfit": "2374773000", "totalRevenue": "3407490000", "costOfRevenue": "1032717000", "costofGoodsAndServicesSold": "1032717000", "operatingIncome": "904998000", "sellingGeneralAndAdministrative": "991798000", "researchAndDevelopment": "None", "operatingExpenses": "1469775000", "investmentIncomeNet": "None", "netInterestIncome": "-83554000", "interestIncome": "83554000", "interestExpense": "83554000", "nonInterestIncome": "None", "otherNonOperatingIncome": "-2145000", "depreciation": "None", "depreciationAndAmortization": "477977000", "incomeBeforeTax": "819299000", "incomeTaxExpense": "153736000", "interestAndDebtExpense": "None", "netIncomeFromContinuingOperations": "665563000", "comprehensiveIncomeNetOfTax": "None", "ebit": "902853000", "ebitda": "1380830000", "netIncome": "665563000"}, {"fiscalDateEnding": "2020-09-30", "reportedCurrency": "USD", "grossProfit": "2162283000", "totalRevenue": "2821137000", "costOfRevenue": "658854000", "costofGoodsAndServicesSold": "658854000", "operatingIncome": "824099000", "sellingGeneralAndAdministrative": "908356000", "researchAndDevelopment": "None", "operatingExpenses": "1338184000", "investmentIncomeNet": "None", "netInterestIncome": "-84474000", "interestIncome": "84474000", "interestExpense": "84474000", "nonInterestIncome": "None", "otherNonOperatingIncome": "7171000", "depreciation": "None", "depreciationAndAmortization": "429828000", "incomeBeforeTax": "746796000", "incomeTaxExpense": "145353000", "interestAndDebtExpense": "None", "netIncomeFromContinuingOperations": "601443000", "comprehensiveIncomeNetOfTax": "None", "ebit": "831270000", "ebitda": "1261098000", "netIncome": "601443000"}, {"fiscalDateEnding": "2019-09-30", "reportedCurrency": "USD", "grossProfit": "2043011000", "totalRevenue": "2901848000", "costOfRevenue": "858837000", "costofGoodsAndServicesSold": "858837000", "operatingIncome": "746058000", "sellingGeneralAndAdministrative": "630308000", "researchAndDevelopment": "None", "operatingExpenses": "1296953000", "investmentIncomeNet": "None", "netInterestIncome": "-98993000", "interestIncome": "4160000", "interestExpense": "103153000", "nonInterestIncome": "None", "otherNonOperatingIncome": "7404000", "depreciation": "None", "depreciationAndAmortization": "391456000", "incomeBeforeTax": "650309000", "incomeTaxExpense": "138903000", "interestAndDebtExpense": "None", "netIncomeFromContinuingOperations": "511406000", "comprehensiveIncomeNetOfTax": "None", "ebit": "753462000", "ebitda": "1144918000", "netIncome": "511406000"}, {"fiscalDateEnding": "2018-09-30", "reportedCurrency": "USD", "grossProfit": "1947698000", "totalRevenue": "3115546000", "costOfRevenue": "1167848000", "costofGoodsAndServicesSold": "1167848000", "operatingIncome": "723134000", "sellingGeneralAndAdministrative": "863481000", "researchAndDevelopment": "0", "operatingExpenses": "1224564000", "investmentIncomeNet": "None", "netInterestIncome": "-106646000", "interestIncome": "106646000", "interestExpense": "106646000", "nonInterestIncome": "None", "otherNonOperatingIncome": "-5344000", "depreciation": "None", "depreciationAndAmortization": "361083000", "incomeBeforeTax": "611144000", "incomeTaxExpense": "8080000", "interestAndDebtExpense": "None", "netIncomeFromContinuingOperations": "603064000", "comprehensiveIncomeNetOfTax": "None", "ebit": "717790000", "ebitda": "1078873000", "netIncome": "603064000"}, {"fiscalDateEnding": "2017-09-30", "reportedCurrency": "USD", "grossProfit": "1287401000", "totalRevenue": "1834199000", "costOfRevenue": "546798000", "costofGoodsAndServicesSold": "546798000", "operatingIncome": "727546000", "sellingGeneralAndAdministrative": "787205000", "researchAndDevelopment": "0", "operatingExpenses": "1106653000", "investmentIncomeNet": "None", "netInterestIncome": "-120182000", "interestIncome": "120182000", "interestExpense": "120182000", "nonInterestIncome": "None", "otherNonOperatingIncome": "-3270000", "depreciation": "None", "depreciationAndAmortization": "319448000", "incomeBeforeTax": "604094000", "incomeTaxExpense": "221383000", "interestAndDebtExpense": "None", "netIncomeFromContinuingOperations": "382711000", "comprehensiveIncomeNetOfTax": "None", "ebit": "723233000", "ebitda": "1042681000", "netIncome": "396421000"}, {"fiscalDateEnding": "2016-09-30", "reportedCurrency": "USD", "grossProfit": "1708456000", "totalRevenue": "2454648000", "costOfRevenue": "746192000", "costofGoodsAndServicesSold": "746192000", "operatingIncome": "657230000", "sellingGeneralAndAdministrative": "783782000", "researchAndDevelopment": "0", "operatingExpenses": "1051226000", "investmentIncomeNet": "None", "netInterestIncome": "-115948000", "interestIncome": "114812000", "interestExpense": "114812000", "nonInterestIncome": "None", "otherNonOperatingIncome": "-1593000", "depreciation": "None", "depreciationAndAmortization": "290791000", "incomeBeforeTax": "542184000", "incomeTaxExpense": "196642000", "interestAndDebtExpense": "None", "netIncomeFromContinuingOperations": "350104000", "comprehensiveIncomeNetOfTax": "None", "ebit": "656450000", "ebitda": "947241000", "netIncome": "350104000"}, {"fiscalDateEnding": "2015-09-30", "reportedCurrency": "USD", "grossProfit": "1138149000", "totalRevenue": "1680017000", "costOfRevenue": "541868000", "costofGoodsAndServicesSold": "541868000", "operatingIncome": "631395000", "sellingGeneralAndAdministrative": "773826000", "researchAndDevelopment": "0", "operatingExpenses": "1048622000", "investmentIncomeNet": "None", "netInterestIncome": "None", "interestIncome": "116241000", "interestExpense": "116241000", "nonInterestIncome": "None", "otherNonOperatingIncome": "-4389000", "depreciation": "None", "depreciationAndAmortization": "274796000", "incomeBeforeTax": "510765000", "incomeTaxExpense": "195690000", "interestAndDebtExpense": "None", "netIncomeFromContinuingOperations": "315075000", "comprehensiveIncomeNetOfTax": "None", "ebit": "627006000", "ebitda": "901802000", "netIncome": "315075000"}, {"fiscalDateEnding": "2014-09-30", "reportedCurrency": "USD", "grossProfit": "1077272000", "totalRevenue": "1582426000", "costOfRevenue": "505154000", "costofGoodsAndServicesSold": "505154000", "operatingIncome": "611349000", "sellingGeneralAndAdministrative": "717090000", "researchAndDevelopment": "0", "operatingExpenses": "971077000", "investmentIncomeNet": "None", "netInterestIncome": "None", "interestIncome": "None", "interestExpense": "129295000", "nonInterestIncome": "None", "otherNonOperatingIncome": "-5235000", "depreciation": "None", "depreciationAndAmortization": "253987000", "incomeBeforeTax": "476819000", "incomeTaxExpense": "187002000", "interestAndDebtExpense": "None", "netIncomeFromContinuingOperations": "289817000", "comprehensiveIncomeNetOfTax": "None", "ebit": "606114000", "ebitda": "860101000", "netIncome": "289817000"}, {"fiscalDateEnding": "2013-09-30", "reportedCurrency": "USD", "grossProfit": "924030000", "totalRevenue": "1412050000", "costOfRevenue": "488020000", "costofGoodsAndServicesSold": "488020000", "operatingIncome": "501879000", "sellingGeneralAndAdministrative": "675092000", "researchAndDevelopment": "0", "operatingExpenses": "910171000", "investmentIncomeNet": "None", "netInterestIncome": "None", "interestIncome": "None", "interestExpense": "128385000", "nonInterestIncome": "None", "otherNonOperatingIncome": "-197000", "depreciation": "None", "depreciationAndAmortization": "237607000", "incomeBeforeTax": "373297000", "incomeTaxExpense": "142599000", "interestAndDebtExpense": "None", "netIncomeFromContinuingOperations": "230698000", "comprehensiveIncomeNetOfTax": "None", "ebit": "498193000", "ebitda": "735800000", "netIncome": "243194000"}, {"fiscalDateEnding": "2012-09-30", "reportedCurrency": "USD", "grossProfit": "870126000", "totalRevenue": "1323739000", "costOfRevenue": "453613000", "costofGoodsAndServicesSold": "453613000", "operatingIncome": "446240000", "sellingGeneralAndAdministrative": "634686000", "researchAndDevelopment": "0", "operatingExpenses": "872211000", "investmentIncomeNet": "None", "netInterestIncome": "None", "interestIncome": "None", "interestExpense": "141174000", "nonInterestIncome": "None", "otherNonOperatingIncome": "-14644000", "depreciation": "None", "depreciationAndAmortization": "246577000", "incomeBeforeTax": "290422000", "incomeTaxExpense": "98226000", "interestAndDebtExpense": "None", "netIncomeFromContinuingOperations": "192196000", "comprehensiveIncomeNetOfTax": "None", "ebit": "429587000", "ebitda": "676164000", "netIncome": "216717000"}, {"fiscalDateEnding": "2011-09-30", "reportedCurrency": "USD", "grossProfit": "1327241000", "totalRevenue": "4347634000", "costOfRevenue": "3020393000", "costofGoodsAndServicesSold": "3020393000", "operatingIncome": "441899000", "sellingGeneralAndAdministrative": "449290000", "researchAndDevelopment": "0", "operatingExpenses": "855072000", "investmentIncomeNet": "None", "netInterestIncome": "None", "interestIncome": "None", "interestExpense": "150825000", "nonInterestIncome": "None", "otherNonOperatingIncome": "21499000", "depreciation": "None", "depreciationAndAmortization": "233383000", "incomeBeforeTax": "312573000", "incomeTaxExpense": "113689000", "interestAndDebtExpense": "None", "netIncomeFromContinuingOperations": "198884000", "comprehensiveIncomeNetOfTax": "None", "ebit": "447170000", "ebitda": "680553000", "netIncome": "207601000"}, {"fiscalDateEnding": "2010-09-30", "reportedCurrency": "USD", "grossProfit": "1364941000", "totalRevenue": "4789690000", "costOfRevenue": "3424749000", "costofGoodsAndServicesSold": "3424749000", "operatingIncome": "489436000", "sellingGeneralAndAdministrative": "658545000", "researchAndDevelopment": "0", "operatingExpenses": "875505000", "investmentIncomeNet": "None", "netInterestIncome": "None", "interestIncome": "None", "interestExpense": "154471000", "nonInterestIncome": "None", "otherNonOperatingIncome": "-339000", "depreciation": "None", "depreciationAndAmortization": "217133000", "incomeBeforeTax": "334626000", "incomeTaxExpense": "128787000", "interestAndDebtExpense": "None", "netIncomeFromContinuingOperations": "205839000", "comprehensiveIncomeNetOfTax": "None", "ebit": "476995000", "ebitda": "694128000", "netIncome": "205839000"}, {"fiscalDateEnding": "2009-09-30", "reportedCurrency": "USD", "grossProfit": "1346702000", "totalRevenue": "4969080000", "costOfRevenue": "3622378000", "costofGoodsAndServicesSold": "3622378000", "operatingIncome": "447402000", "sellingGeneralAndAdministrative": "None", "researchAndDevelopment": "None", "operatingExpenses": "893918000", "investmentIncomeNet": "None", "netInterestIncome": "None", "interestIncome": "None", "interestExpense": "152830000", "nonInterestIncome": "None", "otherNonOperatingIncome": "None", "depreciation": "None", "depreciationAndAmortization": "217302000", "incomeBeforeTax": "291269000", "incomeTaxExpense": "100291000", "interestAndDebtExpense": "None", "netIncomeFromContinuingOperations": "None", "comprehensiveIncomeNetOfTax": "None", "ebit": "444005000", "ebitda": "661307000", "netIncome": "190978000"}, {"fiscalDateEnding": "2008-09-30", "reportedCurrency": "USD", "grossProfit": "1324722000", "totalRevenue": "7221305000", "costOfRevenue": "5896583000", "costofGoodsAndServicesSold": "5896583000", "operatingIncome": "427895000", "sellingGeneralAndAdministrative": "None", "researchAndDevelopment": "None", "operatingExpenses": "896827000", "investmentIncomeNet": "None", "netInterestIncome": "None", "interestIncome": "None", "interestExpense": "137922000", "nonInterestIncome": "None", "otherNonOperatingIncome": "None", "depreciation": "None", "depreciationAndAmortization": "200589000", "incomeBeforeTax": "292704000", "incomeTaxExpense": "112373000", "interestAndDebtExpense": "None", "netIncomeFromContinuingOperations": "None", "comprehensiveIncomeNetOfTax": "None", "ebit": "430479000", "ebitda": "631068000", "netIncome": "180331000"}, {"fiscalDateEnding": "2007-09-30", "reportedCurrency": "USD", "grossProfit": "1250874000", "totalRevenue": "5898431000", "costOfRevenue": "4647557000", "costofGoodsAndServicesSold": "4647557000", "operatingIncome": "398636000", "sellingGeneralAndAdministrative": "None", "researchAndDevelopment": "None", "operatingExpenses": "852238000", "investmentIncomeNet": "None", "netInterestIncome": "None", "interestIncome": "None", "interestExpense": "145236000", "nonInterestIncome": "None", "otherNonOperatingIncome": "None", "depreciation": "None", "depreciationAndAmortization": "199055000", "incomeBeforeTax": "262584000", "incomeTaxExpense": "94092000", "interestAndDebtExpense": "None", "netIncomeFromContinuingOperations": "None", "comprehensiveIncomeNetOfTax": "None", "ebit": "398636000", "ebitda": "597691000", "netIncome": "168492000"}, {"fiscalDateEnding": "2006-09-30", "reportedCurrency": "USD", "grossProfit": "1217408000", "totalRevenue": "6152363000", "costOfRevenue": "4934955000", "costofGoodsAndServicesSold": "4934955000", "operatingIncome": "382616000", "sellingGeneralAndAdministrative": "None", "researchAndDevelopment": "None", "operatingExpenses": "834792000", "investmentIncomeNet": "None", "netInterestIncome": "None", "interestIncome": "None", "interestExpense": "146607000", "nonInterestIncome": "None", "otherNonOperatingIncome": "None", "depreciation": "None", "depreciationAndAmortization": "185967000", "incomeBeforeTax": "236890000", "incomeTaxExpense": "89153000", "interestAndDebtExpense": "None", "netIncomeFromContinuingOperations": "None", "comprehensiveIncomeNetOfTax": "None", "ebit": "382616000", "ebitda": "568583000", "netIncome": "147737000"}, {"fiscalDateEnding": "2005-09-30", "reportedCurrency": "USD", "grossProfit": "1129090000", "totalRevenue": "4973326000", "costOfRevenue": "3844236000", "costofGoodsAndServicesSold": "3844236000", "operatingIncome": "348655000", "sellingGeneralAndAdministrative": "None", "researchAndDevelopment": "None", "operatingExpenses": "780435000", "investmentIncomeNet": "None", "netInterestIncome": "None", "interestIncome": "None", "interestExpense": "132658000", "nonInterestIncome": "None", "otherNonOperatingIncome": "None", "depreciation": "None", "depreciationAndAmortization": "178005000", "incomeBeforeTax": "218018000", "incomeTaxExpense": "82233000", "interestAndDebtExpense": "None", "netIncomeFromContinuingOperations": "None", "comprehensiveIncomeNetOfTax": "None", "ebit": "348655000", "ebitda": "526660000", "netIncome": "135785000"}], "quarterlyReports": [{"fiscalDateEnding": "2024-12-31", "reportedCurrency": "USD", "grossProfit": "734907000", "totalRevenue": "1175999000", "costOfRevenue": "441092000", "costofGoodsAndServicesSold": "441092000", "operatingIncome": "459480000", "sellingGeneralAndAdministrative": "None", "researchAndDevelopment": "None", "operatingExpenses": "275427000", "investmentIncomeNet": "None", "netInterestIncome": "-52925000", "interestIncome": "None", "interestExpense": "52925000", "nonInterestIncome": "None", "otherNonOperatingIncome": "None", "depreciation": "None", "depreciationAndAmortization": "180533000", "incomeBeforeTax": "431189000", "incomeTaxExpense": "79331000", "interestAndDebtExpense": "None", "netIncomeFromContinuingOperations": "351858000", "comprehensiveIncomeNetOfTax": "None", "ebit": "484114000", "ebitda": "664647000", "netIncome": "351858000"}, {"fiscalDateEnding": "2024-09-30", "reportedCurrency": "USD", "grossProfit": "443238000", "totalRevenue": "657944000", "costOfRevenue": "214706000", "costofGoodsAndServicesSold": "214706000", "operatingIncome": "185000000", "sellingGeneralAndAdministrative": "None", "researchAndDevelopment": "None", "operatingExpenses": "258238000", "investmentIncomeNet": "None", "netInterestIncome": "-19268000", "interestIncome": "None", "interestExpense": "42155000", "nonInterestIncome": "None", "otherNonOperatingIncome": "None", "depreciation": "None", "depreciationAndAmortization": "173450000", "incomeBeforeTax": "159420000", "incomeTaxExpense": "25404000", "interestAndDebtExpense": "None", "netIncomeFromContinuingOperations": "134016000", "comprehensiveIncomeNetOfTax": "None", "ebit": "201575000", "ebitda": "375025000", "netIncome": "134016000"}, {"fiscalDateEnding": "2024-06-30", "reportedCurrency": "USD", "grossProfit": "326006000", "totalRevenue": "701549000", "costOfRevenue": "375543000", "costofGoodsAndServicesSold": "375543000", "operatingIncome": "220267000", "sellingGeneralAndAdministrative": "None", "researchAndDevelopment": "None", "operatingExpenses": "269973000", "investmentIncomeNet": "None", "netInterestIncome": "-41160000", "interestIncome": "None", "interestExpense": "41160000", "nonInterestIncome": "None", "otherNonOperatingIncome": "None", "depreciation": "None", "depreciationAndAmortization": "166827000", "incomeBeforeTax": "199005000", "incomeTaxExpense": "33441000", "interestAndDebtExpense": "None", "netIncomeFromContinuingOperations": "165564000", "comprehensiveIncomeNetOfTax": "None", "ebit": "240165000", "ebitda": "406992000", "netIncome": "165564000"}, {"fiscalDateEnding": "2024-03-31", "reportedCurrency": "USD", "grossProfit": "657946000", "totalRevenue": "1647227000", "costOfRevenue": "989281000", "costofGoodsAndServicesSold": "989281000", "operatingIncome": "550990000", "sellingGeneralAndAdministrative": "None", "researchAndDevelopment": "None", "operatingExpenses": "106956000", "investmentIncomeNet": "None", "netInterestIncome": "-55442000", "interestIncome": "None", "interestExpense": "55442000", "nonInterestIncome": "None", "otherNonOperatingIncome": "None", "depreciation": "None", "depreciationAndAmortization": "165087000", "incomeBeforeTax": "512235000", "incomeTaxExpense": "80212000", "interestAndDebtExpense": "None", "netIncomeFromContinuingOperations": "432023000", "comprehensiveIncomeNetOfTax": "None", "ebit": "564477000", "ebitda": "729564000", "netIncome": "432023000"}, {"fiscalDateEnding": "2023-12-31", "reportedCurrency": "USD", "grossProfit": "653253000", "totalRevenue": "1158467000", "costOfRevenue": "505214000", "costofGoodsAndServicesSold": "505214000", "operatingIncome": "399105000", "sellingGeneralAndAdministrative": "None", "researchAndDevelopment": "None", "operatingExpenses": "254148000", "investmentIncomeNet": "None", "netInterestIncome": "-51875000", "interestIncome": "None", "interestExpense": "51875000", "nonInterestIncome": "None", "otherNonOperatingIncome": "None", "depreciation": "None", "depreciationAndAmortization": "164608000", "incomeBeforeTax": "365116000", "incomeTaxExpense": "53824000", "interestAndDebtExpense": "None", "netIncomeFromContinuingOperations": "311292000", "comprehensiveIncomeNetOfTax": "None", "ebit": "416991000", "ebitda": "581599000", "netIncome": "311292000"}, {"fiscalDateEnding": "2023-09-30", "reportedCurrency": "USD", "grossProfit": "394354000", "totalRevenue": "587642000", "costOfRevenue": "193288000", "costofGoodsAndServicesSold": "193288000", "operatingIncome": "154070000", "sellingGeneralAndAdministrative": "None", "researchAndDevelopment": "None", "operatingExpenses": "240284000", "investmentIncomeNet": "None", "netInterestIncome": "-31817000", "interestIncome": "None", "interestExpense": "31817000", "nonInterestIncome": "None", "otherNonOperatingIncome": "None", "depreciation": "None", "depreciationAndAmortization": "159264000", "incomeBeforeTax": "137261000", "incomeTaxExpense": "18737000", "interestAndDebtExpense": "None", "netIncomeFromContinuingOperations": "118524000", "comprehensiveIncomeNetOfTax": "None", "ebit": "169678000", "ebitda": "328942000", "netIncome": "118524000"}, {"fiscalDateEnding": "2023-06-30", "reportedCurrency": "USD", "grossProfit": "467684000", "totalRevenue": "662733000", "costOfRevenue": "195049000", "costofGoodsAndServicesSold": "195049000", "operatingIncome": "169253000", "sellingGeneralAndAdministrative": "298204000", "researchAndDevelopment": "None", "operatingExpenses": "298431000", "investmentIncomeNet": "None", "netInterestIncome": "-31334000", "interestIncome": "31334000", "interestExpense": "31334000", "nonInterestIncome": "None", "otherNonOperatingIncome": "16170000", "depreciation": "None", "depreciationAndAmortization": "150726000", "incomeBeforeTax": "154089000", "incomeTaxExpense": "16282000", "interestAndDebtExpense": "None", "netIncomeFromContinuingOperations": "137807000", "comprehensiveIncomeNetOfTax": "None", "ebit": "185423000", "ebitda": "336149000", "netIncome": "137807000"}, {"fiscalDateEnding": "2023-03-31", "reportedCurrency": "USD", "grossProfit": "680046000", "totalRevenue": "1540973000", "costOfRevenue": "860927000", "costofGoodsAndServicesSold": "860927000", "operatingIncome": "422638000", "sellingGeneralAndAdministrative": "303807000", "researchAndDevelopment": "None", "operatingExpenses": "257408000", "investmentIncomeNet": "None", "netInterestIncome": "-37370000", "interestIncome": "37370000", "interestExpense": "37370000", "nonInterestIncome": "None", "otherNonOperatingIncome": "17406000", "depreciation": "None", "depreciationAndAmortization": "148317000", "incomeBeforeTax": "402674000", "incomeTaxExpense": "45003000", "interestAndDebtExpense": "None", "netIncomeFromContinuingOperations": "357671000", "comprehensiveIncomeNetOfTax": "None", "ebit": "440044000", "ebitda": "588361000", "netIncome": "357671000"}, {"fiscalDateEnding": "2022-12-31", "reportedCurrency": "USD", "grossProfit": "560744000", "totalRevenue": "1484009000", "costOfRevenue": "923265000", "costofGoodsAndServicesSold": "923265000", "operatingIncome": "321186000", "sellingGeneralAndAdministrative": "278554000", "researchAndDevelopment": "None", "operatingExpenses": "239558000", "investmentIncomeNet": "None", "netInterestIncome": "-36760000", "interestIncome": "36760000", "interestExpense": "36760000", "nonInterestIncome": "None", "otherNonOperatingIncome": "21191000", "depreciation": "None", "depreciationAndAmortization": "146020000", "incomeBeforeTax": "305617000", "incomeTaxExpense": "33757000", "interestAndDebtExpense": "None", "netIncomeFromContinuingOperations": "271860000", "comprehensiveIncomeNetOfTax": "None", "ebit": "342377000", "ebitda": "488397000", "netIncome": "271860000"}, {"fiscalDateEnding": "2022-09-30", "reportedCurrency": "USD", "grossProfit": "531672000", "totalRevenue": "722628000", "costOfRevenue": "190956000", "costofGoodsAndServicesSold": "190956000", "operatingIncome": "105402000", "sellingGeneralAndAdministrative": "None", "researchAndDevelopment": "None", "operatingExpenses": "426270000", "investmentIncomeNet": "None", "netInterestIncome": "-27842000", "interestIncome": "27842000", "interestExpense": "27842000", "nonInterestIncome": "None", "otherNonOperatingIncome": "None", "depreciation": "None", "depreciationAndAmortization": "140194000", "incomeBeforeTax": "84119000", "incomeTaxExpense": "12476000", "interestAndDebtExpense": "None", "netIncomeFromContinuingOperations": "71643000", "comprehensiveIncomeNetOfTax": "None", "ebit": "111885000", "ebitda": "252079000", "netIncome": "71643000"}, {"fiscalDateEnding": "2022-06-30", "reportedCurrency": "USD", "grossProfit": "384945000", "totalRevenue": "816429000", "costOfRevenue": "431484000", "costofGoodsAndServicesSold": "431484000", "operatingIncome": "154587000", "sellingGeneralAndAdministrative": "278452000", "researchAndDevelopment": "None", "operatingExpenses": "230358000", "investmentIncomeNet": "None", "netInterestIncome": "-26190000", "interestIncome": "26190000", "interestExpense": "26190000", "nonInterestIncome": "None", "otherNonOperatingIncome": "13263000", "depreciation": "None", "depreciationAndAmortization": "134231000", "incomeBeforeTax": "141660000", "incomeTaxExpense": "13113000", "interestAndDebtExpense": "None", "netIncomeFromContinuingOperations": "128547000", "comprehensiveIncomeNetOfTax": "None", "ebit": "167850000", "ebitda": "302081000", "netIncome": "128547000"}, {"fiscalDateEnding": "2022-03-31", "reportedCurrency": "USD", "grossProfit": "615089000", "totalRevenue": "1649819000", "costOfRevenue": "1034730000", "costofGoodsAndServicesSold": "1034730000", "operatingIncome": "385132000", "sellingGeneralAndAdministrative": "259935000", "researchAndDevelopment": "None", "operatingExpenses": "229957000", "investmentIncomeNet": "None", "netInterestIncome": "-28928000", "interestIncome": "48779000", "interestExpense": "28928000", "nonInterestIncome": "None", "otherNonOperatingIncome": "5213000", "depreciation": "None", "depreciationAndAmortization": "133374000", "incomeBeforeTax": "361417000", "incomeTaxExpense": "36418000", "interestAndDebtExpense": "None", "netIncomeFromContinuingOperations": "324999000", "comprehensiveIncomeNetOfTax": "None", "ebit": "390345000", "ebitda": "523719000", "netIncome": "324999000"}, {"fiscalDateEnding": "2021-12-31", "reportedCurrency": "USD", "grossProfit": "482513000", "totalRevenue": "1012786000", "costOfRevenue": "530273000", "costofGoodsAndServicesSold": "530273000", "operatingIncome": "275861000", "sellingGeneralAndAdministrative": "237906000", "researchAndDevelopment": "None", "operatingExpenses": "206652000", "investmentIncomeNet": "None", "netInterestIncome": "-19851000", "interestIncome": "19851000", "interestExpense": "19851000", "nonInterestIncome": "None", "otherNonOperatingIncome": "8702000", "depreciation": "None", "depreciationAndAmortization": "127856000", "incomeBeforeTax": "264712000", "incomeTaxExpense": "15503000", "interestAndDebtExpense": "None", "netIncomeFromContinuingOperations": "249209000", "comprehensiveIncomeNetOfTax": "None", "ebit": "284563000", "ebitda": "412419000", "netIncome": "249209000"}, {"fiscalDateEnding": "2021-09-30", "reportedCurrency": "USD", "grossProfit": "285075000", "totalRevenue": "568384000", "costOfRevenue": "283309000", "costofGoodsAndServicesSold": "283309000", "operatingIncome": "90964000", "sellingGeneralAndAdministrative": "268934000", "researchAndDevelopment": "None", "operatingExpenses": "873130000", "investmentIncomeNet": "None", "netInterestIncome": "-14486000", "interestIncome": "14486000", "interestExpense": "14486000", "nonInterestIncome": "None", "otherNonOperatingIncome": "-16938000", "depreciation": "None", "depreciationAndAmortization": "124708000", "incomeBeforeTax": "59540000", "incomeTaxExpense": "10820000", "interestAndDebtExpense": "None", "netIncomeFromContinuingOperations": "48720000", "comprehensiveIncomeNetOfTax": "None", "ebit": "72885000", "ebitda": "197593000", "netIncome": "48720000"}, {"fiscalDateEnding": "2021-06-30", "reportedCurrency": "USD", "grossProfit": "334213000", "totalRevenue": "605553000", "costOfRevenue": "271340000", "costofGoodsAndServicesSold": "271340000", "operatingIncome": "133390000", "sellingGeneralAndAdministrative": "265945000", "researchAndDevelopment": "None", "operatingExpenses": "200823000", "investmentIncomeNet": "None", "netInterestIncome": "-20962000", "interestIncome": "20962000", "interestExpense": "20962000", "nonInterestIncome": "None", "otherNonOperatingIncome": "5887000", "depreciation": "None", "depreciationAndAmortization": "119348000", "incomeBeforeTax": "118315000", "incomeTaxExpense": "15904000", "interestAndDebtExpense": "None", "netIncomeFromContinuingOperations": "102411000", "comprehensiveIncomeNetOfTax": "None", "ebit": "139277000", "ebitda": "258625000", "netIncome": "102411000"}, {"fiscalDateEnding": "2021-03-31", "reportedCurrency": "USD", "grossProfit": "588889000", "totalRevenue": "1319073000", "costOfRevenue": "730184000", "costofGoodsAndServicesSold": "730184000", "operatingIncome": "381804000", "sellingGeneralAndAdministrative": "244824000", "researchAndDevelopment": "None", "operatingExpenses": "207085000", "investmentIncomeNet": "None", "netInterestIncome": "-26096000", "interestIncome": "26096000", "interestExpense": "26096000", "nonInterestIncome": "None", "otherNonOperatingIncome": "2834000", "depreciation": "None", "depreciationAndAmortization": "118636000", "incomeBeforeTax": "358542000", "incomeTaxExpense": "61788000", "interestAndDebtExpense": "None", "netIncomeFromContinuingOperations": "296754000", "comprehensiveIncomeNetOfTax": "None", "ebit": "384638000", "ebitda": "503274000", "netIncome": "296754000"}, {"fiscalDateEnding": "2020-12-31", "reportedCurrency": "USD", "grossProfit": "487577000", "totalRevenue": "914480000", "costOfRevenue": "426903000", "costofGoodsAndServicesSold": "426903000", "operatingIncome": "298840000", "sellingGeneralAndAdministrative": "212095000", "researchAndDevelopment": "None", "operatingExpenses": "188737000", "investmentIncomeNet": "None", "netInterestIncome": "-22010000", "interestIncome": "22010000", "interestExpense": "22010000", "nonInterestIncome": "None", "otherNonOperatingIncome": "6072000", "depreciation": "None", "depreciationAndAmortization": "115285000", "incomeBeforeTax": "282902000", "incomeTaxExpense": "65224000", "interestAndDebtExpense": "None", "netIncomeFromContinuingOperations": "217678000", "comprehensiveIncomeNetOfTax": "None", "ebit": "304912000", "ebitda": "420197000", "netIncome": "217678000"}, {"fiscalDateEnding": "2020-09-30", "reportedCurrency": "USD", "grossProfit": "456883000", "totalRevenue": "474914000", "costOfRevenue": "18031000", "costofGoodsAndServicesSold": "18031000", "operatingIncome": "100845000", "sellingGeneralAndAdministrative": "244292000", "researchAndDevelopment": "None", "operatingExpenses": "356038000", "investmentIncomeNet": "None", "netInterestIncome": "-12562000", "interestIncome": "15494000", "interestExpense": "15494000", "nonInterestIncome": "None", "otherNonOperatingIncome": "-1962000", "depreciation": "None", "depreciationAndAmortization": "111746000", "incomeBeforeTax": "83389000", "incomeTaxExpense": "18056000", "interestAndDebtExpense": "None", "netIncomeFromContinuingOperations": "65333000", "comprehensiveIncomeNetOfTax": "None", "ebit": "102983000", "ebitda": "214729000", "netIncome": "65333000"}, {"fiscalDateEnding": "2020-06-30", "reportedCurrency": "USD", "grossProfit": "317463000", "totalRevenue": "492995000", "costOfRevenue": "175532000", "costofGoodsAndServicesSold": "175532000", "operatingIncome": "139035000", "sellingGeneralAndAdministrative": "220784000", "researchAndDevelopment": "None", "operatingExpenses": "178428000", "investmentIncomeNet": "None", "netInterestIncome": "-19580000", "interestIncome": "19580000", "interestExpense": "19580000", "nonInterestIncome": "None", "otherNonOperatingIncome": "7235000", "depreciation": "None", "depreciationAndAmortization": "107104000", "incomeBeforeTax": "126690000", "incomeTaxExpense": "8899000", "interestAndDebtExpense": "None", "netIncomeFromContinuingOperations": "117791000", "comprehensiveIncomeNetOfTax": "None", "ebit": "146270000", "ebitda": "253374000", "netIncome": "117791000"}, {"fiscalDateEnding": "2020-03-31", "reportedCurrency": "USD", "grossProfit": "659782000", "totalRevenue": "977665000", "costOfRevenue": "317883000", "costofGoodsAndServicesSold": "317883000", "operatingIncome": "331438000", "sellingGeneralAndAdministrative": "222428000", "researchAndDevelopment": "None", "operatingExpenses": "328344000", "investmentIncomeNet": "None", "netInterestIncome": "-22171000", "interestIncome": "22171000", "interestExpense": "22171000", "nonInterestIncome": "None", "otherNonOperatingIncome": "-2989000", "depreciation": "None", "depreciationAndAmortization": "105916000", "incomeBeforeTax": "306278000", "incomeTaxExpense": "66632000", "interestAndDebtExpense": "None", "netIncomeFromContinuingOperations": "239646000", "comprehensiveIncomeNetOfTax": "None", "ebit": "328449000", "ebitda": "434365000", "netIncome": "239646000"}, {"fiscalDateEnding": "2019-12-31", "reportedCurrency": "USD", "grossProfit": "578695000", "totalRevenue": "875563000", "costOfRevenue": "296868000", "costofGoodsAndServicesSold": "296868000", "operatingIncome": "252781000", "sellingGeneralAndAdministrative": "220852000", "researchAndDevelopment": "None", "operatingExpenses": "325914000", "investmentIncomeNet": "None", "netInterestIncome": "-27229000", "interestIncome": "27229000", "interestExpense": "27229000", "nonInterestIncome": "None", "otherNonOperatingIncome": "4887000", "depreciation": "None", "depreciationAndAmortization": "105062000", "incomeBeforeTax": "230439000", "incomeTaxExpense": "51766000", "interestAndDebtExpense": "None", "netIncomeFromContinuingOperations": "178673000", "comprehensiveIncomeNetOfTax": "None", "ebit": "257668000", "ebitda": "362730000", "netIncome": "178673000"}, {"fiscalDateEnding": "2019-09-30", "reportedCurrency": "USD", "grossProfit": "430013000", "totalRevenue": "443683000", "costOfRevenue": "13670000", "costofGoodsAndServicesSold": "13670000", "operatingIncome": "89715000", "sellingGeneralAndAdministrative": "1296426000", "researchAndDevelopment": "None", "operatingExpenses": "340298000", "investmentIncomeNet": "None", "netInterestIncome": "-24603000", "interestIncome": "28763000", "interestExpense": "28763000", "nonInterestIncome": "None", "otherNonOperatingIncome": "9250000", "depreciation": "None", "depreciationAndAmortization": "100919000", "incomeBeforeTax": "70202000", "incomeTaxExpense": "11796000", "interestAndDebtExpense": "None", "netIncomeFromContinuingOperations": "58406000", "comprehensiveIncomeNetOfTax": "None", "ebit": "97665000", "ebitda": "198584000", "netIncome": "58406000"}, {"fiscalDateEnding": "2019-06-30", "reportedCurrency": "USD", "grossProfit": "454412000", "totalRevenue": "485738000", "costOfRevenue": "31326000", "costofGoodsAndServicesSold": "31326000", "operatingIncome": "122202000", "sellingGeneralAndAdministrative": "234510000", "researchAndDevelopment": "None", "operatingExpenses": "332210000", "investmentIncomeNet": "None", "netInterestIncome": "-19592000", "interestIncome": "19592000", "interestExpense": "19592000", "nonInterestIncome": "None", "otherNonOperatingIncome": "1645000", "depreciation": "None", "depreciationAndAmortization": "97700000", "incomeBeforeTax": "104255000", "incomeTaxExpense": "23789000", "interestAndDebtExpense": "None", "netIncomeFromContinuingOperations": "80466000", "comprehensiveIncomeNetOfTax": "None", "ebit": "123847000", "ebitda": "221547000", "netIncome": "80466000"}, {"fiscalDateEnding": "2019-03-31", "reportedCurrency": "USD", "grossProfit": "622969000", "totalRevenue": "1094645000", "costOfRevenue": "471676000", "costofGoodsAndServicesSold": "471676000", "operatingIncome": "297677000", "sellingGeneralAndAdministrative": "228520000", "researchAndDevelopment": "None", "operatingExpenses": "325292000", "investmentIncomeNet": "None", "netInterestIncome": "-26949000", "interestIncome": "54798000", "interestExpense": "26949000", "nonInterestIncome": "None", "otherNonOperatingIncome": "4232000", "depreciation": "None", "depreciationAndAmortization": "96772000", "incomeBeforeTax": "274960000", "incomeTaxExpense": "60072000", "interestAndDebtExpense": "None", "netIncomeFromContinuingOperations": "214888000", "comprehensiveIncomeNetOfTax": "None", "ebit": "301909000", "ebitda": "398681000", "netIncome": "214888000"}, {"fiscalDateEnding": "2018-12-31", "reportedCurrency": "USD", "grossProfit": "535617000", "totalRevenue": "877782000", "costOfRevenue": "342165000", "costofGoodsAndServicesSold": "342165000", "operatingIncome": "236464000", "sellingGeneralAndAdministrative": "203088000", "researchAndDevelopment": "0", "operatingExpenses": "299153000", "investmentIncomeNet": "None", "netInterestIncome": "None", "interestIncome": "None", "interestExpense": "27849000", "nonInterestIncome": "None", "otherNonOperatingIncome": "-7723000", "depreciation": "None", "depreciationAndAmortization": "96065000", "incomeBeforeTax": "200892000", "incomeTaxExpense": "43246000", "interestAndDebtExpense": "None", "netIncomeFromContinuingOperations": "157646000", "comprehensiveIncomeNetOfTax": "None", "ebit": "228741000", "ebitda": "324806000", "netIncome": "157646000"}, {"fiscalDateEnding": "2018-09-30", "reportedCurrency": "USD", "grossProfit": "401615000", "totalRevenue": "444700000", "costOfRevenue": "43085000", "costofGoodsAndServicesSold": "43085000", "operatingIncome": "89592000", "sellingGeneralAndAdministrative": "219366000", "researchAndDevelopment": "0", "operatingExpenses": "312023000", "investmentIncomeNet": "None", "netInterestIncome": "None", "interestIncome": "None", "interestExpense": "24484000", "nonInterestIncome": "None", "otherNonOperatingIncome": "-1053000", "depreciation": "None", "depreciationAndAmortization": "92657000", "incomeBeforeTax": "64055000", "incomeTaxExpense": "25308000", "interestAndDebtExpense": "None", "netIncomeFromContinuingOperations": "38747000", "comprehensiveIncomeNetOfTax": "None", "ebit": "87945000", "ebitda": "180602000", "netIncome": "38747000"}, {"fiscalDateEnding": "2018-06-30", "reportedCurrency": "USD", "grossProfit": "431359000", "totalRevenue": "562245000", "costOfRevenue": "130886000", "costofGoodsAndServicesSold": "130886000", "operatingIncome": "122993000", "sellingGeneralAndAdministrative": "217695000", "researchAndDevelopment": "0", "operatingExpenses": "308366000", "investmentIncomeNet": "None", "netInterestIncome": "None", "interestIncome": "None", "interestExpense": "23349000", "nonInterestIncome": "None", "otherNonOperatingIncome": "-2003000", "depreciation": "None", "depreciationAndAmortization": "90671000", "incomeBeforeTax": "97641000", "incomeTaxExpense": "26448000", "interestAndDebtExpense": "None", "netIncomeFromContinuingOperations": "71193000", "comprehensiveIncomeNetOfTax": "None", "ebit": "120990000", "ebitda": "211661000", "netIncome": "71193000"}, {"fiscalDateEnding": "2018-03-31", "reportedCurrency": "USD", "grossProfit": "592449000", "totalRevenue": "1219409000", "costOfRevenue": "626960000", "costofGoodsAndServicesSold": "626960000", "operatingIncome": "268988000", "sellingGeneralAndAdministrative": "234080000", "researchAndDevelopment": "0", "operatingExpenses": "323461000", "investmentIncomeNet": "None", "netInterestIncome": "None", "interestIncome": "None", "interestExpense": "27304000", "nonInterestIncome": "None", "otherNonOperatingIncome": "-253000", "depreciation": "None", "depreciationAndAmortization": "89381000", "incomeBeforeTax": "241431000", "incomeTaxExpense": "62439000", "interestAndDebtExpense": "None", "netIncomeFromContinuingOperations": "178992000", "comprehensiveIncomeNetOfTax": "None", "ebit": "268735000", "ebitda": "358116000", "netIncome": "178992000"}, {"fiscalDateEnding": "2017-12-31", "reportedCurrency": "USD", "grossProfit": "522275000", "totalRevenue": "889192000", "costOfRevenue": "366917000", "costofGoodsAndServicesSold": "366917000", "operatingIncome": "241561000", "sellingGeneralAndAdministrative": "192340000", "researchAndDevelopment": "0", "operatingExpenses": "280714000", "investmentIncomeNet": "None", "netInterestIncome": "None", "interestIncome": "None", "interestExpense": "31509000", "nonInterestIncome": "None", "otherNonOperatingIncome": "-2035000", "depreciation": "None", "depreciationAndAmortization": "88374000", "incomeBeforeTax": "208017000", "incomeTaxExpense": "-106115000", "interestAndDebtExpense": "None", "netIncomeFromContinuingOperations": "314132000", "comprehensiveIncomeNetOfTax": "None", "ebit": "239526000", "ebitda": "327900000", "netIncome": "314132000"}, {"fiscalDateEnding": "2017-09-30", "reportedCurrency": "USD", "grossProfit": "231388000", "totalRevenue": "392319000", "costOfRevenue": "160931000", "costofGoodsAndServicesSold": "160931000", "operatingIncome": "91792000", "sellingGeneralAndAdministrative": "215727000", "researchAndDevelopment": "0", "operatingExpenses": "300527000", "investmentIncomeNet": "None", "netInterestIncome": "None", "interestIncome": "None", "interestExpense": "33710000", "nonInterestIncome": "None", "otherNonOperatingIncome": "-2820000", "depreciation": "None", "depreciationAndAmortization": "84800000", "incomeBeforeTax": "55262000", "incomeTaxExpense": "19409000", "interestAndDebtExpense": "None", "netIncomeFromContinuingOperations": "-91859000", "comprehensiveIncomeNetOfTax": "None", "ebit": "88379000", "ebitda": "173179000", "netIncome": "35853000"}, {"fiscalDateEnding": "2017-06-30", "reportedCurrency": "USD", "grossProfit": "412325000", "totalRevenue": "526501000", "costOfRevenue": "114176000", "costofGoodsAndServicesSold": "114176000", "operatingIncome": "140664000", "sellingGeneralAndAdministrative": "191638000", "researchAndDevelopment": "0", "operatingExpenses": "271661000", "investmentIncomeNet": "None", "netInterestIncome": "None", "interestIncome": "None", "interestExpense": "28498000", "nonInterestIncome": "None", "otherNonOperatingIncome": "-289000", "depreciation": "None", "depreciationAndAmortization": "80023000", "incomeBeforeTax": "111877000", "incomeTaxExpense": "41069000", "interestAndDebtExpense": "None", "netIncomeFromContinuingOperations": "70808000", "comprehensiveIncomeNetOfTax": "None", "ebit": "140375000", "ebitda": "220398000", "netIncome": "70808000"}, {"fiscalDateEnding": "2017-03-31", "reportedCurrency": "USD", "grossProfit": "428453000", "totalRevenue": "560692000", "costOfRevenue": "132239000", "costofGoodsAndServicesSold": "132239000", "operatingIncome": "285172000", "sellingGeneralAndAdministrative": "197853000", "researchAndDevelopment": "0", "operatingExpenses": "275520000", "investmentIncomeNet": "None", "netInterestIncome": "None", "interestIncome": "None", "interestExpense": "26944000", "nonInterestIncome": "None", "otherNonOperatingIncome": "833000", "depreciation": "None", "depreciationAndAmortization": "77667000", "incomeBeforeTax": "259061000", "incomeTaxExpense": "97049000", "interestAndDebtExpense": "None", "netIncomeFromContinuingOperations": "162012000", "comprehensiveIncomeNetOfTax": "None", "ebit": "285869000", "ebitda": "363536000", "netIncome": "164728000"}, {"fiscalDateEnding": "2016-12-31", "reportedCurrency": "USD", "grossProfit": "468863000", "totalRevenue": "780168000", "costOfRevenue": "311305000", "costofGoodsAndServicesSold": "311305000", "operatingIncome": "209918000", "sellingGeneralAndAdministrative": "181987000", "researchAndDevelopment": "0", "operatingExpenses": "258945000", "investmentIncomeNet": "None", "netInterestIncome": "None", "interestIncome": "None", "interestExpense": "31030000", "nonInterestIncome": "None", "otherNonOperatingIncome": "-994000", "depreciation": "None", "depreciationAndAmortization": "77143000", "incomeBeforeTax": "177894000", "incomeTaxExpense": "63856000", "interestAndDebtExpense": "None", "netIncomeFromContinuingOperations": "241750000", "comprehensiveIncomeNetOfTax": "None", "ebit": "208602000", "ebitda": "285745000", "netIncome": "125032000"}, {"fiscalDateEnding": "2016-09-30", "reportedCurrency": "USD", "grossProfit": "211203000", "totalRevenue": "376011000", "costOfRevenue": "164808000", "costofGoodsAndServicesSold": "164808000", "operatingIncome": "84633000", "sellingGeneralAndAdministrative": "214952000", "researchAndDevelopment": "0", "operatingExpenses": "291378000", "investmentIncomeNet": "None", "netInterestIncome": "None", "interestIncome": "None", "interestExpense": "30207000", "nonInterestIncome": "None", "otherNonOperatingIncome": "-532000", "depreciation": "None", "depreciationAndAmortization": "76426000", "incomeBeforeTax": "53894000", "incomeTaxExpense": "19654000", "interestAndDebtExpense": "None", "netIncomeFromContinuingOperations": "34240000", "comprehensiveIncomeNetOfTax": "None", "ebit": "83965000", "ebitda": "160391000", "netIncome": "34240000"}, {"fiscalDateEnding": "2016-06-30", "reportedCurrency": "USD", "grossProfit": "407311000", "totalRevenue": "632916000", "costOfRevenue": "225605000", "costofGoodsAndServicesSold": "225605000", "operatingIncome": "137164000", "sellingGeneralAndAdministrative": "196688000", "researchAndDevelopment": "0", "operatingExpenses": "270147000", "investmentIncomeNet": "None", "netInterestIncome": "None", "interestIncome": "None", "interestExpense": "27698000", "nonInterestIncome": "None", "otherNonOperatingIncome": "833000", "depreciation": "None", "depreciationAndAmortization": "73797000", "incomeBeforeTax": "110299000", "incomeTaxExpense": "39106000", "interestAndDebtExpense": "None", "netIncomeFromContinuingOperations": "71193000", "comprehensiveIncomeNetOfTax": "None", "ebit": "129176000", "ebitda": "202973000", "netIncome": "71193000"}, {"fiscalDateEnding": "2016-03-31", "reportedCurrency": "USD", "grossProfit": "517811000", "totalRevenue": "1132293000", "costOfRevenue": "614482000", "costofGoodsAndServicesSold": "614482000", "operatingIncome": "250016000", "sellingGeneralAndAdministrative": "195823000", "researchAndDevelopment": "0", "operatingExpenses": "267795000", "investmentIncomeNet": "None", "netInterestIncome": "None", "interestIncome": "None", "interestExpense": "27560000", "nonInterestIncome": "None", "otherNonOperatingIncome": "-685000", "depreciation": "None", "depreciationAndAmortization": "72291000", "incomeBeforeTax": "221771000", "incomeTaxExpense": "79961000", "interestAndDebtExpense": "None", "netIncomeFromContinuingOperations": "141810000", "comprehensiveIncomeNetOfTax": "None", "ebit": "251008000", "ebitda": "323299000", "netIncome": "141810000"}, {"fiscalDateEnding": "2015-12-31", "reportedCurrency": "USD", "grossProfit": "443763000", "totalRevenue": "906221000", "costOfRevenue": "462458000", "costofGoodsAndServicesSold": "462458000", "operatingIncome": "196205000", "sellingGeneralAndAdministrative": "176319000", "researchAndDevelopment": "0", "operatingExpenses": "247558000", "investmentIncomeNet": "None", "netInterestIncome": "None", "interestIncome": "None", "interestExpense": "30483000", "nonInterestIncome": "None", "otherNonOperatingIncome": "-1209000", "depreciation": "None", "depreciationAndAmortization": "71565000", "incomeBeforeTax": "164513000", "incomeTaxExpense": "61652000", "interestAndDebtExpense": "None", "netIncomeFromContinuingOperations": "102861000", "comprehensiveIncomeNetOfTax": "None", "ebit": "194996000", "ebitda": "266561000", "netIncome": "102861000"}, {"fiscalDateEnding": "2015-09-30", "reportedCurrency": "USD", "grossProfit": "196942000", "totalRevenue": "354321000", "costOfRevenue": "157379000", "costofGoodsAndServicesSold": "157379000", "operatingIncome": "75853000", "sellingGeneralAndAdministrative": "207731000", "researchAndDevelopment": "0", "operatingExpenses": "278468000", "investmentIncomeNet": "None", "netInterestIncome": "None", "interestIncome": "None", "interestExpense": "31075000", "nonInterestIncome": "None", "otherNonOperatingIncome": "-1755000", "depreciation": "None", "depreciationAndAmortization": "70737000", "incomeBeforeTax": "43023000", "incomeTaxExpense": "19508000", "interestAndDebtExpense": "None", "netIncomeFromContinuingOperations": "23515000", "comprehensiveIncomeNetOfTax": "None", "ebit": "74454000", "ebitda": "145191000", "netIncome": "23515000"}, {"fiscalDateEnding": "2015-06-30", "reportedCurrency": "USD", "grossProfit": "381673000", "totalRevenue": "686401000", "costOfRevenue": "304728000", "costofGoodsAndServicesSold": "304728000", "operatingIncome": "117607000", "sellingGeneralAndAdministrative": "195622000", "researchAndDevelopment": "0", "operatingExpenses": "264066000", "investmentIncomeNet": "None", "netInterestIncome": "None", "interestIncome": "None", "interestExpense": "27955000", "nonInterestIncome": "None", "otherNonOperatingIncome": "634000", "depreciation": "None", "depreciationAndAmortization": "68731000", "incomeBeforeTax": "90286000", "incomeTaxExpense": "34005000", "interestAndDebtExpense": "None", "netIncomeFromContinuingOperations": "56281000", "comprehensiveIncomeNetOfTax": "None", "ebit": "118241000", "ebitda": "186972000", "netIncome": "56281000"}, {"fiscalDateEnding": "2015-03-31", "reportedCurrency": "USD", "grossProfit": "520738000", "totalRevenue": "1540068000", "costOfRevenue": "1019330000", "costofGoodsAndServicesSold": "1019330000", "operatingIncome": "250210000", "sellingGeneralAndAdministrative": "202506000", "researchAndDevelopment": "0", "operatingExpenses": "270528000", "investmentIncomeNet": "None", "netInterestIncome": "None", "interestIncome": "None", "interestExpense": "27447000", "nonInterestIncome": "None", "otherNonOperatingIncome": "-1561000", "depreciation": "None", "depreciationAndAmortization": "68313000", "incomeBeforeTax": "221202000", "incomeTaxExpense": "83518000", "interestAndDebtExpense": "None", "netIncomeFromContinuingOperations": "137684000", "comprehensiveIncomeNetOfTax": "None", "ebit": "248649000", "ebitda": "316962000", "netIncome": "137684000"}, {"fiscalDateEnding": "2014-12-31", "reportedCurrency": "USD", "grossProfit": "423285000", "totalRevenue": "1258765000", "costOfRevenue": "835480000", "costofGoodsAndServicesSold": "835480000", "operatingIncome": "187725000", "sellingGeneralAndAdministrative": "167967000", "researchAndDevelopment": "0", "operatingExpenses": "235560000", "investmentIncomeNet": "None", "netInterestIncome": "None", "interestIncome": "None", "interestExpense": "29764000", "nonInterestIncome": "None", "otherNonOperatingIncome": "-1707000", "depreciation": "None", "depreciationAndAmortization": "67868000", "incomeBeforeTax": "156254000", "incomeTaxExpense": "58659000", "interestAndDebtExpense": "None", "netIncomeFromContinuingOperations": "97595000", "comprehensiveIncomeNetOfTax": "None", "ebit": "186018000", "ebitda": "253886000", "netIncome": "97595000"}, {"fiscalDateEnding": "2014-09-30", "reportedCurrency": "USD", "grossProfit": "337659000", "totalRevenue": "778728000", "costOfRevenue": "441069000", "costofGoodsAndServicesSold": "441069000", "operatingIncome": "83944000", "sellingGeneralAndAdministrative": "185459000", "researchAndDevelopment": "0", "operatingExpenses": "253715000", "investmentIncomeNet": "None", "netInterestIncome": "None", "interestIncome": "None", "interestExpense": "33739000", "nonInterestIncome": "None", "otherNonOperatingIncome": "-1213000", "depreciation": "None", "depreciationAndAmortization": "68556000", "incomeBeforeTax": "48992000", "incomeTaxExpense": "25279000", "interestAndDebtExpense": "None", "netIncomeFromContinuingOperations": "23713000", "comprehensiveIncomeNetOfTax": "None", "ebit": "82731000", "ebitda": "151287000", "netIncome": "23713000"}, {"fiscalDateEnding": "2014-06-30", "reportedCurrency": "USD", "grossProfit": "359533000", "totalRevenue": "942718000", "costOfRevenue": "583185000", "costofGoodsAndServicesSold": "583185000", "operatingIncome": "106605000", "sellingGeneralAndAdministrative": "188973000", "researchAndDevelopment": "0", "operatingExpenses": "252928000", "investmentIncomeNet": "None", "netInterestIncome": "None", "interestIncome": "None", "interestExpense": "31840000", "nonInterestIncome": "None", "otherNonOperatingIncome": "-374000", "depreciation": "None", "depreciationAndAmortization": "64183000", "incomeBeforeTax": "74391000", "incomeTaxExpense": "28670000", "interestAndDebtExpense": "None", "netIncomeFromContinuingOperations": "45721000", "comprehensiveIncomeNetOfTax": "None", "ebit": "106231000", "ebitda": "170414000", "netIncome": "45721000"}, {"fiscalDateEnding": "2014-03-31", "reportedCurrency": "USD", "grossProfit": "496277000", "totalRevenue": "1964322000", "costOfRevenue": "1468045000", "costofGoodsAndServicesSold": "1468045000", "operatingIncome": "250080000", "sellingGeneralAndAdministrative": "184890000", "researchAndDevelopment": "0", "operatingExpenses": "246197000", "investmentIncomeNet": "None", "netInterestIncome": "None", "interestIncome": "None", "interestExpense": "31601000", "nonInterestIncome": "None", "otherNonOperatingIncome": "-1516000", "depreciation": "None", "depreciationAndAmortization": "61527000", "incomeBeforeTax": "216963000", "incomeTaxExpense": "83596000", "interestAndDebtExpense": "None", "netIncomeFromContinuingOperations": "133367000", "comprehensiveIncomeNetOfTax": "None", "ebit": "248564000", "ebitda": "310091000", "netIncome": "133367000"}, {"fiscalDateEnding": "2013-12-31", "reportedCurrency": "USD", "grossProfit": "273200000", "totalRevenue": "388957000", "costOfRevenue": "115757000", "costofGoodsAndServicesSold": "115757000", "operatingIncome": "170720000", "sellingGeneralAndAdministrative": "157768000", "researchAndDevelopment": "0", "operatingExpenses": "218237000", "investmentIncomeNet": "None", "netInterestIncome": "None", "interestIncome": "None", "interestExpense": "32115000", "nonInterestIncome": "None", "otherNonOperatingIncome": "-2132000", "depreciation": "None", "depreciationAndAmortization": "60469000", "incomeBeforeTax": "136473000", "incomeTaxExpense": "49457000", "interestAndDebtExpense": "None", "netIncomeFromContinuingOperations": "87016000", "comprehensiveIncomeNetOfTax": "None", "ebit": "168588000", "ebitda": "229057000", "netIncome": "87016000"}, {"fiscalDateEnding": "2013-09-30", "reportedCurrency": "USD", "grossProfit": "151291000", "totalRevenue": "300440000", "costOfRevenue": "149149000", "costofGoodsAndServicesSold": "149149000", "operatingIncome": "50383000", "sellingGeneralAndAdministrative": "189866000", "researchAndDevelopment": "0", "operatingExpenses": "250057000", "investmentIncomeNet": "None", "netInterestIncome": "None", "interestIncome": "None", "interestExpense": "31791000", "nonInterestIncome": "None", "otherNonOperatingIncome": "-2140000", "depreciation": "None", "depreciationAndAmortization": "60424000", "incomeBeforeTax": "16452000", "incomeTaxExpense": "8916000", "interestAndDebtExpense": "None", "netIncomeFromContinuingOperations": "7536000", "comprehensiveIncomeNetOfTax": "None", "ebit": "48243000", "ebitda": "108667000", "netIncome": "7536000"}, {"fiscalDateEnding": "2013-06-30", "reportedCurrency": "USD", "grossProfit": "195239000", "totalRevenue": "316497000", "costOfRevenue": "121258000", "costofGoodsAndServicesSold": "121258000", "operatingIncome": "86396000", "sellingGeneralAndAdministrative": "171972000", "researchAndDevelopment": "0", "operatingExpenses": "230101000", "investmentIncomeNet": "None", "netInterestIncome": "None", "interestIncome": "None", "interestExpense": "32741000", "nonInterestIncome": "None", "otherNonOperatingIncome": "-467000", "depreciation": "None", "depreciationAndAmortization": "58310000", "incomeBeforeTax": "53188000", "incomeTaxExpense": "19714000", "interestAndDebtExpense": "None", "netIncomeFromContinuingOperations": "33474000", "comprehensiveIncomeNetOfTax": "None", "ebit": "85929000", "ebitda": "144239000", "netIncome": "38768000"}, {"fiscalDateEnding": "2013-03-31", "reportedCurrency": "USD", "grossProfit": "321665000", "totalRevenue": "432751000", "costOfRevenue": "111086000", "costofGoodsAndServicesSold": "111086000", "operatingIncome": "210178000", "sellingGeneralAndAdministrative": "165393000", "researchAndDevelopment": "0", "operatingExpenses": "222573000", "investmentIncomeNet": "None", "netInterestIncome": "None", "interestIncome": "None", "interestExpense": "33331000", "nonInterestIncome": "None", "otherNonOperatingIncome": "1712000", "depreciation": "None", "depreciationAndAmortization": "58245000", "incomeBeforeTax": "178559000", "incomeTaxExpense": "66219000", "interestAndDebtExpense": "None", "netIncomeFromContinuingOperations": "112340000", "comprehensiveIncomeNetOfTax": "None", "ebit": "211890000", "ebitda": "270135000", "netIncome": "116425000"}, {"fiscalDateEnding": "2012-12-31", "reportedCurrency": "USD", "grossProfit": "255835000", "totalRevenue": "362362000", "costOfRevenue": "106527000", "costofGoodsAndServicesSold": "106527000", "operatingIncome": "154922000", "sellingGeneralAndAdministrative": "147861000", "researchAndDevelopment": "0", "operatingExpenses": "207440000", "investmentIncomeNet": "None", "netInterestIncome": "None", "interestIncome": "None", "interestExpense": "30522000", "nonInterestIncome": "None", "otherNonOperatingIncome": "698000", "depreciation": "None", "depreciationAndAmortization": "60628000", "incomeBeforeTax": "125098000", "incomeTaxExpense": "47750000", "interestAndDebtExpense": "None", "netIncomeFromContinuingOperations": "77348000", "comprehensiveIncomeNetOfTax": "None", "ebit": "155620000", "ebitda": "216248000", "netIncome": "80465000"}, {"fiscalDateEnding": "2012-09-30", "reportedCurrency": "USD", "grossProfit": "227806000", "totalRevenue": "508029000", "costOfRevenue": "280223000", "costofGoodsAndServicesSold": "280223000", "operatingIncome": "8682000", "sellingGeneralAndAdministrative": "155617000", "researchAndDevelopment": "0", "operatingExpenses": "213836000", "investmentIncomeNet": "None", "netInterestIncome": "None", "interestIncome": "None", "interestExpense": "34149000", "nonInterestIncome": "None", "otherNonOperatingIncome": "-11437000", "depreciation": "None", "depreciationAndAmortization": "62383000", "incomeBeforeTax": "-36904000", "incomeTaxExpense": "-27258000", "interestAndDebtExpense": "None", "netIncomeFromContinuingOperations": "-9646000", "comprehensiveIncomeNetOfTax": "None", "ebit": "28079000", "ebitda": "90462000", "netIncome": "7967000"}, {"fiscalDateEnding": "2012-06-30", "reportedCurrency": "USD", "grossProfit": "298790000", "totalRevenue": "585831000", "costOfRevenue": "287041000", "costofGoodsAndServicesSold": "287041000", "operatingIncome": "84789000", "sellingGeneralAndAdministrative": "107295000", "researchAndDevelopment": "0", "operatingExpenses": "214001000", "investmentIncomeNet": "None", "netInterestIncome": "None", "interestIncome": "None", "interestExpense": "34923000", "nonInterestIncome": "None", "otherNonOperatingIncome": "-1948000", "depreciation": "None", "depreciationAndAmortization": "59819000", "incomeBeforeTax": "47918000", "incomeTaxExpense": "17774000", "interestAndDebtExpense": "None", "netIncomeFromContinuingOperations": "30144000", "comprehensiveIncomeNetOfTax": "None", "ebit": "84789000", "ebitda": "144608000", "netIncome": "31132000"}, {"fiscalDateEnding": "2012-03-31", "reportedCurrency": "USD", "grossProfit": "434261000", "totalRevenue": "1243450000", "costOfRevenue": "809189000", "costofGoodsAndServicesSold": "809189000", "operatingIncome": "208362000", "sellingGeneralAndAdministrative": "110708000", "researchAndDevelopment": "0", "operatingExpenses": "225899000", "investmentIncomeNet": "None", "netInterestIncome": "None", "interestIncome": "None", "interestExpense": "36660000", "nonInterestIncome": "None", "otherNonOperatingIncome": "616000", "depreciation": "None", "depreciationAndAmortization": "61924000", "incomeBeforeTax": "172318000", "incomeTaxExpense": "66408000", "interestAndDebtExpense": "None", "netIncomeFromContinuingOperations": "105910000", "comprehensiveIncomeNetOfTax": "None", "ebit": "202938000", "ebitda": "264862000", "netIncome": "109111000"}, {"fiscalDateEnding": "2011-12-31", "reportedCurrency": "USD", "grossProfit": "362882000", "totalRevenue": "1101173000", "costOfRevenue": "738291000", "costofGoodsAndServicesSold": "738291000", "operatingIncome": "144407000", "sellingGeneralAndAdministrative": "116062000", "researchAndDevelopment": "0", "operatingExpenses": "218475000", "investmentIncomeNet": "None", "netInterestIncome": "None", "interestIncome": "None", "interestExpense": "35442000", "nonInterestIncome": "None", "otherNonOperatingIncome": "-1875000", "depreciation": "None", "depreciationAndAmortization": "60811000", "incomeBeforeTax": "107090000", "incomeTaxExpense": "41302000", "interestAndDebtExpense": "None", "netIncomeFromContinuingOperations": "65788000", "comprehensiveIncomeNetOfTax": "None", "ebit": "144407000", "ebitda": "205218000", "netIncome": "68507000"}, {"fiscalDateEnding": "2011-09-30", "reportedCurrency": "USD", "grossProfit": "242044000", "totalRevenue": "789260000", "costOfRevenue": "547216000", "costofGoodsAndServicesSold": "547216000", "operatingIncome": "41333000", "sellingGeneralAndAdministrative": "107973000", "researchAndDevelopment": "0", "operatingExpenses": "200711000", "investmentIncomeNet": "None", "netInterestIncome": "None", "interestIncome": "None", "interestExpense": "38210000", "nonInterestIncome": "None", "otherNonOperatingIncome": "-3257263", "depreciation": "None", "depreciationAndAmortization": "61508000", "incomeBeforeTax": "576000", "incomeTaxExpense": "-522000", "interestAndDebtExpense": "None", "netIncomeFromContinuingOperations": "68075003", "comprehensiveIncomeNetOfTax": "None", "ebit": "38786000", "ebitda": "100294000", "netIncome": "1961000"}, {"fiscalDateEnding": "2011-06-30", "reportedCurrency": "USD", "grossProfit": "266805000", "totalRevenue": "843615000", "costOfRevenue": "576810000", "costofGoodsAndServicesSold": "576810000", "operatingIncome": "34078000", "sellingGeneralAndAdministrative": "112665000", "researchAndDevelopment": "0", "operatingExpenses": "221739000", "investmentIncomeNet": "None", "netInterestIncome": "None", "interestIncome": "None", "interestExpense": "35845000", "nonInterestIncome": "None", "otherNonOperatingIncome": "-1430000", "depreciation": "None", "depreciationAndAmortization": "58480000", "incomeBeforeTax": "-3197000", "incomeTaxExpense": "-1723000", "interestAndDebtExpense": "None", "netIncomeFromContinuingOperations": "-1474000", "comprehensiveIncomeNetOfTax": "None", "ebit": "31100000", "ebitda": "89580000", "netIncome": "-566000"}, {"fiscalDateEnding": "2011-03-31", "reportedCurrency": "USD", "grossProfit": "464822000", "totalRevenue": "1617287000", "costOfRevenue": "1152465000", "costofGoodsAndServicesSold": "1152465000", "operatingIncome": "217922000", "sellingGeneralAndAdministrative": "116379000", "researchAndDevelopment": "0", "operatingExpenses": "227618000", "investmentIncomeNet": "None", "netInterestIncome": "None", "interestIncome": "None", "interestExpense": "37892000", "nonInterestIncome": "None", "otherNonOperatingIncome": "26187000", "depreciation": "None", "depreciationAndAmortization": "57188000", "incomeBeforeTax": "206217000", "incomeTaxExpense": "74008000", "interestAndDebtExpense": "None", "netIncomeFromContinuingOperations": "132209000", "comprehensiveIncomeNetOfTax": "None", "ebit": "237401000", "ebitda": "294589000", "netIncome": "132209000"}, {"fiscalDateEnding": "2010-12-31", "reportedCurrency": "USD", "grossProfit": "-407101000", "totalRevenue": "373957000", "costOfRevenue": "781058000", "costofGoodsAndServicesSold": "781058000", "operatingIncome": "160109000", "sellingGeneralAndAdministrative": "157290", "researchAndDevelopment": "0", "operatingExpenses": "213451000", "investmentIncomeNet": "None", "netInterestIncome": "None", "interestIncome": "None", "interestExpense": "38917000", "nonInterestIncome": "None", "otherNonOperatingIncome": "-737", "depreciation": "None", "depreciationAndAmortization": "56207000", "incomeBeforeTax": "120455000", "incomeTaxExpense": "46458000", "interestAndDebtExpense": "None", "netIncomeFromContinuingOperations": "73997", "comprehensiveIncomeNetOfTax": "None", "ebit": "160109000", "ebitda": "216316000", "netIncome": "73997000"}, {"fiscalDateEnding": "2010-09-30", "reportedCurrency": "USD", "grossProfit": "246543000", "totalRevenue": "786315000", "costOfRevenue": "539772000", "costofGoodsAndServicesSold": "539772000", "operatingIncome": "40191000", "sellingGeneralAndAdministrative": "0", "researchAndDevelopment": "0", "operatingExpenses": "206352000", "investmentIncomeNet": "None", "netInterestIncome": "None", "interestIncome": "None", "interestExpense": "38891000", "nonInterestIncome": "None", "otherNonOperatingIncome": "None", "depreciation": "None", "depreciationAndAmortization": "56810000", "incomeBeforeTax": "2031000", "incomeTaxExpense": "494000", "interestAndDebtExpense": "None", "netIncomeFromContinuingOperations": "0", "comprehensiveIncomeNetOfTax": "None", "ebit": "40922000", "ebitda": "97732000", "netIncome": "1537000"}, {"fiscalDateEnding": "2010-06-30", "reportedCurrency": "USD", "grossProfit": "253228000", "totalRevenue": "770257000", "costOfRevenue": "517029000", "costofGoodsAndServicesSold": "517029000", "operatingIncome": "34109000", "sellingGeneralAndAdministrative": "165831000", "researchAndDevelopment": "0", "operatingExpenses": "219119000", "investmentIncomeNet": "None", "netInterestIncome": "None", "interestIncome": "None", "interestExpense": "37290000", "nonInterestIncome": "None", "otherNonOperatingIncome": "-850000", "depreciation": "None", "depreciationAndAmortization": "53308000", "incomeBeforeTax": "-4031000", "incomeTaxExpense": "-877000", "interestAndDebtExpense": "None", "netIncomeFromContinuingOperations": "-3154000", "comprehensiveIncomeNetOfTax": "None", "ebit": "34109000", "ebitda": "87417000", "netIncome": "-3154000"}, {"fiscalDateEnding": "2010-03-31", "reportedCurrency": "USD", "grossProfit": "454321000", "totalRevenue": "1940266000", "costOfRevenue": "1485945000", "costofGoodsAndServicesSold": "1485945000", "operatingIncome": "224540000", "sellingGeneralAndAdministrative": "0", "researchAndDevelopment": "0", "operatingExpenses": "229781000", "investmentIncomeNet": "None", "netInterestIncome": "None", "interestIncome": "None", "interestExpense": "39582000", "nonInterestIncome": "None", "otherNonOperatingIncome": "None", "depreciation": "None", "depreciationAndAmortization": "53140000", "incomeBeforeTax": "185007000", "incomeTaxExpense": "70881000", "interestAndDebtExpense": "None", "netIncomeFromContinuingOperations": "0", "comprehensiveIncomeNetOfTax": "None", "ebit": "224529000", "ebitda": "277669000", "netIncome": "114126000"}, {"fiscalDateEnding": "2009-12-31", "reportedCurrency": "USD", "grossProfit": "410849000", "totalRevenue": "1292852000", "costOfRevenue": "882003000", "costofGoodsAndServicesSold": "882003000", "operatingIncome": "190596000", "sellingGeneralAndAdministrative": "0", "researchAndDevelopment": "0", "operatingExpenses": "220253000", "investmentIncomeNet": "None", "netInterestIncome": "None", "interestIncome": "None", "interestExpense": "38708000", "nonInterestIncome": "None", "otherNonOperatingIncome": "None", "depreciation": "None", "depreciationAndAmortization": "53875000", "incomeBeforeTax": "151619000", "incomeTaxExpense": "58289000", "interestAndDebtExpense": "None", "netIncomeFromContinuingOperations": "0", "comprehensiveIncomeNetOfTax": "None", "ebit": "190291000", "ebitda": "244166000", "netIncome": "93330000"}, {"fiscalDateEnding": "2009-09-30", "reportedCurrency": "USD", "grossProfit": "231799000", "totalRevenue": "650567000", "costOfRevenue": "418768000", "costofGoodsAndServicesSold": "418768000", "operatingIncome": "13978000", "sellingGeneralAndAdministrative": "0", "researchAndDevelopment": "0", "operatingExpenses": "217821000", "investmentIncomeNet": "None", "netInterestIncome": "None", "interestIncome": "None", "interestExpense": "36795000", "nonInterestIncome": "None", "otherNonOperatingIncome": "None", "depreciation": "None", "depreciationAndAmortization": "56485000", "incomeBeforeTax": "-25473000", "incomeTaxExpense": "-9521000", "interestAndDebtExpense": "None", "netIncomeFromContinuingOperations": "0", "comprehensiveIncomeNetOfTax": "None", "ebit": "11322000", "ebitda": "67807000", "netIncome": "-15952000"}, {"fiscalDateEnding": "2009-06-30", "reportedCurrency": "USD", "grossProfit": "259640000", "totalRevenue": "780775000", "costOfRevenue": "521135000", "costofGoodsAndServicesSold": "521135000", "operatingIncome": "43683000", "sellingGeneralAndAdministrative": "0", "researchAndDevelopment": "0", "operatingExpenses": "212653000", "investmentIncomeNet": "None", "netInterestIncome": "None", "interestIncome": "None", "interestExpense": "41511000", "nonInterestIncome": "None", "otherNonOperatingIncome": "None", "depreciation": "None", "depreciationAndAmortization": "54220000", "incomeBeforeTax": "3391000", "incomeTaxExpense": "1427000", "interestAndDebtExpense": "None", "netIncomeFromContinuingOperations": "0", "comprehensiveIncomeNetOfTax": "None", "ebit": "44863000", "ebitda": "99083000", "netIncome": "1964000"}, {"fiscalDateEnding": "2009-03-31", "reportedCurrency": "USD", "grossProfit": "460051000", "totalRevenue": "1821406000", "costOfRevenue": "1361355000", "costofGoodsAndServicesSold": "1361355000", "operatingIncome": "226547000", "sellingGeneralAndAdministrative": "0", "researchAndDevelopment": "0", "operatingExpenses": "233504000", "investmentIncomeNet": "None", "netInterestIncome": "None", "interestIncome": "None", "interestExpense": "35533000", "nonInterestIncome": "None", "otherNonOperatingIncome": "None", "depreciation": "None", "depreciationAndAmortization": "53463000", "incomeBeforeTax": "189449000", "incomeTaxExpense": "60446000", "interestAndDebtExpense": "None", "netIncomeFromContinuingOperations": "0", "comprehensiveIncomeNetOfTax": "None", "ebit": "224969000", "ebitda": "278432000", "netIncome": "129003000"}, {"fiscalDateEnding": "2008-12-31", "reportedCurrency": "USD", "grossProfit": "395212000", "totalRevenue": "1716332000", "costOfRevenue": "1321120000", "costofGoodsAndServicesSold": "1321120000", "operatingIncome": "163194000", "sellingGeneralAndAdministrative": "0", "researchAndDevelopment": "0", "operatingExpenses": "232018000", "investmentIncomeNet": "None", "netInterestIncome": "None", "interestIncome": "None", "interestExpense": "38991000", "nonInterestIncome": "None", "otherNonOperatingIncome": "None", "depreciation": "None", "depreciationAndAmortization": "53134000", "incomeBeforeTax": "123902000", "incomeTaxExpense": "47939000", "interestAndDebtExpense": "None", "netIncomeFromContinuingOperations": "0", "comprehensiveIncomeNetOfTax": "None", "ebit": "162885000", "ebitda": "216019000", "netIncome": "75963000"}, {"fiscalDateEnding": "2008-09-30", "reportedCurrency": "USD", "grossProfit": "274468000", "totalRevenue": "1440665000", "costOfRevenue": "1166197000", "costofGoodsAndServicesSold": "1166197000", "operatingIncome": "37534000", "sellingGeneralAndAdministrative": "0", "researchAndDevelopment": "0", "operatingExpenses": "236934000", "investmentIncomeNet": "None", "netInterestIncome": "None", "interestIncome": "None", "interestExpense": "34119000", "nonInterestIncome": "None", "otherNonOperatingIncome": "None", "depreciation": "None", "depreciationAndAmortization": "52824000", "incomeBeforeTax": "3172000", "incomeTaxExpense": "1590000", "interestAndDebtExpense": "None", "netIncomeFromContinuingOperations": "0", "comprehensiveIncomeNetOfTax": "None", "ebit": "37534000", "ebitda": "90358000", "netIncome": "1582000"}, {"fiscalDateEnding": "2008-06-30", "reportedCurrency": "USD", "grossProfit": "246222000", "totalRevenue": "1639145000", "costOfRevenue": "1392923000", "costofGoodsAndServicesSold": "1392923000", "operatingIncome": "20709000", "sellingGeneralAndAdministrative": "0", "researchAndDevelopment": "0", "operatingExpenses": "225513000", "investmentIncomeNet": "None", "netInterestIncome": "None", "interestIncome": "None", "interestExpense": "33470000", "nonInterestIncome": "None", "otherNonOperatingIncome": "None", "depreciation": "None", "depreciationAndAmortization": "50395000", "incomeBeforeTax": "-11161000", "incomeTaxExpense": "-4573000", "interestAndDebtExpense": "None", "netIncomeFromContinuingOperations": "0", "comprehensiveIncomeNetOfTax": "None", "ebit": "22270000", "ebitda": "72665000", "netIncome": "-6588000"}, {"fiscalDateEnding": "2008-03-31", "reportedCurrency": "USD", "grossProfit": "434394000", "totalRevenue": "2483985000", "costOfRevenue": "2049591000", "costofGoodsAndServicesSold": "2049591000", "operatingIncome": "211143000", "sellingGeneralAndAdministrative": "0", "researchAndDevelopment": "0", "operatingExpenses": "223251000", "investmentIncomeNet": "None", "netInterestIncome": "None", "interestIncome": "None", "interestExpense": "33516000", "nonInterestIncome": "None", "otherNonOperatingIncome": "None", "depreciation": "None", "depreciationAndAmortization": "48834000", "incomeBeforeTax": "179094000", "incomeTaxExpense": "67560000", "interestAndDebtExpense": "None", "netIncomeFromContinuingOperations": "0", "comprehensiveIncomeNetOfTax": "None", "ebit": "212566000", "ebitda": "261400000", "netIncome": "111534000"}, {"fiscalDateEnding": "2007-12-31", "reportedCurrency": "USD", "grossProfit": "369638000", "totalRevenue": "1657510000", "costOfRevenue": "1287872000", "costofGoodsAndServicesSold": "1287872000", "operatingIncome": "158509000", "sellingGeneralAndAdministrative": "0", "researchAndDevelopment": "0", "operatingExpenses": "211129000", "investmentIncomeNet": "None", "netInterestIncome": "None", "interestIncome": "None", "interestExpense": "36817000", "nonInterestIncome": "None", "otherNonOperatingIncome": "None", "depreciation": "None", "depreciationAndAmortization": "48536000", "incomeBeforeTax": "121599000", "incomeTaxExpense": "47796000", "interestAndDebtExpense": "None", "netIncomeFromContinuingOperations": "0", "comprehensiveIncomeNetOfTax": "None", "ebit": "158509000", "ebitda": "207045000", "netIncome": "73803000"}, {"fiscalDateEnding": "2007-09-30", "reportedCurrency": "USD", "grossProfit": "218580000", "totalRevenue": "1002064000", "costOfRevenue": "783484000", "costofGoodsAndServicesSold": "783484000", "operatingIncome": "10733000", "sellingGeneralAndAdministrative": "0", "researchAndDevelopment": "0", "operatingExpenses": "207847000", "investmentIncomeNet": "None", "netInterestIncome": "None", "interestIncome": "None", "interestExpense": "35963000", "nonInterestIncome": "None", "otherNonOperatingIncome": "None", "depreciation": "None", "depreciationAndAmortization": "49872000", "incomeBeforeTax": "-23729000", "incomeTaxExpense": "-17815000", "interestAndDebtExpense": "None", "netIncomeFromContinuingOperations": "0", "comprehensiveIncomeNetOfTax": "None", "ebit": "10733000", "ebitda": "60605000", "netIncome": "-5914000"}, {"fiscalDateEnding": "2007-06-30", "reportedCurrency": "USD", "grossProfit": "228016000", "totalRevenue": "1218152000", "costOfRevenue": "990136000", "costofGoodsAndServicesSold": "990136000", "operatingIncome": "7731000", "sellingGeneralAndAdministrative": "0", "researchAndDevelopment": "0", "operatingExpenses": "220285000", "investmentIncomeNet": "None", "netInterestIncome": "None", "interestIncome": "None", "interestExpense": "34479000", "nonInterestIncome": "None", "otherNonOperatingIncome": "None", "depreciation": "None", "depreciationAndAmortization": "49004000", "incomeBeforeTax": "-22482000", "incomeTaxExpense": "-9122000", "interestAndDebtExpense": "None", "netIncomeFromContinuingOperations": "0", "comprehensiveIncomeNetOfTax": "None", "ebit": "7731000", "ebitda": "56735000", "netIncome": "-13360000"}, {"fiscalDateEnding": "2007-03-31", "reportedCurrency": "USD", "grossProfit": "428686000", "totalRevenue": "2075582000", "costOfRevenue": "1646896000", "costofGoodsAndServicesSold": "1646896000", "operatingIncome": "209012000", "sellingGeneralAndAdministrative": "0", "researchAndDevelopment": "0", "operatingExpenses": "219674000", "investmentIncomeNet": "None", "netInterestIncome": "None", "interestIncome": "None", "interestExpense": "35262000", "nonInterestIncome": "None", "otherNonOperatingIncome": "None", "depreciation": "None", "depreciationAndAmortization": "51101000", "incomeBeforeTax": "175588000", "incomeTaxExpense": "69083000", "interestAndDebtExpense": "None", "netIncomeFromContinuingOperations": "0", "comprehensiveIncomeNetOfTax": "None", "ebit": "209012000", "ebitda": "260113000", "netIncome": "106505000"}, {"fiscalDateEnding": "2006-12-31", "reportedCurrency": "USD", "grossProfit": "375592000", "totalRevenue": "1602633000", "costOfRevenue": "1227041000", "costofGoodsAndServicesSold": "1227041000", "operatingIncome": "171160000", "sellingGeneralAndAdministrative": "0", "researchAndDevelopment": "0", "operatingExpenses": "204432000", "investmentIncomeNet": "None", "netInterestIncome": "None", "interestIncome": "None", "interestExpense": "39532000", "nonInterestIncome": "None", "otherNonOperatingIncome": "None", "depreciation": "None", "depreciationAndAmortization": "49078000", "incomeBeforeTax": "133207000", "incomeTaxExpense": "51946000", "interestAndDebtExpense": "None", "netIncomeFromContinuingOperations": "0", "comprehensiveIncomeNetOfTax": "None", "ebit": "171160000", "ebitda": "220238000", "netIncome": "81261000"}, {"fiscalDateEnding": "2006-09-30", "reportedCurrency": "USD", "grossProfit": "260915000", "totalRevenue": "971454000", "costOfRevenue": "710539000", "costofGoodsAndServicesSold": "710539000", "operatingIncome": "47283000", "sellingGeneralAndAdministrative": "0", "researchAndDevelopment": "0", "operatingExpenses": "213632000", "investmentIncomeNet": "None", "netInterestIncome": "None", "interestIncome": "None", "interestExpense": "38982000", "nonInterestIncome": "None", "otherNonOperatingIncome": "None", "depreciation": "None", "depreciationAndAmortization": "48434000", "incomeBeforeTax": "10210000", "incomeTaxExpense": "4151000", "interestAndDebtExpense": "None", "netIncomeFromContinuingOperations": "0", "comprehensiveIncomeNetOfTax": "None", "ebit": "47283000", "ebitda": "95717000", "netIncome": "6059000"}, {"fiscalDateEnding": "2006-06-30", "reportedCurrency": "USD", "grossProfit": "204500000", "totalRevenue": "863243000", "costOfRevenue": "658743000", "costofGoodsAndServicesSold": "658743000", "operatingIncome": "4803000", "sellingGeneralAndAdministrative": "0", "researchAndDevelopment": "0", "operatingExpenses": "199697000", "investmentIncomeNet": "None", "netInterestIncome": "None", "interestIncome": "None", "interestExpense": "35944000", "nonInterestIncome": "None", "otherNonOperatingIncome": "None", "depreciation": "None", "depreciationAndAmortization": "46863000", "incomeBeforeTax": "-30178000", "incomeTaxExpense": "-12033000", "interestAndDebtExpense": "None", "netIncomeFromContinuingOperations": "0", "comprehensiveIncomeNetOfTax": "None", "ebit": "4803000", "ebitda": "51666000", "netIncome": "-18145000"}, {"fiscalDateEnding": "2006-03-31", "reportedCurrency": "USD", "grossProfit": "405403000", "totalRevenue": "2033846000", "costOfRevenue": "1628443000", "costofGoodsAndServicesSold": "1628443000", "operatingIncome": "180833000", "sellingGeneralAndAdministrative": "0", "researchAndDevelopment": "0", "operatingExpenses": "224570000", "investmentIncomeNet": "None", "netInterestIncome": "None", "interestIncome": "None", "interestExpense": "35492000", "nonInterestIncome": "None", "otherNonOperatingIncome": "None", "depreciation": "None", "depreciationAndAmortization": "47263000", "incomeBeforeTax": "142902000", "incomeTaxExpense": "54106000", "interestAndDebtExpense": "None", "netIncomeFromContinuingOperations": "0", "comprehensiveIncomeNetOfTax": "None", "ebit": "180833000", "ebitda": "228096000", "netIncome": "88796000"}, {"fiscalDateEnding": "2005-12-31", "reportedCurrency": "USD", "grossProfit": "346590000", "totalRevenue": "2283820000", "costOfRevenue": "1937230000", "costofGoodsAndServicesSold": "1937230000", "operatingIncome": "149697000", "sellingGeneralAndAdministrative": "0", "researchAndDevelopment": "0", "operatingExpenses": "196893000", "investmentIncomeNet": "None", "netInterestIncome": "None", "interestIncome": "None", "interestExpense": "36189000", "nonInterestIncome": "None", "otherNonOperatingIncome": "None", "depreciation": "None", "depreciationAndAmortization": "43407000", "incomeBeforeTax": "113956000", "incomeTaxExpense": "42929000", "interestAndDebtExpense": "None", "netIncomeFromContinuingOperations": "0", "comprehensiveIncomeNetOfTax": "None", "ebit": "149697000", "ebitda": "193104000", "netIncome": "71027000"}, {"fiscalDateEnding": "2005-09-30", "reportedCurrency": "USD", "grossProfit": "201706000", "totalRevenue": "1004627000", "costOfRevenue": "802921000", "costofGoodsAndServicesSold": "802921000", "operatingIncome": "8332000", "sellingGeneralAndAdministrative": "0", "researchAndDevelopment": "0", "operatingExpenses": "193374000", "investmentIncomeNet": "None", "netInterestIncome": "None", "interestIncome": "None", "interestExpense": "33354000", "nonInterestIncome": "None", "otherNonOperatingIncome": "None", "depreciation": "None", "depreciationAndAmortization": "44600000", "incomeBeforeTax": "-25868000", "incomeTaxExpense": "-9066000", "interestAndDebtExpense": "None", "netIncomeFromContinuingOperations": "0", "comprehensiveIncomeNetOfTax": "None", "ebit": "9812000", "ebitda": "54412000", "netIncome": "-16802000"}, {"fiscalDateEnding": "2005-06-30", "reportedCurrency": "USD", "grossProfit": "224349000", "totalRevenue": "909952000", "costOfRevenue": "685603000", "costofGoodsAndServicesSold": "685603000", "operatingIncome": "39468000", "sellingGeneralAndAdministrative": "0", "researchAndDevelopment": "0", "operatingExpenses": "184881000", "investmentIncomeNet": "None", "netInterestIncome": "None", "interestIncome": "None", "interestExpense": "33689000", "nonInterestIncome": "None", "otherNonOperatingIncome": "None", "depreciation": "None", "depreciationAndAmortization": "43605000", "incomeBeforeTax": "7303000", "incomeTaxExpense": "2817000", "interestAndDebtExpense": "None", "netIncomeFromContinuingOperations": "0", "comprehensiveIncomeNetOfTax": "None", "ebit": "39468000", "ebitda": "83073000", "netIncome": "4486000"}, {"fiscalDateEnding": "2005-03-31", "reportedCurrency": "USD", "grossProfit": "378583000", "totalRevenue": "1685085000", "costOfRevenue": "1306502000", "costofGoodsAndServicesSold": "1306502000", "operatingIncome": "172181000", "sellingGeneralAndAdministrative": "0", "researchAndDevelopment": "0", "operatingExpenses": "206402000", "investmentIncomeNet": "None", "netInterestIncome": "None", "interestIncome": "None", "interestExpense": "33073000", "nonInterestIncome": "None", "otherNonOperatingIncome": "None", "depreciation": "None", "depreciationAndAmortization": "45549000", "incomeBeforeTax": "140066000", "incomeTaxExpense": "51564000", "interestAndDebtExpense": "None", "netIncomeFromContinuingOperations": "0", "comprehensiveIncomeNetOfTax": "None", "ebit": "172181000", "ebitda": "217730000", "netIncome": "88502000"}, {"fiscalDateEnding": "2004-12-31", "reportedCurrency": "USD", "grossProfit": "324452000", "totalRevenue": "1368624000", "costOfRevenue": "1044172000", "costofGoodsAndServicesSold": "1044172000", "operatingIncome": "128674000", "sellingGeneralAndAdministrative": "0", "researchAndDevelopment": "0", "operatingExpenses": "195778000", "investmentIncomeNet": "None", "netInterestIncome": "None", "interestIncome": "None", "interestExpense": "32542000", "nonInterestIncome": "None", "otherNonOperatingIncome": "None", "depreciation": "None", "depreciationAndAmortization": "44251000", "incomeBeforeTax": "96517000", "incomeTaxExpense": "36918000", "interestAndDebtExpense": "None", "netIncomeFromContinuingOperations": "0", "comprehensiveIncomeNetOfTax": "None", "ebit": "128674000", "ebitda": "172925000", "netIncome": "59599000"}]}