{"symbol": "DOV", "annualReports": [{"fiscalDateEnding": "2024-12-31", "reportedCurrency": "USD", "grossProfit": "2958621000", "totalRevenue": "7745909000", "costOfRevenue": "4787288000", "costofGoodsAndServicesSold": "4787288000", "operatingIncome": "1206355000", "sellingGeneralAndAdministrative": "1752266000", "researchAndDevelopment": "None", "operatingExpenses": "1752266000", "investmentIncomeNet": "None", "netInterestIncome": "-94013000", "interestIncome": "37158000", "interestExpense": "131171000", "nonInterestIncome": "None", "otherNonOperatingIncome": "None", "depreciation": "None", "depreciationAndAmortization": "None", "incomeBeforeTax": "1757016000", "incomeTaxExpense": "357048000", "interestAndDebtExpense": "None", "netIncomeFromContinuingOperations": "1399968000", "comprehensiveIncomeNetOfTax": "None", "ebit": "None", "ebitda": "1206355000", "netIncome": "2697126000"}, {"fiscalDateEnding": "2023-12-31", "reportedCurrency": "USD", "grossProfit": "3084633000", "totalRevenue": "8438134000", "costOfRevenue": "5353501000", "costofGoodsAndServicesSold": "5353501000", "operatingIncome": "1366343000", "sellingGeneralAndAdministrative": "1700610000", "researchAndDevelopment": "153111000", "operatingExpenses": "1718290000", "investmentIncomeNet": "None", "netInterestIncome": "-123519000", "interestIncome": "10014000", "interestExpense": "131305000", "nonInterestIncome": "None", "otherNonOperatingIncome": "None", "depreciation": "None", "depreciationAndAmortization": "317463000", "incomeBeforeTax": "1270006000", "incomeTaxExpense": "213178000", "interestAndDebtExpense": "None", "netIncomeFromContinuingOperations": "1024145000", "comprehensiveIncomeNetOfTax": "None", "ebit": "1366343000", "ebitda": "1366343000", "netIncome": "1056828000"}, {"fiscalDateEnding": "2022-12-31", "reportedCurrency": "USD", "grossProfit": "3070411000", "totalRevenue": "8508088000", "costOfRevenue": "5437677000", "costofGoodsAndServicesSold": "5437677000", "operatingIncome": "1379330000", "sellingGeneralAndAdministrative": "1464269000", "researchAndDevelopment": "163300000", "operatingExpenses": "1684226000", "investmentIncomeNet": "None", "netInterestIncome": "-112026000", "interestIncome": "112026000", "interestExpense": "116456000", "nonInterestIncome": "None", "otherNonOperatingIncome": "24631000", "depreciation": "None", "depreciationAndAmortization": "307538000", "incomeBeforeTax": "1287505000", "incomeTaxExpense": "222129000", "interestAndDebtExpense": "None", "netIncomeFromContinuingOperations": "1065376000", "comprehensiveIncomeNetOfTax": "None", "ebit": "1403961000", "ebitda": "1711499000", "netIncome": "1065376000"}, {"fiscalDateEnding": "2021-12-31", "reportedCurrency": "USD", "grossProfit": "2969786000", "totalRevenue": "7907081000", "costOfRevenue": "4937295000", "costofGoodsAndServicesSold": "4937295000", "operatingIncome": "1281508000", "sellingGeneralAndAdministrative": "1490266000", "researchAndDevelopment": "157826000", "operatingExpenses": "1688278000", "investmentIncomeNet": "None", "netInterestIncome": "-101878000", "interestIncome": "101878000", "interestExpense": "106319000", "nonInterestIncome": "None", "otherNonOperatingIncome": "225637000", "depreciation": "None", "depreciationAndAmortization": "290123000", "incomeBeforeTax": "1400826000", "incomeTaxExpense": "277008000", "interestAndDebtExpense": "None", "netIncomeFromContinuingOperations": "1123818000", "comprehensiveIncomeNetOfTax": "None", "ebit": "1507145000", "ebitda": "1797268000", "netIncome": "1123818000"}, {"fiscalDateEnding": "2020-12-31", "reportedCurrency": "USD", "grossProfit": "2474019000", "totalRevenue": "6683760000", "costOfRevenue": "4209741000", "costofGoodsAndServicesSold": "4209741000", "operatingIncome": "932987000", "sellingGeneralAndAdministrative": "1519657000", "researchAndDevelopment": "142101000", "operatingExpenses": "1541032000", "investmentIncomeNet": "None", "netInterestIncome": "-108366000", "interestIncome": "3571000", "interestExpense": "111937000", "nonInterestIncome": "None", "otherNonOperatingIncome": "20684000", "depreciation": "None", "depreciationAndAmortization": "279051000", "incomeBeforeTax": "841734000", "incomeTaxExpense": "158283000", "interestAndDebtExpense": "None", "netIncomeFromContinuingOperations": "683451000", "comprehensiveIncomeNetOfTax": "None", "ebit": "953671000", "ebitda": "1232722000", "netIncome": "683451000"}, {"fiscalDateEnding": "2019-12-31", "reportedCurrency": "USD", "grossProfit": "2620938000", "totalRevenue": "7136397000", "costOfRevenue": "4515459000", "costofGoodsAndServicesSold": "4515459000", "operatingIncome": "974894000", "sellingGeneralAndAdministrative": "1574489000", "researchAndDevelopment": "140957000", "operatingExpenses": "1599098000", "investmentIncomeNet": "None", "netInterestIncome": "-121292000", "interestIncome": "4526000", "interestExpense": "125818000", "nonInterestIncome": "None", "otherNonOperatingIncome": "17476000", "depreciation": "None", "depreciationAndAmortization": "272287000", "incomeBeforeTax": "843009000", "incomeTaxExpense": "165091000", "interestAndDebtExpense": "None", "netIncomeFromContinuingOperations": "677918000", "comprehensiveIncomeNetOfTax": "None", "ebit": "968827000", "ebitda": "1241114000", "netIncome": "677918000"}, {"fiscalDateEnding": "2018-12-31", "reportedCurrency": "USD", "grossProfit": "2559556000", "totalRevenue": "6992118000", "costOfRevenue": "4432562000", "costofGoodsAndServicesSold": "4432562000", "operatingIncome": "843112000", "sellingGeneralAndAdministrative": "1716444000", "researchAndDevelopment": "143033000", "operatingExpenses": "1716444000", "investmentIncomeNet": "None", "netInterestIncome": "-122091000", "interestIncome": "8881000", "interestExpense": "130972000", "nonInterestIncome": "None", "otherNonOperatingIncome": "13238000", "depreciation": "None", "depreciationAndAmortization": "282580000", "incomeBeforeTax": "725378000", "incomeTaxExpense": "134233000", "interestAndDebtExpense": "None", "netIncomeFromContinuingOperations": "591145000", "comprehensiveIncomeNetOfTax": "None", "ebit": "856350000", "ebitda": "1138930000", "netIncome": "570267000"}, {"fiscalDateEnding": "2017-12-31", "reportedCurrency": "USD", "grossProfit": "2890377000", "totalRevenue": "7830436000", "costOfRevenue": "4940059000", "costofGoodsAndServicesSold": "4940059000", "operatingIncome": "914445000", "sellingGeneralAndAdministrative": "1975932000", "researchAndDevelopment": "130536000", "operatingExpenses": "1975932000", "investmentIncomeNet": "None", "netInterestIncome": "-136706000", "interestIncome": "8502000", "interestExpense": "145208000", "nonInterestIncome": "None", "otherNonOperatingIncome": "204606000", "depreciation": "None", "depreciationAndAmortization": "283278000", "incomeBeforeTax": "973843000", "incomeTaxExpense": "162178000", "interestAndDebtExpense": "None", "netIncomeFromContinuingOperations": "811665000", "comprehensiveIncomeNetOfTax": "None", "ebit": "1020763000", "ebitda": "1304041000", "netIncome": "811665000"}, {"fiscalDateEnding": "2016-12-31", "reportedCurrency": "USD", "grossProfit": "2471969000", "totalRevenue": "6794342000", "costOfRevenue": "4322373000", "costofGoodsAndServicesSold": "4322373000", "operatingIncome": "714446000", "sellingGeneralAndAdministrative": "1757523000", "researchAndDevelopment": "104479000", "operatingExpenses": "1757523000", "investmentIncomeNet": "None", "netInterestIncome": "-129642000", "interestIncome": "6759000", "interestExpense": "136401000", "nonInterestIncome": "None", "otherNonOperatingIncome": "111287000", "depreciation": "None", "depreciationAndAmortization": "360739000", "incomeBeforeTax": "689332000", "incomeTaxExpense": "180440000", "interestAndDebtExpense": "None", "netIncomeFromContinuingOperations": "508892000", "comprehensiveIncomeNetOfTax": "None", "ebit": "825733000", "ebitda": "1186472000", "netIncome": "508892000"}, {"fiscalDateEnding": "2015-12-31", "reportedCurrency": "USD", "grossProfit": "2568144000", "totalRevenue": "6956311000", "costOfRevenue": "4388167000", "costofGoodsAndServicesSold": "4388167000", "operatingIncome": "920762000", "sellingGeneralAndAdministrative": "1647382000", "researchAndDevelopment": "115037000", "operatingExpenses": "1647382000", "investmentIncomeNet": "None", "netInterestIncome": "None", "interestIncome": "125657000", "interestExpense": "131676000", "nonInterestIncome": "None", "otherNonOperatingIncome": "7105000", "depreciation": "None", "depreciationAndAmortization": "327089000", "incomeBeforeTax": "800610000", "incomeTaxExpense": "204729000", "interestAndDebtExpense": "None", "netIncomeFromContinuingOperations": "595881000", "comprehensiveIncomeNetOfTax": "None", "ebit": "932286000", "ebitda": "1259375000", "netIncome": "869829000"}, {"fiscalDateEnding": "2014-12-31", "reportedCurrency": "USD", "grossProfit": "2974249000", "totalRevenue": "7752728000", "costOfRevenue": "4778479000", "costofGoodsAndServicesSold": "4778479000", "operatingIncome": "1215484000", "sellingGeneralAndAdministrative": "1758765000", "researchAndDevelopment": "118411000", "operatingExpenses": "1758765000", "investmentIncomeNet": "None", "netInterestIncome": "None", "interestIncome": "None", "interestExpense": "131689000", "nonInterestIncome": "None", "otherNonOperatingIncome": "5902000", "depreciation": "None", "depreciationAndAmortization": "307188000", "incomeBeforeTax": "1094207000", "incomeTaxExpense": "316067000", "interestAndDebtExpense": "None", "netIncomeFromContinuingOperations": "778140000", "comprehensiveIncomeNetOfTax": "None", "ebit": "1225896000", "ebitda": "1533084000", "netIncome": "775235000"}, {"fiscalDateEnding": "2013-12-31", "reportedCurrency": "USD", "grossProfit": "3339781000", "totalRevenue": "8729813000", "costOfRevenue": "5390032000", "costofGoodsAndServicesSold": "5390032000", "operatingIncome": "1353932000", "sellingGeneralAndAdministrative": "1985849000", "researchAndDevelopment": "117178000", "operatingExpenses": "1985849000", "investmentIncomeNet": "None", "netInterestIncome": "None", "interestIncome": "None", "interestExpense": "124647000", "nonInterestIncome": "None", "otherNonOperatingIncome": "4222000", "depreciation": "None", "depreciationAndAmortization": "421616000", "incomeBeforeTax": "1237412000", "incomeTaxExpense": "271607000", "interestAndDebtExpense": "None", "netIncomeFromContinuingOperations": "965805000", "comprehensiveIncomeNetOfTax": "None", "ebit": "1026938000", "ebitda": "1448554000", "netIncome": "1003129000"}, {"fiscalDateEnding": "2012-12-31", "reportedCurrency": "USD", "grossProfit": "3107065000", "totalRevenue": "8104339000", "costOfRevenue": "4997274000", "costofGoodsAndServicesSold": "4997274000", "operatingIncome": "1265377000", "sellingGeneralAndAdministrative": "1841688000", "researchAndDevelopment": "123639000", "operatingExpenses": "1841688000", "investmentIncomeNet": "None", "netInterestIncome": "None", "interestIncome": "None", "interestExpense": "125995000", "nonInterestIncome": "None", "otherNonOperatingIncome": "-6665000", "depreciation": "None", "depreciationAndAmortization": "357585000", "incomeBeforeTax": "1137571000", "incomeTaxExpense": "304452000", "interestAndDebtExpense": "None", "netIncomeFromContinuingOperations": "833119000", "comprehensiveIncomeNetOfTax": "None", "ebit": "1263566000", "ebitda": "1621151000", "netIncome": "811070000"}, {"fiscalDateEnding": "2011-12-31", "reportedCurrency": "USD", "grossProfit": "3051424000", "totalRevenue": "7950140000", "costOfRevenue": "4898716000", "costofGoodsAndServicesSold": "4898716000", "operatingIncome": "1210815000", "sellingGeneralAndAdministrative": "1840609000", "researchAndDevelopment": "196970000", "operatingExpenses": "1840609000", "investmentIncomeNet": "None", "netInterestIncome": "None", "interestIncome": "None", "interestExpense": "124878000", "nonInterestIncome": "None", "otherNonOperatingIncome": "None", "depreciation": "None", "depreciationAndAmortization": "303143000", "incomeBeforeTax": "1095164000", "incomeTaxExpense": "248799000", "interestAndDebtExpense": "None", "netIncomeFromContinuingOperations": "None", "comprehensiveIncomeNetOfTax": "None", "ebit": "1220042000", "ebitda": "1523185000", "netIncome": "895243000"}, {"fiscalDateEnding": "2010-12-31", "reportedCurrency": "USD", "grossProfit": "2732658000", "totalRevenue": "7132648000", "costOfRevenue": "4399990000", "costofGoodsAndServicesSold": "4399990000", "operatingIncome": "1034937000", "sellingGeneralAndAdministrative": "1697721000", "researchAndDevelopment": "193487000", "operatingExpenses": "1697721000", "investmentIncomeNet": "None", "netInterestIncome": "None", "interestIncome": "None", "interestExpense": "106341000", "nonInterestIncome": "None", "otherNonOperatingIncome": "-3512000", "depreciation": "None", "depreciationAndAmortization": "268406000", "incomeBeforeTax": "925084000", "incomeTaxExpense": "217176000", "interestAndDebtExpense": "None", "netIncomeFromContinuingOperations": "707908000", "comprehensiveIncomeNetOfTax": "None", "ebit": "1031425000", "ebitda": "1299831000", "netIncome": "700104000"}, {"fiscalDateEnding": "2009-12-31", "reportedCurrency": "USD", "grossProfit": "2099154000", "totalRevenue": "5775689000", "costOfRevenue": "3676535000", "costofGoodsAndServicesSold": "3676535000", "operatingIncome": "588043000", "sellingGeneralAndAdministrative": "1511111000", "researchAndDevelopment": "178300000", "operatingExpenses": "1511111000", "investmentIncomeNet": "None", "netInterestIncome": "None", "interestIncome": "None", "interestExpense": "100375000", "nonInterestIncome": "None", "otherNonOperatingIncome": "None", "depreciation": "None", "depreciationAndAmortization": "258223000", "incomeBeforeTax": "491618000", "incomeTaxExpense": "119724000", "interestAndDebtExpense": "None", "netIncomeFromContinuingOperations": "None", "comprehensiveIncomeNetOfTax": "None", "ebit": "591993000", "ebitda": "850216000", "netIncome": "356438000"}, {"fiscalDateEnding": "2008-12-31", "reportedCurrency": "USD", "grossProfit": "2730007000", "totalRevenue": "7568888000", "costOfRevenue": "4838881000", "costofGoodsAndServicesSold": "4838881000", "operatingIncome": "1029330000", "sellingGeneralAndAdministrative": "1700677000", "researchAndDevelopment": "189200000", "operatingExpenses": "1700677000", "investmentIncomeNet": "None", "netInterestIncome": "None", "interestIncome": "None", "interestExpense": "108763000", "nonInterestIncome": "None", "otherNonOperatingIncome": "None", "depreciation": "None", "depreciationAndAmortization": "261154000", "incomeBeforeTax": "946019000", "incomeTaxExpense": "251261000", "interestAndDebtExpense": "None", "netIncomeFromContinuingOperations": "None", "comprehensiveIncomeNetOfTax": "None", "ebit": "1042056000", "ebitda": "1303210000", "netIncome": "590831000"}, {"fiscalDateEnding": "2007-12-31", "reportedCurrency": "USD", "grossProfit": "2621667000", "totalRevenue": "7226089000", "costOfRevenue": "4604422000", "costofGoodsAndServicesSold": "4604422000", "operatingIncome": "980690000", "sellingGeneralAndAdministrative": "1640977000", "researchAndDevelopment": "212600000", "operatingExpenses": "1640977000", "investmentIncomeNet": "None", "netInterestIncome": "None", "interestIncome": "None", "interestExpense": "89008000", "nonInterestIncome": "None", "otherNonOperatingIncome": "None", "depreciation": "None", "depreciationAndAmortization": "245028000", "incomeBeforeTax": "887604000", "incomeTaxExpense": "234331000", "interestAndDebtExpense": "None", "netIncomeFromContinuingOperations": "None", "comprehensiveIncomeNetOfTax": "None", "ebit": "735662000", "ebitda": "980690000", "netIncome": "661080000"}, {"fiscalDateEnding": "2006-12-31", "reportedCurrency": "USD", "grossProfit": "2348042000", "totalRevenue": "6511623000", "costOfRevenue": "4163581000", "costofGoodsAndServicesSold": "4163581000", "operatingIncome": "911805000", "sellingGeneralAndAdministrative": "1436237000", "researchAndDevelopment": "155000000", "operatingExpenses": "1436237000", "investmentIncomeNet": "None", "netInterestIncome": "None", "interestIncome": "None", "interestExpense": "76984000", "nonInterestIncome": "None", "otherNonOperatingIncome": "None", "depreciation": "None", "depreciationAndAmortization": "201501000", "incomeBeforeTax": "822869000", "incomeTaxExpense": "219541000", "interestAndDebtExpense": "None", "netIncomeFromContinuingOperations": "None", "comprehensiveIncomeNetOfTax": "None", "ebit": "923757000", "ebitda": "1125258000", "netIncome": "561782000"}, {"fiscalDateEnding": "2005-12-31", "reportedCurrency": "USD", "grossProfit": "2079357000", "totalRevenue": "6078380000", "costOfRevenue": "3999023000", "costofGoodsAndServicesSold": "3999023000", "operatingIncome": "700455000", "sellingGeneralAndAdministrative": "1378902000", "researchAndDevelopment": "192200000", "operatingExpenses": "1378902000", "investmentIncomeNet": "None", "netInterestIncome": "None", "interestIncome": "None", "interestExpense": "72206000", "nonInterestIncome": "None", "otherNonOperatingIncome": "None", "depreciation": "None", "depreciationAndAmortization": "175719000", "incomeBeforeTax": "643588000", "incomeTaxExpense": "169135000", "interestAndDebtExpense": "None", "netIncomeFromContinuingOperations": "None", "comprehensiveIncomeNetOfTax": "None", "ebit": "620762000", "ebitda": "796481000", "netIncome": "510142000"}], "quarterlyReports": [{"fiscalDateEnding": "2024-12-31", "reportedCurrency": "USD", "grossProfit": "745724000", "totalRevenue": "1929866000", "costOfRevenue": "1184142000", "costofGoodsAndServicesSold": "1184142000", "operatingIncome": "295064000", "sellingGeneralAndAdministrative": "450660000", "researchAndDevelopment": "None", "operatingExpenses": "450660000", "investmentIncomeNet": "None", "netInterestIncome": "-5159000", "interestIncome": "23145000", "interestExpense": "28304000", "nonInterestIncome": "None", "otherNonOperatingIncome": "None", "depreciation": "None", "depreciationAndAmortization": "None", "incomeBeforeTax": "303650000", "incomeTaxExpense": "65267000", "interestAndDebtExpense": "None", "netIncomeFromContinuingOperations": "238383000", "comprehensiveIncomeNetOfTax": "None", "ebit": "None", "ebitda": "295064000", "netIncome": "1435983000"}, {"fiscalDateEnding": "2024-09-30", "reportedCurrency": "USD", "grossProfit": "763187000", "totalRevenue": "1983542000", "costOfRevenue": "1220355000", "costofGoodsAndServicesSold": "1220355000", "operatingIncome": "333617000", "sellingGeneralAndAdministrative": "429570000", "researchAndDevelopment": "35600000", "operatingExpenses": "429570000", "investmentIncomeNet": "None", "netInterestIncome": "-28952000", "interestIncome": "5176000", "interestExpense": "34128000", "nonInterestIncome": "None", "otherNonOperatingIncome": "None", "depreciation": "None", "depreciationAndAmortization": "86668000", "incomeBeforeTax": "386330000", "incomeTaxExpense": "73434000", "interestAndDebtExpense": "None", "netIncomeFromContinuingOperations": "312896000", "comprehensiveIncomeNetOfTax": "None", "ebit": "420458000", "ebitda": "507126000", "netIncome": "347100000"}, {"fiscalDateEnding": "2024-06-30", "reportedCurrency": "USD", "grossProfit": "821567000", "totalRevenue": "2178262000", "costOfRevenue": "1356695000", "costofGoodsAndServicesSold": "1356695000", "operatingIncome": "369374000", "sellingGeneralAndAdministrative": "452193000", "researchAndDevelopment": "40600000", "operatingExpenses": "452193000", "investmentIncomeNet": "None", "netInterestIncome": "-28294000", "interestIncome": "4080000", "interestExpense": "32374000", "nonInterestIncome": "None", "otherNonOperatingIncome": "None", "depreciation": "None", "depreciationAndAmortization": "85669000", "incomeBeforeTax": "353289000", "incomeTaxExpense": "71467000", "interestAndDebtExpense": "None", "netIncomeFromContinuingOperations": "281822000", "comprehensiveIncomeNetOfTax": "None", "ebit": "385663000", "ebitda": "471332000", "netIncome": "281822000"}, {"fiscalDateEnding": "2024-03-31", "reportedCurrency": "USD", "grossProfit": "771177999", "totalRevenue": "2093940999", "costOfRevenue": "1322763000", "costofGoodsAndServicesSold": "1322763000", "operatingIncome": "312786000", "sellingGeneralAndAdministrative": "463124000", "researchAndDevelopment": "40100000", "operatingExpenses": "458392000", "investmentIncomeNet": "None", "netInterestIncome": "-31608000", "interestIncome": "4757000", "interestExpense": "36365000", "nonInterestIncome": "None", "otherNonOperatingIncome": "None", "depreciation": "None", "depreciationAndAmortization": "84709000", "incomeBeforeTax": "798882000", "incomeTaxExpense": "166661000", "interestAndDebtExpense": "None", "netIncomeFromContinuingOperations": "632221000", "comprehensiveIncomeNetOfTax": "None", "ebit": "835247000", "ebitda": "919956000", "netIncome": "632221000"}, {"fiscalDateEnding": "2023-12-31", "reportedCurrency": "USD", "grossProfit": "785763000", "totalRevenue": "2105757000", "costOfRevenue": "1319994000", "costofGoodsAndServicesSold": "1319994000", "operatingIncome": "354472000", "sellingGeneralAndAdministrative": "407431000", "researchAndDevelopment": "37611000", "operatingExpenses": "431291000", "investmentIncomeNet": "None", "netInterestIncome": "-25954000", "interestIncome": "4944000", "interestExpense": "30898000", "nonInterestIncome": "None", "otherNonOperatingIncome": "None", "depreciation": "None", "depreciationAndAmortization": "80461000", "incomeBeforeTax": "329231000", "incomeTaxExpense": "32969000", "interestAndDebtExpense": "None", "netIncomeFromContinuingOperations": "296262000", "comprehensiveIncomeNetOfTax": "None", "ebit": "360129000", "ebitda": "440590000", "netIncome": "296262000"}, {"fiscalDateEnding": "2023-09-30", "reportedCurrency": "USD", "grossProfit": "793015000", "totalRevenue": "2153268000", "costOfRevenue": "1360253000", "costofGoodsAndServicesSold": "1360253000", "operatingIncome": "372770000", "sellingGeneralAndAdministrative": "420245000", "researchAndDevelopment": "38200000", "operatingExpenses": "420245000", "investmentIncomeNet": "None", "netInterestIncome": "-28581000", "interestIncome": "3808000", "interestExpense": "32389000", "nonInterestIncome": "None", "otherNonOperatingIncome": "None", "depreciation": "None", "depreciationAndAmortization": "80315000", "incomeBeforeTax": "354462000", "incomeTaxExpense": "64709000", "interestAndDebtExpense": "None", "netIncomeFromContinuingOperations": "289753000", "comprehensiveIncomeNetOfTax": "None", "ebit": "386851000", "ebitda": "467166000", "netIncome": "289753000"}, {"fiscalDateEnding": "2023-06-30", "reportedCurrency": "USD", "grossProfit": "758836000", "totalRevenue": "2100086000", "costOfRevenue": "1341250000", "costofGoodsAndServicesSold": "1341250000", "operatingIncome": "324496000", "sellingGeneralAndAdministrative": "434340000", "researchAndDevelopment": "39300000", "operatingExpenses": "434340000", "investmentIncomeNet": "None", "netInterestIncome": "-31151000", "interestIncome": "2653000", "interestExpense": "33804000", "nonInterestIncome": "None", "otherNonOperatingIncome": "9331000", "depreciation": "None", "depreciationAndAmortization": "78791000", "incomeBeforeTax": "300023000", "incomeTaxExpense": "57784000", "interestAndDebtExpense": "None", "netIncomeFromContinuingOperations": "242239000", "comprehensiveIncomeNetOfTax": "None", "ebit": "333827000", "ebitda": "412618000", "netIncome": "242239000"}, {"fiscalDateEnding": "2023-03-31", "reportedCurrency": "USD", "grossProfit": "747019000", "totalRevenue": "2079023000", "costOfRevenue": "1332004000", "costofGoodsAndServicesSold": "1332004000", "operatingIncome": "242608000", "sellingGeneralAndAdministrative": "432414000", "researchAndDevelopment": "38000000", "operatingExpenses": "432414000", "investmentIncomeNet": "None", "netInterestIncome": "-32123000", "interestIncome": "2091000", "interestExpense": "34214000", "nonInterestIncome": "None", "otherNonOperatingIncome": "5899000", "depreciation": "None", "depreciationAndAmortization": "77896000", "incomeBeforeTax": "286290000", "incomeTaxExpense": "57716000", "interestAndDebtExpense": "None", "netIncomeFromContinuingOperations": "228574000", "comprehensiveIncomeNetOfTax": "None", "ebit": "320504000", "ebitda": "398400000", "netIncome": "228574000"}, {"fiscalDateEnding": "2022-12-31", "reportedCurrency": "USD", "grossProfit": "766329000", "totalRevenue": "2139181000", "costOfRevenue": "1372852000", "costofGoodsAndServicesSold": "1372852000", "operatingIncome": "279809000", "sellingGeneralAndAdministrative": "387706000", "researchAndDevelopment": "40000000", "operatingExpenses": "413611000", "investmentIncomeNet": "None", "netInterestIncome": "-31664000", "interestIncome": "31664000", "interestExpense": "33126000", "nonInterestIncome": "None", "otherNonOperatingIncome": "3821000", "depreciation": "None", "depreciationAndAmortization": "76730000", "incomeBeforeTax": "323413000", "incomeTaxExpense": "59834000", "interestAndDebtExpense": "None", "netIncomeFromContinuingOperations": "263579000", "comprehensiveIncomeNetOfTax": "None", "ebit": "356539000", "ebitda": "433269000", "netIncome": "263579000"}, {"fiscalDateEnding": "2022-09-30", "reportedCurrency": "USD", "grossProfit": "772750000", "totalRevenue": "2158291000", "costOfRevenue": "1385541000", "costofGoodsAndServicesSold": "1385541000", "operatingIncome": "370411000", "sellingGeneralAndAdministrative": "402339000", "researchAndDevelopment": "44000000", "operatingExpenses": "402339000", "investmentIncomeNet": "None", "netInterestIncome": "-28545000", "interestIncome": "1244000", "interestExpense": "29789000", "nonInterestIncome": "None", "otherNonOperatingIncome": "12411000", "depreciation": "None", "depreciationAndAmortization": "76514000", "incomeBeforeTax": "353033000", "incomeTaxExpense": "67007000", "interestAndDebtExpense": "None", "netIncomeFromContinuingOperations": "286026000", "comprehensiveIncomeNetOfTax": "None", "ebit": "382822000", "ebitda": "459336000", "netIncome": "286026000"}, {"fiscalDateEnding": "2022-06-30", "reportedCurrency": "USD", "grossProfit": "781283000", "totalRevenue": "2158715000", "costOfRevenue": "1377432000", "costofGoodsAndServicesSold": "1377432000", "operatingIncome": "356850000", "sellingGeneralAndAdministrative": "424433000", "researchAndDevelopment": "41200000", "operatingExpenses": "424433000", "investmentIncomeNet": "None", "netInterestIncome": "-26040000", "interestIncome": "949000", "interestExpense": "26989000", "nonInterestIncome": "None", "otherNonOperatingIncome": "5495000", "depreciation": "None", "depreciationAndAmortization": "75291000", "incomeBeforeTax": "335356000", "incomeTaxExpense": "45738000", "interestAndDebtExpense": "None", "netIncomeFromContinuingOperations": "289618000", "comprehensiveIncomeNetOfTax": "None", "ebit": "362345000", "ebitda": "437636000", "netIncome": "289618000"}, {"fiscalDateEnding": "2022-03-31", "reportedCurrency": "USD", "grossProfit": "743194000", "totalRevenue": "2051901000", "costOfRevenue": "1308707000", "costofGoodsAndServicesSold": "1308707000", "operatingIncome": "223252000", "sellingGeneralAndAdministrative": "443843000", "researchAndDevelopment": "40700000", "operatingExpenses": "443843000", "investmentIncomeNet": "None", "netInterestIncome": "-25777000", "interestIncome": "775000", "interestExpense": "26552000", "nonInterestIncome": "None", "otherNonOperatingIncome": "2904000", "depreciation": "None", "depreciationAndAmortization": "79003000", "incomeBeforeTax": "275703000", "incomeTaxExpense": "49550000", "interestAndDebtExpense": "None", "netIncomeFromContinuingOperations": "226153000", "comprehensiveIncomeNetOfTax": "None", "ebit": "302255000", "ebitda": "381258000", "netIncome": "226153000"}, {"fiscalDateEnding": "2021-12-31", "reportedCurrency": "USD", "grossProfit": "721487000", "totalRevenue": "1989235000", "costOfRevenue": "1267748000", "costofGoodsAndServicesSold": "1267748000", "operatingIncome": "282802000", "sellingGeneralAndAdministrative": "415000000", "researchAndDevelopment": "41026000", "operatingExpenses": "438685000", "investmentIncomeNet": "None", "netInterestIncome": "-25049000", "interestIncome": "25049000", "interestExpense": "26402000", "nonInterestIncome": "None", "otherNonOperatingIncome": "204313000", "depreciation": "None", "depreciationAndAmortization": "71887000", "incomeBeforeTax": "460713000", "incomeTaxExpense": "97928000", "interestAndDebtExpense": "None", "netIncomeFromContinuingOperations": "362785000", "comprehensiveIncomeNetOfTax": "None", "ebit": "487115000", "ebitda": "559002000", "netIncome": "362785000"}, {"fiscalDateEnding": "2021-09-30", "reportedCurrency": "USD", "grossProfit": "754579000", "totalRevenue": "2018269000", "costOfRevenue": "1263690000", "costofGoodsAndServicesSold": "1263690000", "operatingIncome": "342026000", "sellingGeneralAndAdministrative": "412553000", "researchAndDevelopment": "34400000", "operatingExpenses": "412553000", "investmentIncomeNet": "None", "netInterestIncome": "-24967000", "interestIncome": "1466000", "interestExpense": "26433000", "nonInterestIncome": "None", "otherNonOperatingIncome": "11926000", "depreciation": "None", "depreciationAndAmortization": "72911000", "incomeBeforeTax": "327519000", "incomeTaxExpense": "63763000", "interestAndDebtExpense": "None", "netIncomeFromContinuingOperations": "263756000", "comprehensiveIncomeNetOfTax": "None", "ebit": "353952000", "ebitda": "426863000", "netIncome": "263756000"}, {"fiscalDateEnding": "2021-06-30", "reportedCurrency": "USD", "grossProfit": "772172000", "totalRevenue": "2031676000", "costOfRevenue": "1259504000", "costofGoodsAndServicesSold": "1259504000", "operatingIncome": "344130000", "sellingGeneralAndAdministrative": "428042000", "researchAndDevelopment": "41200000", "operatingExpenses": "428042000", "investmentIncomeNet": "None", "netInterestIncome": "-25719000", "interestIncome": "942000", "interestExpense": "26661000", "nonInterestIncome": "None", "otherNonOperatingIncome": "5875000", "depreciation": "None", "depreciationAndAmortization": "71519000", "incomeBeforeTax": "323344000", "incomeTaxExpense": "58836000", "interestAndDebtExpense": "None", "netIncomeFromContinuingOperations": "264508000", "comprehensiveIncomeNetOfTax": "None", "ebit": "350005000", "ebitda": "421524000", "netIncome": "264508000"}, {"fiscalDateEnding": "2021-03-31", "reportedCurrency": "USD", "grossProfit": "721548000", "totalRevenue": "1867901000", "costOfRevenue": "1146353000", "costofGoodsAndServicesSold": "1146353000", "operatingIncome": "312550000", "sellingGeneralAndAdministrative": "408998000", "researchAndDevelopment": "41200000", "operatingExpenses": "408998000", "investmentIncomeNet": "None", "netInterestIncome": "-26143000", "interestIncome": "26143000", "interestExpense": "26823000", "nonInterestIncome": "None", "otherNonOperatingIncome": "3523000", "depreciation": "None", "depreciationAndAmortization": "73806000", "incomeBeforeTax": "289250000", "incomeTaxExpense": "56481000", "interestAndDebtExpense": "None", "netIncomeFromContinuingOperations": "345731000", "comprehensiveIncomeNetOfTax": "None", "ebit": "316073000", "ebitda": "389879000", "netIncome": "232769000"}, {"fiscalDateEnding": "2020-12-31", "reportedCurrency": "USD", "grossProfit": "651449000", "totalRevenue": "1780390000", "costOfRevenue": "1128941000", "costofGoodsAndServicesSold": "1128941000", "operatingIncome": "245929000", "sellingGeneralAndAdministrative": "386941000", "researchAndDevelopment": "35401000", "operatingExpenses": "405520000", "investmentIncomeNet": "None", "netInterestIncome": "-27534000", "interestIncome": "700000", "interestExpense": "28234000", "nonInterestIncome": "None", "otherNonOperatingIncome": "2713000", "depreciation": "None", "depreciationAndAmortization": "73207000", "incomeBeforeTax": "220408000", "incomeTaxExpense": "38302000", "interestAndDebtExpense": "None", "netIncomeFromContinuingOperations": "16586000", "comprehensiveIncomeNetOfTax": "None", "ebit": "248642000", "ebitda": "321849000", "netIncome": "182106000"}, {"fiscalDateEnding": "2020-09-30", "reportedCurrency": "USD", "grossProfit": "658729000", "totalRevenue": "1748256000", "costOfRevenue": "1089527000", "costofGoodsAndServicesSold": "1089527000", "operatingIncome": "276898000", "sellingGeneralAndAdministrative": "381831000", "researchAndDevelopment": "36400000", "operatingExpenses": "381831000", "investmentIncomeNet": "None", "netInterestIncome": "-26764000", "interestIncome": "26764000", "interestExpense": "27724000", "nonInterestIncome": "None", "otherNonOperatingIncome": "1823000", "depreciation": "None", "depreciationAndAmortization": "69489000", "incomeBeforeTax": "250997000", "incomeTaxExpense": "50697000", "interestAndDebtExpense": "None", "netIncomeFromContinuingOperations": "301694000", "comprehensiveIncomeNetOfTax": "None", "ebit": "278721000", "ebitda": "348210000", "netIncome": "200300000"}, {"fiscalDateEnding": "2020-06-30", "reportedCurrency": "USD", "grossProfit": "551598000", "totalRevenue": "1499175000", "costOfRevenue": "947577000", "costofGoodsAndServicesSold": "947577000", "operatingIncome": "184858000", "sellingGeneralAndAdministrative": "366740000", "researchAndDevelopment": "34800000", "operatingExpenses": "366740000", "investmentIncomeNet": "None", "netInterestIncome": "-27983000", "interestIncome": "728000", "interestExpense": "28711000", "nonInterestIncome": "None", "otherNonOperatingIncome": "682000", "depreciation": "None", "depreciationAndAmortization": "67603000", "incomeBeforeTax": "156829000", "incomeTaxExpense": "32063000", "interestAndDebtExpense": "None", "netIncomeFromContinuingOperations": "188892000", "comprehensiveIncomeNetOfTax": "None", "ebit": "185540000", "ebitda": "253143000", "netIncome": "124766000"}, {"fiscalDateEnding": "2020-03-31", "reportedCurrency": "USD", "grossProfit": "612243000", "totalRevenue": "1655939000", "costOfRevenue": "1043696000", "costofGoodsAndServicesSold": "1043696000", "operatingIncome": "225302000", "sellingGeneralAndAdministrative": "386941000", "researchAndDevelopment": "35500000", "operatingExpenses": "386941000", "investmentIncomeNet": "None", "netInterestIncome": "-26085000", "interestIncome": "1183000", "interestExpense": "27268000", "nonInterestIncome": "None", "otherNonOperatingIncome": "15466000", "depreciation": "None", "depreciationAndAmortization": "68752000", "incomeBeforeTax": "213500000", "incomeTaxExpense": "37221000", "interestAndDebtExpense": "None", "netIncomeFromContinuingOperations": "176279000", "comprehensiveIncomeNetOfTax": "None", "ebit": "240768000", "ebitda": "309520000", "netIncome": "176279000"}, {"fiscalDateEnding": "2019-12-31", "reportedCurrency": "USD", "grossProfit": "651315000", "totalRevenue": "1775589000", "costOfRevenue": "1124274000", "costofGoodsAndServicesSold": "1124274000", "operatingIncome": "248092000", "sellingGeneralAndAdministrative": "403223000", "researchAndDevelopment": "38957000", "operatingExpenses": "403223000", "investmentIncomeNet": "None", "netInterestIncome": "-29418000", "interestIncome": "1428000", "interestExpense": "30846000", "nonInterestIncome": "None", "otherNonOperatingIncome": "3319000", "depreciation": "None", "depreciationAndAmortization": "69993000", "incomeBeforeTax": "197022000", "incomeTaxExpense": "28900000", "interestAndDebtExpense": "None", "netIncomeFromContinuingOperations": "168122000", "comprehensiveIncomeNetOfTax": "None", "ebit": "227868000", "ebitda": "297861000", "netIncome": "168122000"}, {"fiscalDateEnding": "2019-09-30", "reportedCurrency": "USD", "grossProfit": "673488000", "totalRevenue": "1825345000", "costOfRevenue": "1151857000", "costofGoodsAndServicesSold": "1151857000", "operatingIncome": "282713000", "sellingGeneralAndAdministrative": "390775000", "researchAndDevelopment": "32100000", "operatingExpenses": "390775000", "investmentIncomeNet": "None", "netInterestIncome": "-30147000", "interestIncome": "1263000", "interestExpense": "31410000", "nonInterestIncome": "None", "otherNonOperatingIncome": "6627000", "depreciation": "None", "depreciationAndAmortization": "66787000", "incomeBeforeTax": "257930000", "incomeTaxExpense": "51924000", "interestAndDebtExpense": "None", "netIncomeFromContinuingOperations": "206006000", "comprehensiveIncomeNetOfTax": "None", "ebit": "289340000", "ebitda": "356127000", "netIncome": "206006000"}, {"fiscalDateEnding": "2019-06-30", "reportedCurrency": "USD", "grossProfit": "672593000", "totalRevenue": "1810706000", "costOfRevenue": "1138113000", "costofGoodsAndServicesSold": "1138113000", "operatingIncome": "275959000", "sellingGeneralAndAdministrative": "396634000", "researchAndDevelopment": "35200000", "operatingExpenses": "396634000", "investmentIncomeNet": "None", "netInterestIncome": "-30809000", "interestIncome": "945000", "interestExpense": "31754000", "nonInterestIncome": "None", "otherNonOperatingIncome": "5534000", "depreciation": "None", "depreciationAndAmortization": "67769000", "incomeBeforeTax": "249739000", "incomeTaxExpense": "51654000", "interestAndDebtExpense": "None", "netIncomeFromContinuingOperations": "198085000", "comprehensiveIncomeNetOfTax": "None", "ebit": "281493000", "ebitda": "349262000", "netIncome": "198085000"}, {"fiscalDateEnding": "2019-03-31", "reportedCurrency": "USD", "grossProfit": "623542000", "totalRevenue": "1724757000", "costOfRevenue": "1101215000", "costofGoodsAndServicesSold": "1101215000", "operatingIncome": "168130000", "sellingGeneralAndAdministrative": "408466000", "researchAndDevelopment": "34600000", "operatingExpenses": "408466000", "investmentIncomeNet": "None", "netInterestIncome": "-30918000", "interestIncome": "890000", "interestExpense": "31808000", "nonInterestIncome": "None", "otherNonOperatingIncome": "1996000", "depreciation": "None", "depreciationAndAmortization": "67738000", "incomeBeforeTax": "138318000", "incomeTaxExpense": "32613000", "interestAndDebtExpense": "None", "netIncomeFromContinuingOperations": "105705000", "comprehensiveIncomeNetOfTax": "None", "ebit": "170126000", "ebitda": "237864000", "netIncome": "105705000"}, {"fiscalDateEnding": "2018-12-31", "reportedCurrency": "USD", "grossProfit": "644971000", "totalRevenue": "1808950000", "costOfRevenue": "1163979000", "costofGoodsAndServicesSold": "1163979000", "operatingIncome": "218773000", "sellingGeneralAndAdministrative": "426198000", "researchAndDevelopment": "36933000", "operatingExpenses": "426198000", "investmentIncomeNet": "None", "netInterestIncome": "None", "interestIncome": "None", "interestExpense": "32015000", "nonInterestIncome": "None", "otherNonOperatingIncome": "232000", "depreciation": "None", "depreciationAndAmortization": "76562000", "incomeBeforeTax": "186675000", "incomeTaxExpense": "28700000", "interestAndDebtExpense": "None", "netIncomeFromContinuingOperations": "-84079000", "comprehensiveIncomeNetOfTax": "None", "ebit": "218690000", "ebitda": "295252000", "netIncome": "141569000"}, {"fiscalDateEnding": "2018-09-30", "reportedCurrency": "USD", "grossProfit": "646520000", "totalRevenue": "1747403000", "costOfRevenue": "1100883000", "costofGoodsAndServicesSold": "1100883000", "operatingIncome": "-220075000", "sellingGeneralAndAdministrative": "426445000", "researchAndDevelopment": "34800000", "operatingExpenses": "426445000", "investmentIncomeNet": "None", "netInterestIncome": "None", "interestIncome": "None", "interestExpense": "31192000", "nonInterestIncome": "None", "otherNonOperatingIncome": "4133000", "depreciation": "None", "depreciationAndAmortization": "68090000", "incomeBeforeTax": "193016000", "incomeTaxExpense": "35711000", "interestAndDebtExpense": "None", "netIncomeFromContinuingOperations": "228727000", "comprehensiveIncomeNetOfTax": "None", "ebit": "224208000", "ebitda": "292298000", "netIncome": "157305000"}, {"fiscalDateEnding": "2018-06-30", "reportedCurrency": "USD", "grossProfit": "665236000", "totalRevenue": "1798094000", "costOfRevenue": "1132858000", "costofGoodsAndServicesSold": "1132858000", "operatingIncome": "236461000", "sellingGeneralAndAdministrative": "428775000", "researchAndDevelopment": "35400000", "operatingExpenses": "428775000", "investmentIncomeNet": "None", "netInterestIncome": "None", "interestIncome": "None", "interestExpense": "32125000", "nonInterestIncome": "None", "otherNonOperatingIncome": "7101000", "depreciation": "None", "depreciationAndAmortization": "39905000", "incomeBeforeTax": "211437000", "incomeTaxExpense": "44981000", "interestAndDebtExpense": "None", "netIncomeFromContinuingOperations": "256418000", "comprehensiveIncomeNetOfTax": "None", "ebit": "272577000", "ebitda": "312482000", "netIncome": "139959000"}, {"fiscalDateEnding": "2018-03-31", "reportedCurrency": "USD", "grossProfit": "708941000", "totalRevenue": "1921579000", "costOfRevenue": "1212638000", "costofGoodsAndServicesSold": "1212638000", "operatingIncome": "194792000", "sellingGeneralAndAdministrative": "514149000", "researchAndDevelopment": "35800000", "operatingExpenses": "514149000", "investmentIncomeNet": "None", "netInterestIncome": "None", "interestIncome": "None", "interestExpense": "35807000", "nonInterestIncome": "None", "otherNonOperatingIncome": "1772000", "depreciation": "None", "depreciationAndAmortization": "98023000", "incomeBeforeTax": "160757000", "incomeTaxExpense": "29322000", "interestAndDebtExpense": "None", "netIncomeFromContinuingOperations": "190079000", "comprehensiveIncomeNetOfTax": "None", "ebit": "196564000", "ebitda": "294587000", "netIncome": "131435000"}, {"fiscalDateEnding": "2017-12-31", "reportedCurrency": "USD", "grossProfit": "735424000", "totalRevenue": "2017438000", "costOfRevenue": "1282014000", "costofGoodsAndServicesSold": "1282014000", "operatingIncome": "199344000", "sellingGeneralAndAdministrative": "536080000", "researchAndDevelopment": "130536000", "operatingExpenses": "536080000", "investmentIncomeNet": "None", "netInterestIncome": "None", "interestIncome": "None", "interestExpense": "36414000", "nonInterestIncome": "None", "otherNonOperatingIncome": "110722000", "depreciation": "None", "depreciationAndAmortization": "100360000", "incomeBeforeTax": "273652000", "incomeTaxExpense": "-22796000", "interestAndDebtExpense": "None", "netIncomeFromContinuingOperations": "-73500000", "comprehensiveIncomeNetOfTax": "None", "ebit": "310066000", "ebitda": "410426000", "netIncome": "296448000"}, {"fiscalDateEnding": "2017-09-30", "reportedCurrency": "USD", "grossProfit": "744333000", "totalRevenue": "2006275000", "costOfRevenue": "1261942000", "costofGoodsAndServicesSold": "1261942000", "operatingIncome": "273817000", "sellingGeneralAndAdministrative": "470516000", "researchAndDevelopment": "0", "operatingExpenses": "470516000", "investmentIncomeNet": "None", "netInterestIncome": "None", "interestIncome": "None", "interestExpense": "35453000", "nonInterestIncome": "None", "otherNonOperatingIncome": "-936000", "depreciation": "None", "depreciationAndAmortization": "100864000", "incomeBeforeTax": "237428000", "incomeTaxExpense": "58516000", "interestAndDebtExpense": "None", "netIncomeFromContinuingOperations": "295944000", "comprehensiveIncomeNetOfTax": "None", "ebit": "272881000", "ebitda": "373745000", "netIncome": "178912000"}, {"fiscalDateEnding": "2017-06-30", "reportedCurrency": "USD", "grossProfit": "749446000", "totalRevenue": "1993351000", "costOfRevenue": "1243905000", "costofGoodsAndServicesSold": "1243905000", "operatingIncome": "265400000", "sellingGeneralAndAdministrative": "484046000", "researchAndDevelopment": "0", "operatingExpenses": "484046000", "investmentIncomeNet": "None", "netInterestIncome": "None", "interestIncome": "None", "interestExpense": "36932000", "nonInterestIncome": "None", "otherNonOperatingIncome": "2323000", "depreciation": "None", "depreciationAndAmortization": "97418000", "incomeBeforeTax": "230791000", "incomeTaxExpense": "66733000", "interestAndDebtExpense": "None", "netIncomeFromContinuingOperations": "297524000", "comprehensiveIncomeNetOfTax": "None", "ebit": "267723000", "ebitda": "365141000", "netIncome": "164058000"}, {"fiscalDateEnding": "2017-03-31", "reportedCurrency": "USD", "grossProfit": "661174000", "totalRevenue": "1813372000", "costOfRevenue": "1152198000", "costofGoodsAndServicesSold": "1152198000", "operatingIncome": "175884000", "sellingGeneralAndAdministrative": "485290000", "researchAndDevelopment": "0", "operatingExpenses": "485290000", "investmentIncomeNet": "None", "netInterestIncome": "None", "interestIncome": "None", "interestExpense": "36409000", "nonInterestIncome": "None", "otherNonOperatingIncome": "92497000", "depreciation": "None", "depreciationAndAmortization": "95598000", "incomeBeforeTax": "231972000", "incomeTaxExpense": "59725000", "interestAndDebtExpense": "None", "netIncomeFromContinuingOperations": "291697000", "comprehensiveIncomeNetOfTax": "None", "ebit": "268381000", "ebitda": "363979000", "netIncome": "172247000"}, {"fiscalDateEnding": "2016-12-31", "reportedCurrency": "USD", "grossProfit": "619704000", "totalRevenue": "1777961000", "costOfRevenue": "1158257000", "costofGoodsAndServicesSold": "1158257000", "operatingIncome": "164082000", "sellingGeneralAndAdministrative": "455622000", "researchAndDevelopment": "104479000", "operatingExpenses": "455622000", "investmentIncomeNet": "None", "netInterestIncome": "None", "interestIncome": "None", "interestExpense": "35515000", "nonInterestIncome": "None", "otherNonOperatingIncome": "None", "depreciation": "None", "depreciationAndAmortization": "97318000", "incomeBeforeTax": "216033000", "incomeTaxExpense": "54871000", "interestAndDebtExpense": "None", "netIncomeFromContinuingOperations": "608624000", "comprehensiveIncomeNetOfTax": "None", "ebit": "251548000", "ebitda": "348866000", "netIncome": "161162000"}, {"fiscalDateEnding": "2016-09-30", "reportedCurrency": "USD", "grossProfit": "631788000", "totalRevenue": "1707763000", "costOfRevenue": "1075975000", "costofGoodsAndServicesSold": "1075975000", "operatingIncome": "210746000", "sellingGeneralAndAdministrative": "421042000", "researchAndDevelopment": "0", "operatingExpenses": "421042000", "investmentIncomeNet": "None", "netInterestIncome": "None", "interestIncome": "None", "interestExpense": "33789000", "nonInterestIncome": "None", "otherNonOperatingIncome": "3424000", "depreciation": "None", "depreciationAndAmortization": "86723000", "incomeBeforeTax": "181176000", "incomeTaxExpense": "51092000", "interestAndDebtExpense": "None", "netIncomeFromContinuingOperations": "130084000", "comprehensiveIncomeNetOfTax": "None", "ebit": "214965000", "ebitda": "301688000", "netIncome": "130084000"}, {"fiscalDateEnding": "2016-06-30", "reportedCurrency": "USD", "grossProfit": "631213000", "totalRevenue": "1686345000", "costOfRevenue": "1055132000", "costofGoodsAndServicesSold": "1055132000", "operatingIncome": "193802000", "sellingGeneralAndAdministrative": "437411000", "researchAndDevelopment": "0", "operatingExpenses": "437411000", "investmentIncomeNet": "None", "netInterestIncome": "None", "interestIncome": "None", "interestExpense": "33779000", "nonInterestIncome": "None", "otherNonOperatingIncome": "2854000", "depreciation": "None", "depreciationAndAmortization": "88094000", "incomeBeforeTax": "164499000", "incomeTaxExpense": "46209000", "interestAndDebtExpense": "None", "netIncomeFromContinuingOperations": "118290000", "comprehensiveIncomeNetOfTax": "None", "ebit": "198278000", "ebitda": "286372000", "netIncome": "118290000"}, {"fiscalDateEnding": "2016-03-31", "reportedCurrency": "USD", "grossProfit": "589264000", "totalRevenue": "1622273000", "costOfRevenue": "1033009000", "costofGoodsAndServicesSold": "1033009000", "operatingIncome": "145816000", "sellingGeneralAndAdministrative": "443448000", "researchAndDevelopment": "0", "operatingExpenses": "443448000", "investmentIncomeNet": "None", "netInterestIncome": "None", "interestIncome": "None", "interestExpense": "33318000", "nonInterestIncome": "None", "otherNonOperatingIncome": "13522000", "depreciation": "None", "depreciationAndAmortization": "88604000", "incomeBeforeTax": "127624000", "incomeTaxExpense": "28268000", "interestAndDebtExpense": "None", "netIncomeFromContinuingOperations": "99356000", "comprehensiveIncomeNetOfTax": "None", "ebit": "160942000", "ebitda": "249546000", "netIncome": "99356000"}, {"fiscalDateEnding": "2015-12-31", "reportedCurrency": "USD", "grossProfit": "613809000", "totalRevenue": "1694600000", "costOfRevenue": "1080791000", "costofGoodsAndServicesSold": "1080791000", "operatingIncome": "199444000", "sellingGeneralAndAdministrative": "414365000", "researchAndDevelopment": "115037000", "operatingExpenses": "414365000", "investmentIncomeNet": "None", "netInterestIncome": "None", "interestIncome": "None", "interestExpense": "32520000", "nonInterestIncome": "None", "otherNonOperatingIncome": "1295000", "depreciation": "None", "depreciationAndAmortization": "91706000", "incomeBeforeTax": "169490000", "incomeTaxExpense": "32916000", "interestAndDebtExpense": "None", "netIncomeFromContinuingOperations": "136574000", "comprehensiveIncomeNetOfTax": "None", "ebit": "202010000", "ebitda": "293716000", "netIncome": "141825000"}, {"fiscalDateEnding": "2015-09-30", "reportedCurrency": "USD", "grossProfit": "672608000", "totalRevenue": "1787582000", "costOfRevenue": "1114974000", "costofGoodsAndServicesSold": "1114974000", "operatingIncome": "276920000", "sellingGeneralAndAdministrative": "395688000", "researchAndDevelopment": "0", "operatingExpenses": "395688000", "investmentIncomeNet": "None", "netInterestIncome": "None", "interestIncome": "None", "interestExpense": "33098000", "nonInterestIncome": "None", "otherNonOperatingIncome": "367000", "depreciation": "None", "depreciationAndAmortization": "77174000", "incomeBeforeTax": "245304000", "incomeTaxExpense": "58821000", "interestAndDebtExpense": "None", "netIncomeFromContinuingOperations": "186483000", "comprehensiveIncomeNetOfTax": "None", "ebit": "278402000", "ebitda": "355576000", "netIncome": "186098000"}, {"fiscalDateEnding": "2015-06-30", "reportedCurrency": "USD", "grossProfit": "654568000", "totalRevenue": "1758628000", "costOfRevenue": "1104060000", "costofGoodsAndServicesSold": "1104060000", "operatingIncome": "251873000", "sellingGeneralAndAdministrative": "402695000", "researchAndDevelopment": "0", "operatingExpenses": "402695000", "investmentIncomeNet": "None", "netInterestIncome": "None", "interestIncome": "None", "interestExpense": "33053000", "nonInterestIncome": "None", "otherNonOperatingIncome": "1256000", "depreciation": "None", "depreciationAndAmortization": "78027000", "incomeBeforeTax": "221141000", "incomeTaxExpense": "65507000", "interestAndDebtExpense": "None", "netIncomeFromContinuingOperations": "155634000", "comprehensiveIncomeNetOfTax": "None", "ebit": "254194000", "ebitda": "332221000", "netIncome": "332396000"}, {"fiscalDateEnding": "2015-03-31", "reportedCurrency": "USD", "grossProfit": "627159000", "totalRevenue": "1715501000", "costOfRevenue": "1088342000", "costofGoodsAndServicesSold": "1088342000", "operatingIncome": "192525000", "sellingGeneralAndAdministrative": "434634000", "researchAndDevelopment": "0", "operatingExpenses": "434634000", "investmentIncomeNet": "None", "netInterestIncome": "None", "interestIncome": "None", "interestExpense": "33005000", "nonInterestIncome": "None", "otherNonOperatingIncome": "4187000", "depreciation": "None", "depreciationAndAmortization": "80182000", "incomeBeforeTax": "164675000", "incomeTaxExpense": "47485000", "interestAndDebtExpense": "None", "netIncomeFromContinuingOperations": "117190000", "comprehensiveIncomeNetOfTax": "None", "ebit": "197680000", "ebitda": "277862000", "netIncome": "209510000"}, {"fiscalDateEnding": "2014-12-31", "reportedCurrency": "USD", "grossProfit": "723868000", "totalRevenue": "1977947000", "costOfRevenue": "1254079000", "costofGoodsAndServicesSold": "1254079000", "operatingIncome": "263491000", "sellingGeneralAndAdministrative": "407659000", "researchAndDevelopment": "118411000", "operatingExpenses": "460377000", "investmentIncomeNet": "None", "netInterestIncome": "None", "interestIncome": "None", "interestExpense": "32539000", "nonInterestIncome": "None", "otherNonOperatingIncome": "None", "depreciation": "None", "depreciationAndAmortization": "72046000", "incomeBeforeTax": "230987000", "incomeTaxExpense": "59152000", "interestAndDebtExpense": "None", "netIncomeFromContinuingOperations": "778140000", "comprehensiveIncomeNetOfTax": "None", "ebit": "232766000", "ebitda": "304812000", "netIncome": "169294000"}, {"fiscalDateEnding": "2014-09-30", "reportedCurrency": "USD", "grossProfit": "801842000", "totalRevenue": "2092467000", "costOfRevenue": "1290625000", "costofGoodsAndServicesSold": "1290625000", "operatingIncome": "359133000", "sellingGeneralAndAdministrative": "442709000", "researchAndDevelopment": "0", "operatingExpenses": "442709000", "investmentIncomeNet": "None", "netInterestIncome": "None", "interestIncome": "None", "interestExpense": "32509000", "nonInterestIncome": "None", "otherNonOperatingIncome": "803000", "depreciation": "None", "depreciationAndAmortization": "77550000", "incomeBeforeTax": "328697000", "incomeTaxExpense": "95872000", "interestAndDebtExpense": "None", "netIncomeFromContinuingOperations": "232825000", "comprehensiveIncomeNetOfTax": "None", "ebit": "347495000", "ebitda": "425045000", "netIncome": "231844000"}, {"fiscalDateEnding": "2014-06-30", "reportedCurrency": "USD", "grossProfit": "796417000", "totalRevenue": "2047738000", "costOfRevenue": "1251321000", "costofGoodsAndServicesSold": "1251321000", "operatingIncome": "340302000", "sellingGeneralAndAdministrative": "456115000", "researchAndDevelopment": "0", "operatingExpenses": "456115000", "investmentIncomeNet": "None", "netInterestIncome": "None", "interestIncome": "None", "interestExpense": "32940000", "nonInterestIncome": "None", "otherNonOperatingIncome": "None", "depreciation": "None", "depreciationAndAmortization": "78593000", "incomeBeforeTax": "314377000", "incomeTaxExpense": "96934000", "interestAndDebtExpense": "None", "netIncomeFromContinuingOperations": "0", "comprehensiveIncomeNetOfTax": "None", "ebit": "333435000", "ebitda": "412028000", "netIncome": "213959000"}, {"fiscalDateEnding": "2014-03-31", "reportedCurrency": "USD", "grossProfit": "736209000", "totalRevenue": "1884647000", "costOfRevenue": "1148438000", "costofGoodsAndServicesSold": "1148438000", "operatingIncome": "283927000", "sellingGeneralAndAdministrative": "452282000", "researchAndDevelopment": "0", "operatingExpenses": "452282000", "investmentIncomeNet": "None", "netInterestIncome": "None", "interestIncome": "None", "interestExpense": "33701000", "nonInterestIncome": "None", "otherNonOperatingIncome": "-356000", "depreciation": "None", "depreciationAndAmortization": "78999000", "incomeBeforeTax": "250906000", "incomeTaxExpense": "74582000", "interestAndDebtExpense": "None", "netIncomeFromContinuingOperations": "176324000", "comprehensiveIncomeNetOfTax": "None", "ebit": "272175000", "ebitda": "351174000", "netIncome": "160138000"}, {"fiscalDateEnding": "2013-12-31", "reportedCurrency": "USD", "grossProfit": "830557000", "totalRevenue": "2209128000", "costOfRevenue": "1378571000", "costofGoodsAndServicesSold": "1378571000", "operatingIncome": "317041000", "sellingGeneralAndAdministrative": "513516000", "researchAndDevelopment": "117178000", "operatingExpenses": "513516000", "investmentIncomeNet": "None", "netInterestIncome": "None", "interestIncome": "None", "interestExpense": "31730000", "nonInterestIncome": "None", "otherNonOperatingIncome": "3016000", "depreciation": "None", "depreciationAndAmortization": "108051000", "incomeBeforeTax": "290076000", "incomeTaxExpense": "79264000", "interestAndDebtExpense": "None", "netIncomeFromContinuingOperations": "210812000", "comprehensiveIncomeNetOfTax": "None", "ebit": "321806000", "ebitda": "429857000", "netIncome": "193963000"}, {"fiscalDateEnding": "2013-09-30", "reportedCurrency": "USD", "grossProfit": "876650000", "totalRevenue": "2252349000", "costOfRevenue": "1375699000", "costofGoodsAndServicesSold": "1375699000", "operatingIncome": "394366000", "sellingGeneralAndAdministrative": "482284000", "researchAndDevelopment": "0", "operatingExpenses": "482284000", "investmentIncomeNet": "None", "netInterestIncome": "None", "interestIncome": "None", "interestExpense": "31004000", "nonInterestIncome": "None", "otherNonOperatingIncome": "-970000", "depreciation": "None", "depreciationAndAmortization": "106494000", "incomeBeforeTax": "363159000", "incomeTaxExpense": "99507000", "interestAndDebtExpense": "None", "netIncomeFromContinuingOperations": "263652000", "comprehensiveIncomeNetOfTax": "None", "ebit": "314769000", "ebitda": "421263000", "netIncome": "269114000"}, {"fiscalDateEnding": "2013-06-30", "reportedCurrency": "USD", "grossProfit": "855952000", "totalRevenue": "2228763000", "costOfRevenue": "1372811000", "costofGoodsAndServicesSold": "1372811000", "operatingIncome": "350324000", "sellingGeneralAndAdministrative": "505628000", "researchAndDevelopment": "0", "operatingExpenses": "505628000", "investmentIncomeNet": "None", "netInterestIncome": "None", "interestIncome": "None", "interestExpense": "31041000", "nonInterestIncome": "None", "otherNonOperatingIncome": "-2543000", "depreciation": "None", "depreciationAndAmortization": "105232000", "incomeBeforeTax": "317501000", "incomeTaxExpense": "23149000", "interestAndDebtExpense": "None", "netIncomeFromContinuingOperations": "294352000", "comprehensiveIncomeNetOfTax": "None", "ebit": "285882000", "ebitda": "391114000", "netIncome": "330049000"}, {"fiscalDateEnding": "2013-03-31", "reportedCurrency": "USD", "grossProfit": "776622000", "totalRevenue": "2039573000", "costOfRevenue": "1262951000", "costofGoodsAndServicesSold": "1262951000", "operatingIncome": "292201000", "sellingGeneralAndAdministrative": "484421000", "researchAndDevelopment": "0", "operatingExpenses": "484421000", "investmentIncomeNet": "None", "netInterestIncome": "None", "interestIncome": "None", "interestExpense": "30872000", "nonInterestIncome": "None", "otherNonOperatingIncome": "4719000", "depreciation": "None", "depreciationAndAmortization": "101839000", "incomeBeforeTax": "266676000", "incomeTaxExpense": "69687000", "interestAndDebtExpense": "None", "netIncomeFromContinuingOperations": "196989000", "comprehensiveIncomeNetOfTax": "None", "ebit": "237521000", "ebitda": "339360000", "netIncome": "210003000"}, {"fiscalDateEnding": "2012-12-31", "reportedCurrency": "USD", "grossProfit": "773744000", "totalRevenue": "2013831000", "costOfRevenue": "1240087000", "costofGoodsAndServicesSold": "1240087000", "operatingIncome": "304076000", "sellingGeneralAndAdministrative": "390185000", "researchAndDevelopment": "189844000", "operatingExpenses": "469668000", "investmentIncomeNet": "None", "netInterestIncome": "None", "interestIncome": "None", "interestExpense": "31769000", "nonInterestIncome": "None", "otherNonOperatingIncome": "None", "depreciation": "None", "depreciationAndAmortization": "87771000", "incomeBeforeTax": "272271000", "incomeTaxExpense": "64047000", "interestAndDebtExpense": "None", "netIncomeFromContinuingOperations": "0", "comprehensiveIncomeNetOfTax": "None", "ebit": "272850000", "ebitda": "360621000", "netIncome": "159860000"}, {"fiscalDateEnding": "2012-09-30", "reportedCurrency": "USD", "grossProfit": "846930000", "totalRevenue": "2208699000", "costOfRevenue": "1361769000", "costofGoodsAndServicesSold": "1361769000", "operatingIncome": "370357000", "sellingGeneralAndAdministrative": "476573000", "researchAndDevelopment": "0", "operatingExpenses": "476573000", "investmentIncomeNet": "None", "netInterestIncome": "None", "interestIncome": "None", "interestExpense": "31103000", "nonInterestIncome": "None", "otherNonOperatingIncome": "None", "depreciation": "None", "depreciationAndAmortization": "93142000", "incomeBeforeTax": "336007000", "incomeTaxExpense": "93794000", "interestAndDebtExpense": "None", "netIncomeFromContinuingOperations": "0", "comprehensiveIncomeNetOfTax": "None", "ebit": "352363000", "ebitda": "445505000", "netIncome": "241046000"}, {"fiscalDateEnding": "2012-06-30", "reportedCurrency": "USD", "grossProfit": "817597000", "totalRevenue": "2156508000", "costOfRevenue": "1338911000", "costofGoodsAndServicesSold": "1338911000", "operatingIncome": "323547000", "sellingGeneralAndAdministrative": "494050000", "researchAndDevelopment": "0", "operatingExpenses": "494050000", "investmentIncomeNet": "None", "netInterestIncome": "None", "interestIncome": "None", "interestExpense": "29717000", "nonInterestIncome": "None", "otherNonOperatingIncome": "None", "depreciation": "None", "depreciationAndAmortization": "92487000", "incomeBeforeTax": "293688000", "incomeTaxExpense": "80786000", "interestAndDebtExpense": "None", "netIncomeFromContinuingOperations": "0", "comprehensiveIncomeNetOfTax": "None", "ebit": "309455000", "ebitda": "401942000", "netIncome": "214101000"}, {"fiscalDateEnding": "2012-03-31", "reportedCurrency": "USD", "grossProfit": "780324000", "totalRevenue": "2063364000", "costOfRevenue": "1283040000", "costofGoodsAndServicesSold": "1283040000", "operatingIncome": "299444000", "sellingGeneralAndAdministrative": "480880000", "researchAndDevelopment": "0", "operatingExpenses": "480880000", "investmentIncomeNet": "None", "netInterestIncome": "None", "interestIncome": "None", "interestExpense": "31645000", "nonInterestIncome": "None", "otherNonOperatingIncome": "None", "depreciation": "None", "depreciationAndAmortization": "84185000", "incomeBeforeTax": "266795000", "incomeTaxExpense": "69968000", "interestAndDebtExpense": "None", "netIncomeFromContinuingOperations": "0", "comprehensiveIncomeNetOfTax": "None", "ebit": "289038000", "ebitda": "373223000", "netIncome": "196063000"}, {"fiscalDateEnding": "2011-12-31", "reportedCurrency": "USD", "grossProfit": "715595000", "totalRevenue": "1827853000", "costOfRevenue": "1112258000", "costofGoodsAndServicesSold": "1112258000", "operatingIncome": "276184000", "sellingGeneralAndAdministrative": "439411000", "researchAndDevelopment": "196970000", "operatingExpenses": "439411000", "investmentIncomeNet": "None", "netInterestIncome": "None", "interestIncome": "None", "interestExpense": "30950000", "nonInterestIncome": "None", "otherNonOperatingIncome": "None", "depreciation": "None", "depreciationAndAmortization": "81091000", "incomeBeforeTax": "249849000", "incomeTaxExpense": "53480000", "interestAndDebtExpense": "None", "netIncomeFromContinuingOperations": "0", "comprehensiveIncomeNetOfTax": "None", "ebit": "280799000", "ebitda": "361890000", "netIncome": "278289000"}, {"fiscalDateEnding": "2011-09-30", "reportedCurrency": "USD", "grossProfit": "822051000", "totalRevenue": "2203388000", "costOfRevenue": "1381337000", "costofGoodsAndServicesSold": "1381337000", "operatingIncome": "337701000", "sellingGeneralAndAdministrative": "484350000", "researchAndDevelopment": "0", "operatingExpenses": "484350000", "investmentIncomeNet": "None", "netInterestIncome": "None", "interestIncome": "None", "interestExpense": "31747000", "nonInterestIncome": "None", "otherNonOperatingIncome": "-252000", "depreciation": "None", "depreciationAndAmortization": "73847000", "incomeBeforeTax": "307401000", "incomeTaxExpense": "78824000", "interestAndDebtExpense": "None", "netIncomeFromContinuingOperations": "228577000", "comprehensiveIncomeNetOfTax": "None", "ebit": "341661000", "ebitda": "415508000", "netIncome": "172280000"}, {"fiscalDateEnding": "2011-06-30", "reportedCurrency": "USD", "grossProfit": "815857000", "totalRevenue": "2156871000", "costOfRevenue": "1341014000", "costofGoodsAndServicesSold": "1341014000", "operatingIncome": "341727000", "sellingGeneralAndAdministrative": "474130000", "researchAndDevelopment": "0", "operatingExpenses": "474130000", "investmentIncomeNet": "None", "netInterestIncome": "None", "interestIncome": "None", "interestExpense": "31120000", "nonInterestIncome": "None", "otherNonOperatingIncome": "-1374000", "depreciation": "None", "depreciationAndAmortization": "74518000", "incomeBeforeTax": "312219000", "incomeTaxExpense": "63125000", "interestAndDebtExpense": "None", "netIncomeFromContinuingOperations": "249094000", "comprehensiveIncomeNetOfTax": "None", "ebit": "322950000", "ebitda": "397468000", "netIncome": "249769000"}, {"fiscalDateEnding": "2011-03-31", "reportedCurrency": "USD", "grossProfit": "748825000", "totalRevenue": "1959021000", "costOfRevenue": "1210196000", "costofGoodsAndServicesSold": "1210196000", "operatingIncome": "270306000", "sellingGeneralAndAdministrative": "478519000", "researchAndDevelopment": "0", "operatingExpenses": "478519000", "investmentIncomeNet": "None", "netInterestIncome": "None", "interestIncome": "None", "interestExpense": "28286000", "nonInterestIncome": "None", "otherNonOperatingIncome": "-1220000", "depreciation": "None", "depreciationAndAmortization": "73687000", "incomeBeforeTax": "240800000", "incomeTaxExpense": "57494000", "interestAndDebtExpense": "None", "netIncomeFromContinuingOperations": "183306000", "comprehensiveIncomeNetOfTax": "None", "ebit": "253798000", "ebitda": "327485000", "netIncome": "194905000"}, {"fiscalDateEnding": "2010-12-31", "reportedCurrency": "USD", "grossProfit": "720118000", "totalRevenue": "1875541000", "costOfRevenue": "1155423000", "costofGoodsAndServicesSold": "1155423000", "operatingIncome": "269397000", "sellingGeneralAndAdministrative": "450721000", "researchAndDevelopment": "186687000", "operatingExpenses": "450721000", "investmentIncomeNet": "None", "netInterestIncome": "None", "interestIncome": "None", "interestExpense": "25895000", "nonInterestIncome": "None", "otherNonOperatingIncome": "None", "depreciation": "None", "depreciationAndAmortization": "69260000", "incomeBeforeTax": "243878000", "incomeTaxExpense": "52107000", "interestAndDebtExpense": "None", "netIncomeFromContinuingOperations": "0", "comprehensiveIncomeNetOfTax": "None", "ebit": "269773000", "ebitda": "339033000", "netIncome": "198348000"}, {"fiscalDateEnding": "2010-09-30", "reportedCurrency": "USD", "grossProfit": "711685000", "totalRevenue": "1887141000", "costOfRevenue": "1175456000", "costofGoodsAndServicesSold": "1175456000", "operatingIncome": "297663000", "sellingGeneralAndAdministrative": "397927000", "researchAndDevelopment": "0", "operatingExpenses": "414022000", "investmentIncomeNet": "None", "netInterestIncome": "None", "interestIncome": "None", "interestExpense": "28812000", "nonInterestIncome": "None", "otherNonOperatingIncome": "None", "depreciation": "None", "depreciationAndAmortization": "67133000", "incomeBeforeTax": "261491000", "incomeTaxExpense": "38732000", "interestAndDebtExpense": "None", "netIncomeFromContinuingOperations": "0", "comprehensiveIncomeNetOfTax": "None", "ebit": "267328000", "ebitda": "334461000", "netIncome": "223759000"}, {"fiscalDateEnding": "2010-06-30", "reportedCurrency": "USD", "grossProfit": "688698000", "totalRevenue": "1786696000", "costOfRevenue": "1097998000", "costofGoodsAndServicesSold": "1097998000", "operatingIncome": "264889000", "sellingGeneralAndAdministrative": "423809000", "researchAndDevelopment": "0", "operatingExpenses": "423809000", "investmentIncomeNet": "None", "netInterestIncome": "None", "interestIncome": "None", "interestExpense": "28996000", "nonInterestIncome": "None", "otherNonOperatingIncome": "None", "depreciation": "None", "depreciationAndAmortization": "66073000", "incomeBeforeTax": "242655000", "incomeTaxExpense": "70762000", "interestAndDebtExpense": "None", "netIncomeFromContinuingOperations": "0", "comprehensiveIncomeNetOfTax": "None", "ebit": "271651000", "ebitda": "337724000", "netIncome": "169870000"}, {"fiscalDateEnding": "2010-03-31", "reportedCurrency": "USD", "grossProfit": "612156000", "totalRevenue": "1583270000", "costOfRevenue": "971114000", "costofGoodsAndServicesSold": "971114000", "operatingIncome": "202987000", "sellingGeneralAndAdministrative": "409169000", "researchAndDevelopment": "0", "operatingExpenses": "409169000", "investmentIncomeNet": "None", "netInterestIncome": "None", "interestIncome": "None", "interestExpense": "27169000", "nonInterestIncome": "None", "otherNonOperatingIncome": "None", "depreciation": "None", "depreciationAndAmortization": "65940000", "incomeBeforeTax": "177060000", "incomeTaxExpense": "55575000", "interestAndDebtExpense": "None", "netIncomeFromContinuingOperations": "0", "comprehensiveIncomeNetOfTax": "None", "ebit": "204229000", "ebitda": "270169000", "netIncome": "108126000"}, {"fiscalDateEnding": "2009-12-31", "reportedCurrency": "USD", "grossProfit": "565434000", "totalRevenue": "1506661000", "costOfRevenue": "941227000", "costofGoodsAndServicesSold": "941227000", "operatingIncome": "164799000", "sellingGeneralAndAdministrative": "400635000", "researchAndDevelopment": "178300000", "operatingExpenses": "400635000", "investmentIncomeNet": "None", "netInterestIncome": "None", "interestIncome": "None", "interestExpense": "26838000", "nonInterestIncome": "None", "otherNonOperatingIncome": "None", "depreciation": "None", "depreciationAndAmortization": "66323000", "incomeBeforeTax": "140787000", "incomeTaxExpense": "38346000", "interestAndDebtExpense": "None", "netIncomeFromContinuingOperations": "0", "comprehensiveIncomeNetOfTax": "None", "ebit": "167625000", "ebitda": "233948000", "netIncome": "99048000"}, {"fiscalDateEnding": "2009-09-30", "reportedCurrency": "USD", "grossProfit": "558266000", "totalRevenue": "1499611000", "costOfRevenue": "941345000", "costofGoodsAndServicesSold": "941345000", "operatingIncome": "180141000", "sellingGeneralAndAdministrative": "378125000", "researchAndDevelopment": "0", "operatingExpenses": "378125000", "investmentIncomeNet": "None", "netInterestIncome": "None", "interestIncome": "None", "interestExpense": "26299000", "nonInterestIncome": "None", "otherNonOperatingIncome": "None", "depreciation": "None", "depreciationAndAmortization": "64340000", "incomeBeforeTax": "154745000", "incomeTaxExpense": "47261000", "interestAndDebtExpense": "None", "netIncomeFromContinuingOperations": "0", "comprehensiveIncomeNetOfTax": "None", "ebit": "181044000", "ebitda": "245384000", "netIncome": "106884000"}, {"fiscalDateEnding": "2009-06-30", "reportedCurrency": "USD", "grossProfit": "493310000", "totalRevenue": "1390331000", "costOfRevenue": "897021000", "costofGoodsAndServicesSold": "897021000", "operatingIncome": "128348000", "sellingGeneralAndAdministrative": "364962000", "researchAndDevelopment": "0", "operatingExpenses": "364962000", "investmentIncomeNet": "None", "netInterestIncome": "None", "interestIncome": "None", "interestExpense": "24840000", "nonInterestIncome": "None", "otherNonOperatingIncome": "None", "depreciation": "None", "depreciationAndAmortization": "63735000", "incomeBeforeTax": "101995000", "incomeTaxExpense": "1121000", "interestAndDebtExpense": "None", "netIncomeFromContinuingOperations": "0", "comprehensiveIncomeNetOfTax": "None", "ebit": "126835000", "ebitda": "190570000", "netIncome": "97080000"}, {"fiscalDateEnding": "2009-03-31", "reportedCurrency": "USD", "grossProfit": "482143000", "totalRevenue": "1379085000", "costOfRevenue": "896942000", "costofGoodsAndServicesSold": "896942000", "operatingIncome": "114753000", "sellingGeneralAndAdministrative": "367390000", "researchAndDevelopment": "0", "operatingExpenses": "367390000", "investmentIncomeNet": "None", "netInterestIncome": "None", "interestIncome": "None", "interestExpense": "22398000", "nonInterestIncome": "None", "otherNonOperatingIncome": "None", "depreciation": "None", "depreciationAndAmortization": "63825000", "incomeBeforeTax": "94091000", "incomeTaxExpense": "32997000", "interestAndDebtExpense": "None", "netIncomeFromContinuingOperations": "0", "comprehensiveIncomeNetOfTax": "None", "ebit": "116489000", "ebitda": "180314000", "netIncome": "53425000"}, {"fiscalDateEnding": "2008-12-31", "reportedCurrency": "USD", "grossProfit": "606499000", "totalRevenue": "1726648000", "costOfRevenue": "1120149000", "costofGoodsAndServicesSold": "1120149000", "operatingIncome": "231121000", "sellingGeneralAndAdministrative": "375378000", "researchAndDevelopment": "189200000", "operatingExpenses": "375378000", "investmentIncomeNet": "None", "netInterestIncome": "None", "interestIncome": "None", "interestExpense": "96037000", "nonInterestIncome": "None", "otherNonOperatingIncome": "None", "depreciation": "None", "depreciationAndAmortization": "63270000", "incomeBeforeTax": "215627000", "incomeTaxExpense": "46045000", "interestAndDebtExpense": "None", "netIncomeFromContinuingOperations": "0", "comprehensiveIncomeNetOfTax": "None", "ebit": "243847000", "ebitda": "307117000", "netIncome": "120727000"}, {"fiscalDateEnding": "2008-09-30", "reportedCurrency": "USD", "grossProfit": "704343000", "totalRevenue": "1965776000", "costOfRevenue": "1261433000", "costofGoodsAndServicesSold": "1261433000", "operatingIncome": "269351000", "sellingGeneralAndAdministrative": "434992000", "researchAndDevelopment": "0", "operatingExpenses": "434992000", "investmentIncomeNet": "None", "netInterestIncome": "None", "interestIncome": "None", "interestExpense": "25924000", "nonInterestIncome": "None", "otherNonOperatingIncome": "None", "depreciation": "None", "depreciationAndAmortization": "67170000", "incomeBeforeTax": "256071000", "incomeTaxExpense": "65736000", "interestAndDebtExpense": "None", "netIncomeFromContinuingOperations": "0", "comprehensiveIncomeNetOfTax": "None", "ebit": "256707000", "ebitda": "323877000", "netIncome": "187650000"}, {"fiscalDateEnding": "2008-06-30", "reportedCurrency": "USD", "grossProfit": "739619000", "totalRevenue": "2010978000", "costOfRevenue": "1271359000", "costofGoodsAndServicesSold": "1271359000", "operatingIncome": "293088000", "sellingGeneralAndAdministrative": "446531000", "researchAndDevelopment": "0", "operatingExpenses": "446531000", "investmentIncomeNet": "None", "netInterestIncome": "None", "interestIncome": "None", "interestExpense": "27388000", "nonInterestIncome": "None", "otherNonOperatingIncome": "None", "depreciation": "None", "depreciationAndAmortization": "64641000", "incomeBeforeTax": "264514000", "incomeTaxExpense": "77604000", "interestAndDebtExpense": "None", "netIncomeFromContinuingOperations": "0", "comprehensiveIncomeNetOfTax": "None", "ebit": "294274000", "ebitda": "358915000", "netIncome": "135276000"}, {"fiscalDateEnding": "2008-03-31", "reportedCurrency": "USD", "grossProfit": "681736000", "totalRevenue": "1855062000", "costOfRevenue": "1173326000", "costofGoodsAndServicesSold": "1173326000", "operatingIncome": "233200000", "sellingGeneralAndAdministrative": "448536000", "researchAndDevelopment": "0", "operatingExpenses": "448536000", "investmentIncomeNet": "None", "netInterestIncome": "None", "interestIncome": "None", "interestExpense": "23330000", "nonInterestIncome": "None", "otherNonOperatingIncome": "None", "depreciation": "None", "depreciationAndAmortization": "66073000", "incomeBeforeTax": "207353000", "incomeTaxExpense": "61090000", "interestAndDebtExpense": "None", "netIncomeFromContinuingOperations": "0", "comprehensiveIncomeNetOfTax": "None", "ebit": "232475000", "ebitda": "298548000", "netIncome": "147176000"}, {"fiscalDateEnding": "2007-12-31", "reportedCurrency": "USD", "grossProfit": "672058000", "totalRevenue": "1860022000", "costOfRevenue": "1187964000", "costofGoodsAndServicesSold": "1187964000", "operatingIncome": "246756000", "sellingGeneralAndAdministrative": "425302000", "researchAndDevelopment": "212600000", "operatingExpenses": "425302000", "investmentIncomeNet": "None", "netInterestIncome": "None", "interestIncome": "None", "interestExpense": "89008000", "nonInterestIncome": "None", "otherNonOperatingIncome": "None", "depreciation": "None", "depreciationAndAmortization": "64333000", "incomeBeforeTax": "222564000", "incomeTaxExpense": "53688000", "interestAndDebtExpense": "None", "netIncomeFromContinuingOperations": "0", "comprehensiveIncomeNetOfTax": "None", "ebit": "246756000", "ebitda": "311089000", "netIncome": "185364000"}, {"fiscalDateEnding": "2007-09-30", "reportedCurrency": "USD", "grossProfit": "671190000", "totalRevenue": "1843829000", "costOfRevenue": "1172639000", "costofGoodsAndServicesSold": "1172639000", "operatingIncome": "266653000", "sellingGeneralAndAdministrative": "404537000", "researchAndDevelopment": "0", "operatingExpenses": "404537000", "investmentIncomeNet": "None", "netInterestIncome": "None", "interestIncome": "None", "interestExpense": "22326000", "nonInterestIncome": "None", "otherNonOperatingIncome": "None", "depreciation": "None", "depreciationAndAmortization": "59196000", "incomeBeforeTax": "241911000", "incomeTaxExpense": "63972000", "interestAndDebtExpense": "None", "netIncomeFromContinuingOperations": "0", "comprehensiveIncomeNetOfTax": "None", "ebit": "271879000", "ebitda": "331075000", "netIncome": "174591000"}, {"fiscalDateEnding": "2007-06-30", "reportedCurrency": "USD", "grossProfit": "667173000", "totalRevenue": "1858965000", "costOfRevenue": "1191792000", "costofGoodsAndServicesSold": "1191792000", "operatingIncome": "262408000", "sellingGeneralAndAdministrative": "404765000", "researchAndDevelopment": "0", "operatingExpenses": "404765000", "investmentIncomeNet": "None", "netInterestIncome": "None", "interestIncome": "None", "interestExpense": "22444000", "nonInterestIncome": "None", "otherNonOperatingIncome": "None", "depreciation": "None", "depreciationAndAmortization": "61692000", "incomeBeforeTax": "239817000", "incomeTaxExpense": "64690000", "interestAndDebtExpense": "None", "netIncomeFromContinuingOperations": "0", "comprehensiveIncomeNetOfTax": "None", "ebit": "263503000", "ebitda": "325195000", "netIncome": "172194000"}, {"fiscalDateEnding": "2007-03-31", "reportedCurrency": "USD", "grossProfit": "635911000", "totalRevenue": "1780187000", "costOfRevenue": "1144276000", "costofGoodsAndServicesSold": "1144276000", "operatingIncome": "215480000", "sellingGeneralAndAdministrative": "420431000", "researchAndDevelopment": "0", "operatingExpenses": "420431000", "investmentIncomeNet": "None", "netInterestIncome": "None", "interestIncome": "None", "interestExpense": "21840000", "nonInterestIncome": "None", "otherNonOperatingIncome": "None", "depreciation": "None", "depreciationAndAmortization": "59807000", "incomeBeforeTax": "193924000", "incomeTaxExpense": "55080000", "interestAndDebtExpense": "None", "netIncomeFromContinuingOperations": "0", "comprehensiveIncomeNetOfTax": "None", "ebit": "207816000", "ebitda": "267623000", "netIncome": "128931000"}, {"fiscalDateEnding": "2006-12-31", "reportedCurrency": "USD", "grossProfit": "601805000", "totalRevenue": "1698069000", "costOfRevenue": "1096264000", "costofGoodsAndServicesSold": "1096264000", "operatingIncome": "224698000", "sellingGeneralAndAdministrative": "377107000", "researchAndDevelopment": "155000000", "operatingExpenses": "377107000", "investmentIncomeNet": "None", "netInterestIncome": "None", "interestIncome": "None", "interestExpense": "76984000", "nonInterestIncome": "None", "otherNonOperatingIncome": "None", "depreciation": "None", "depreciationAndAmortization": "54654000", "incomeBeforeTax": "203277000", "incomeTaxExpense": "46265000", "interestAndDebtExpense": "None", "netIncomeFromContinuingOperations": "0", "comprehensiveIncomeNetOfTax": "None", "ebit": "224698000", "ebitda": "279352000", "netIncome": "118520000"}, {"fiscalDateEnding": "2006-09-30", "reportedCurrency": "USD", "grossProfit": "581358000", "totalRevenue": "1651927000", "costOfRevenue": "1070569000", "costofGoodsAndServicesSold": "1070569000", "operatingIncome": "226094000", "sellingGeneralAndAdministrative": "355264000", "researchAndDevelopment": "0", "operatingExpenses": "355264000", "investmentIncomeNet": "None", "netInterestIncome": "None", "interestIncome": "None", "interestExpense": "17186000", "nonInterestIncome": "None", "otherNonOperatingIncome": "None", "depreciation": "None", "depreciationAndAmortization": "50979000", "incomeBeforeTax": "206299000", "incomeTaxExpense": "49991000", "interestAndDebtExpense": "None", "netIncomeFromContinuingOperations": "0", "comprehensiveIncomeNetOfTax": "None", "ebit": "220557000", "ebitda": "271536000", "netIncome": "167525000"}, {"fiscalDateEnding": "2006-06-30", "reportedCurrency": "USD", "grossProfit": "615730000", "totalRevenue": "1655397000", "costOfRevenue": "1039667000", "costofGoodsAndServicesSold": "1039667000", "operatingIncome": "248498000", "sellingGeneralAndAdministrative": "367232000", "researchAndDevelopment": "0", "operatingExpenses": "367232000", "investmentIncomeNet": "None", "netInterestIncome": "None", "interestIncome": "None", "interestExpense": "19266000", "nonInterestIncome": "None", "otherNonOperatingIncome": "None", "depreciation": "None", "depreciationAndAmortization": "43695000", "incomeBeforeTax": "225093000", "incomeTaxExpense": "66435000", "interestAndDebtExpense": "None", "netIncomeFromContinuingOperations": "0", "comprehensiveIncomeNetOfTax": "None", "ebit": "252085000", "ebitda": "295780000", "netIncome": "71911000"}, {"fiscalDateEnding": "2006-03-31", "reportedCurrency": "USD", "grossProfit": "589715000", "totalRevenue": "1668362000", "costOfRevenue": "1078647000", "costofGoodsAndServicesSold": "1078647000", "operatingIncome": "216156000", "sellingGeneralAndAdministrative": "373559000", "researchAndDevelopment": "0", "operatingExpenses": "373559000", "investmentIncomeNet": "None", "netInterestIncome": "None", "interestIncome": "None", "interestExpense": "21465000", "nonInterestIncome": "None", "otherNonOperatingIncome": "None", "depreciation": "None", "depreciationAndAmortization": "52173000", "incomeBeforeTax": "191631000", "incomeTaxExpense": "58121000", "interestAndDebtExpense": "None", "netIncomeFromContinuingOperations": "0", "comprehensiveIncomeNetOfTax": "None", "ebit": "207808000", "ebitda": "259981000", "netIncome": "203828000"}, {"fiscalDateEnding": "2005-12-31", "reportedCurrency": "USD", "grossProfit": "542363000", "totalRevenue": "1593400000", "costOfRevenue": "1051037000", "costofGoodsAndServicesSold": "1051037000", "operatingIncome": "187597000", "sellingGeneralAndAdministrative": "354766000", "researchAndDevelopment": "192200000", "operatingExpenses": "354766000", "investmentIncomeNet": "None", "netInterestIncome": "None", "interestIncome": "None", "interestExpense": "72206000", "nonInterestIncome": "None", "otherNonOperatingIncome": "None", "depreciation": "None", "depreciationAndAmortization": "51332000", "incomeBeforeTax": "164102000", "incomeTaxExpense": "40569000", "interestAndDebtExpense": "None", "netIncomeFromContinuingOperations": "0", "comprehensiveIncomeNetOfTax": "None", "ebit": "187597000", "ebitda": "238929000", "netIncome": "116127000"}, {"fiscalDateEnding": "2005-09-30", "reportedCurrency": "USD", "grossProfit": "536167000", "totalRevenue": "1562756000", "costOfRevenue": "1026589000", "costofGoodsAndServicesSold": "1026589000", "operatingIncome": "192766000", "sellingGeneralAndAdministrative": "343401000", "researchAndDevelopment": "0", "operatingExpenses": "343401000", "investmentIncomeNet": "None", "netInterestIncome": "None", "interestIncome": "None", "interestExpense": "16248000", "nonInterestIncome": "None", "otherNonOperatingIncome": "None", "depreciation": "None", "depreciationAndAmortization": "40010000", "incomeBeforeTax": "178924000", "incomeTaxExpense": "46329000", "interestAndDebtExpense": "None", "netIncomeFromContinuingOperations": "0", "comprehensiveIncomeNetOfTax": "None", "ebit": "178394000", "ebitda": "218404000", "netIncome": "122680000"}, {"fiscalDateEnding": "2005-06-30", "reportedCurrency": "USD", "grossProfit": "543165000", "totalRevenue": "1584485000", "costOfRevenue": "1041320000", "costofGoodsAndServicesSold": "1041320000", "operatingIncome": "181763000", "sellingGeneralAndAdministrative": "361402000", "researchAndDevelopment": "0", "operatingExpenses": "361402000", "investmentIncomeNet": "None", "netInterestIncome": "None", "interestIncome": "None", "interestExpense": "15202000", "nonInterestIncome": "None", "otherNonOperatingIncome": "None", "depreciation": "None", "depreciationAndAmortization": "41881000", "incomeBeforeTax": "173842000", "incomeTaxExpense": "50324000", "interestAndDebtExpense": "None", "netIncomeFromContinuingOperations": "0", "comprehensiveIncomeNetOfTax": "None", "ebit": "154510000", "ebitda": "196391000", "netIncome": "173201000"}, {"fiscalDateEnding": "2005-03-31", "reportedCurrency": "USD", "grossProfit": "497491000", "totalRevenue": "1449034000", "costOfRevenue": "951543000", "costofGoodsAndServicesSold": "951543000", "operatingIncome": "146054000", "sellingGeneralAndAdministrative": "351437000", "researchAndDevelopment": "0", "operatingExpenses": "351437000", "investmentIncomeNet": "None", "netInterestIncome": "None", "interestIncome": "None", "interestExpense": "16147000", "nonInterestIncome": "None", "otherNonOperatingIncome": "None", "depreciation": "None", "depreciationAndAmortization": "42496000", "incomeBeforeTax": "134386000", "incomeTaxExpense": "34121000", "interestAndDebtExpense": "None", "netIncomeFromContinuingOperations": "0", "comprehensiveIncomeNetOfTax": "None", "ebit": "103558000", "ebitda": "146054000", "netIncome": "98134000"}, {"fiscalDateEnding": "2004-12-31", "reportedCurrency": "USD", "grossProfit": "480150000", "totalRevenue": "1421176000", "costOfRevenue": "941026000", "costofGoodsAndServicesSold": "941026000", "operatingIncome": "135867000", "sellingGeneralAndAdministrative": "344283000", "researchAndDevelopment": "181400000", "operatingExpenses": "344283000", "investmentIncomeNet": "None", "netInterestIncome": "None", "interestIncome": "None", "interestExpense": "15380000", "nonInterestIncome": "None", "otherNonOperatingIncome": "None", "depreciation": "None", "depreciationAndAmortization": "44056000", "incomeBeforeTax": "120063000", "incomeTaxExpense": "21257000", "interestAndDebtExpense": "None", "netIncomeFromContinuingOperations": "0", "comprehensiveIncomeNetOfTax": "None", "ebit": "135867000", "ebitda": "179923000", "netIncome": "97114000"}]}