{"symbol": "AIZ", "annualReports": [{"fiscalDateEnding": "2024-12-31", "reportedCurrency": "USD", "grossProfit": "11877500000", "totalRevenue": "11877500000", "costOfRevenue": "None", "costofGoodsAndServicesSold": "None", "operatingIncome": "927300000", "sellingGeneralAndAdministrative": "None", "researchAndDevelopment": "None", "operatingExpenses": "8076700000", "investmentIncomeNet": "None", "netInterestIncome": "-107000000", "interestIncome": "None", "interestExpense": "107000000", "nonInterestIncome": "None", "otherNonOperatingIncome": "None", "depreciation": "None", "depreciationAndAmortization": "223500000", "incomeBeforeTax": "927300000", "incomeTaxExpense": "167100000", "interestAndDebtExpense": "None", "netIncomeFromContinuingOperations": "760200000", "comprehensiveIncomeNetOfTax": "None", "ebit": "1034300000", "ebitda": "1257800000", "netIncome": "760200000"}, {"fiscalDateEnding": "2023-12-31", "reportedCurrency": "USD", "grossProfit": "11131600000", "totalRevenue": "11131600000", "costOfRevenue": "None", "costofGoodsAndServicesSold": "None", "operatingIncome": "642500000", "sellingGeneralAndAdministrative": "None", "researchAndDevelopment": "None", "operatingExpenses": "11131600000", "investmentIncomeNet": "None", "netInterestIncome": "-108000000", "interestIncome": "None", "interestExpense": "108000000", "nonInterestIncome": "None", "otherNonOperatingIncome": "None", "depreciation": "None", "depreciationAndAmortization": "207400000", "incomeBeforeTax": "806800000", "incomeTaxExpense": "164300000", "interestAndDebtExpense": "None", "netIncomeFromContinuingOperations": "642500000", "comprehensiveIncomeNetOfTax": "None", "ebit": "914800000", "ebitda": "1122200000", "netIncome": "642500000"}, {"fiscalDateEnding": "2022-12-31", "reportedCurrency": "USD", "grossProfit": "10193000000", "totalRevenue": "10193000000", "costOfRevenue": "None", "costofGoodsAndServicesSold": "None", "operatingIncome": "458200000", "sellingGeneralAndAdministrative": "7366300000", "researchAndDevelopment": "None", "operatingExpenses": "7366300000", "investmentIncomeNet": "None", "netInterestIncome": "-108300000", "interestIncome": "108300000", "interestExpense": "108300000", "nonInterestIncome": "None", "otherNonOperatingIncome": "-179700000", "depreciation": "None", "depreciationAndAmortization": "180800000", "incomeBeforeTax": "349900000", "incomeTaxExpense": "73300000", "interestAndDebtExpense": "None", "netIncomeFromContinuingOperations": "276600000", "comprehensiveIncomeNetOfTax": "None", "ebit": "458200000", "ebitda": "639000000", "netIncome": "276600000"}, {"fiscalDateEnding": "2021-12-31", "reportedCurrency": "USD", "grossProfit": "10187600000", "totalRevenue": "10187600000", "costOfRevenue": "None", "costofGoodsAndServicesSold": "None", "operatingIncome": "1541900000", "sellingGeneralAndAdministrative": "3240600000", "researchAndDevelopment": "None", "operatingExpenses": "-8645700000", "investmentIncomeNet": "None", "netInterestIncome": "-111800000", "interestIncome": "111800000", "interestExpense": "111800000", "nonInterestIncome": "None", "otherNonOperatingIncome": "128200000", "depreciation": "None", "depreciationAndAmortization": "162700000", "incomeBeforeTax": "783000000", "incomeTaxExpense": "169500000", "interestAndDebtExpense": "None", "netIncomeFromContinuingOperations": "613500000", "comprehensiveIncomeNetOfTax": "None", "ebit": "883100000", "ebitda": "1045800000", "netIncome": "613500000"}, {"fiscalDateEnding": "2020-12-31", "reportedCurrency": "USD", "grossProfit": "9593400000", "totalRevenue": "9593400000", "costOfRevenue": "None", "costofGoodsAndServicesSold": "None", "operatingIncome": "502200000", "sellingGeneralAndAdministrative": "3110000000", "researchAndDevelopment": "None", "operatingExpenses": "-9091200000", "investmentIncomeNet": "None", "netInterestIncome": "-104500000", "interestIncome": "110400000", "interestExpense": "104500000", "nonInterestIncome": "None", "otherNonOperatingIncome": "None", "depreciation": "None", "depreciationAndAmortization": "130000000", "incomeBeforeTax": "580800000", "incomeTaxExpense": "60400000", "interestAndDebtExpense": "None", "netIncomeFromContinuingOperations": "442700000", "comprehensiveIncomeNetOfTax": "None", "ebit": "19868600000", "ebitda": "19998600000", "netIncome": "440800000"}, {"fiscalDateEnding": "2019-12-31", "reportedCurrency": "USD", "grossProfit": "10072500000", "totalRevenue": "10072500000", "costOfRevenue": "8989500000", "costofGoodsAndServicesSold": "8989500000", "operatingIncome": "550300000", "sellingGeneralAndAdministrative": "3250500000", "researchAndDevelopment": "None", "operatingExpenses": "-9522200000", "investmentIncomeNet": "None", "netInterestIncome": "-110600000", "interestIncome": "273600000", "interestExpense": "110600000", "nonInterestIncome": "None", "otherNonOperatingIncome": "None", "depreciation": "None", "depreciationAndAmortization": "117500000", "incomeBeforeTax": "554500000", "incomeTaxExpense": "167700000", "interestAndDebtExpense": "None", "netIncomeFromContinuingOperations": "386800000", "comprehensiveIncomeNetOfTax": "None", "ebit": "3962500000", "ebitda": "4080000000", "netIncome": "382600000"}, {"fiscalDateEnding": "2018-12-31", "reportedCurrency": "USD", "grossProfit": "8000700000", "totalRevenue": "8000700000", "costOfRevenue": "7272000000", "costofGoodsAndServicesSold": "7272000000", "operatingIncome": "432200000", "sellingGeneralAndAdministrative": "5281200000", "researchAndDevelopment": "None", "operatingExpenses": "7724000000", "investmentIncomeNet": "None", "netInterestIncome": "-100300000", "interestIncome": "100300000", "interestExpense": "100300000", "nonInterestIncome": "None", "otherNonOperatingIncome": "None", "depreciation": "None", "depreciationAndAmortization": "116900000", "incomeBeforeTax": "333500000", "incomeTaxExpense": "80900000", "interestAndDebtExpense": "None", "netIncomeFromContinuingOperations": "252600000", "comprehensiveIncomeNetOfTax": "None", "ebit": "3202400000", "ebitda": "3319300000", "netIncome": "251000000"}, {"fiscalDateEnding": "2017-12-31", "reportedCurrency": "USD", "grossProfit": "6311100000", "totalRevenue": "6311100000", "costOfRevenue": "5707500000", "costofGoodsAndServicesSold": "5707500000", "operatingIncome": "494000000", "sellingGeneralAndAdministrative": "4050400000", "researchAndDevelopment": "None", "operatingExpenses": "5971000000", "investmentIncomeNet": "None", "netInterestIncome": "-49500000", "interestIncome": "49500000", "interestExpense": "49500000", "nonInterestIncome": "None", "otherNonOperatingIncome": "None", "depreciation": "None", "depreciationAndAmortization": "106800000", "incomeBeforeTax": "444500000", "incomeTaxExpense": "-75100000", "interestAndDebtExpense": "None", "netIncomeFromContinuingOperations": "369400000", "comprehensiveIncomeNetOfTax": "None", "ebit": "2758000000", "ebitda": "2864800000", "netIncome": "519600000"}, {"fiscalDateEnding": "2016-12-31", "reportedCurrency": "USD", "grossProfit": "7107689000", "totalRevenue": "7107689000", "costOfRevenue": "6175600000", "costofGoodsAndServicesSold": "6175600000", "operatingIncome": "906207000", "sellingGeneralAndAdministrative": "4794070000", "researchAndDevelopment": "0", "operatingExpenses": "6683000000", "investmentIncomeNet": "None", "netInterestIncome": "-57619000", "interestIncome": "57619000", "interestExpense": "57619000", "nonInterestIncome": "None", "otherNonOperatingIncome": "None", "depreciation": "None", "depreciationAndAmortization": "86491000", "incomeBeforeTax": "848588000", "incomeTaxExpense": "283238000", "interestAndDebtExpense": "None", "netIncomeFromContinuingOperations": "565350000", "comprehensiveIncomeNetOfTax": "None", "ebit": "3741635000", "ebitda": "3828126000", "netIncome": "565350000"}, {"fiscalDateEnding": "2015-12-31", "reportedCurrency": "USD", "grossProfit": "10312506000", "totalRevenue": "10312506000", "costOfRevenue": "9059300000", "costofGoodsAndServicesSold": "9059300000", "operatingIncome": "256297000", "sellingGeneralAndAdministrative": "5326662000", "researchAndDevelopment": "0", "operatingExpenses": "10124000000", "investmentIncomeNet": "None", "netInterestIncome": "None", "interestIncome": "55116000", "interestExpense": "55116000", "nonInterestIncome": "None", "otherNonOperatingIncome": "None", "depreciation": "None", "depreciationAndAmortization": "137105000", "incomeBeforeTax": "201181000", "incomeTaxExpense": "59626000", "interestAndDebtExpense": "None", "netIncomeFromContinuingOperations": "141555000", "comprehensiveIncomeNetOfTax": "None", "ebit": "6657700000", "ebitda": "6794805000", "netIncome": "141555000"}, {"fiscalDateEnding": "2014-12-31", "reportedCurrency": "USD", "grossProfit": "10383159000", "totalRevenue": "10383159000", "costOfRevenue": "9446904000", "costofGoodsAndServicesSold": "9446904000", "operatingIncome": "802532000", "sellingGeneralAndAdministrative": "5173788000", "researchAndDevelopment": "0", "operatingExpenses": "9638000000", "investmentIncomeNet": "None", "netInterestIncome": "None", "interestIncome": "None", "interestExpense": "58395000", "nonInterestIncome": "None", "otherNonOperatingIncome": "None", "depreciation": "None", "depreciationAndAmortization": "132217000", "incomeBeforeTax": "744137000", "incomeTaxExpense": "273230000", "interestAndDebtExpense": "None", "netIncomeFromContinuingOperations": "470907000", "comprehensiveIncomeNetOfTax": "None", "ebit": "7497461000", "ebitda": "7629678000", "netIncome": "470907000"}, {"fiscalDateEnding": "2013-12-31", "reportedCurrency": "USD", "grossProfit": "9031347000", "totalRevenue": "9031347000", "costOfRevenue": "8018923000", "costofGoodsAndServicesSold": "8018923000", "operatingIncome": "867434000", "sellingGeneralAndAdministrative": "4504691000", "researchAndDevelopment": "0", "operatingExpenses": "8258000000", "investmentIncomeNet": "None", "netInterestIncome": "None", "interestIncome": "None", "interestExpense": "77735000", "nonInterestIncome": "None", "otherNonOperatingIncome": "None", "depreciation": "None", "depreciationAndAmortization": "124851000", "incomeBeforeTax": "789699000", "incomeTaxExpense": "300792000", "interestAndDebtExpense": "None", "netIncomeFromContinuingOperations": "488907000", "comprehensiveIncomeNetOfTax": "None", "ebit": "867434000", "ebitda": "992285000", "netIncome": "488907000"}, {"fiscalDateEnding": "2012-12-31", "reportedCurrency": "USD", "grossProfit": "8489857000", "totalRevenue": "8489857000", "costOfRevenue": "7527768000", "costofGoodsAndServicesSold": "7527768000", "operatingIncome": "818057000", "sellingGeneralAndAdministrative": "4034809000", "researchAndDevelopment": "0", "operatingExpenses": "7751000000", "investmentIncomeNet": "None", "netInterestIncome": "None", "interestIncome": "None", "interestExpense": "60306000", "nonInterestIncome": "None", "otherNonOperatingIncome": "None", "depreciation": "None", "depreciationAndAmortization": "124387000", "incomeBeforeTax": "757751000", "incomeTaxExpense": "274046000", "interestAndDebtExpense": "None", "netIncomeFromContinuingOperations": "483705000", "comprehensiveIncomeNetOfTax": "None", "ebit": "818057000", "ebitda": "942444000", "netIncome": "483705000"}, {"fiscalDateEnding": "2011-12-31", "reportedCurrency": "USD", "grossProfit": "8272804000", "totalRevenue": "8272804000", "costOfRevenue": "7368098000", "costofGoodsAndServicesSold": "7368098000", "operatingIncome": "775315000", "sellingGeneralAndAdministrative": "2293705000", "researchAndDevelopment": "0", "operatingExpenses": "7567000000", "investmentIncomeNet": "None", "netInterestIncome": "None", "interestIncome": "None", "interestExpense": "60360000", "nonInterestIncome": "None", "otherNonOperatingIncome": "None", "depreciation": "None", "depreciationAndAmortization": "108931000", "incomeBeforeTax": "714955000", "incomeTaxExpense": "169116000", "interestAndDebtExpense": "None", "netIncomeFromContinuingOperations": "None", "comprehensiveIncomeNetOfTax": "None", "ebit": "786947000", "ebitda": "895878000", "netIncome": "545839000"}, {"fiscalDateEnding": "2010-12-31", "reportedCurrency": "USD", "grossProfit": "8527722000", "totalRevenue": "8527722000", "costOfRevenue": "7386732000", "costofGoodsAndServicesSold": "7386732000", "operatingIncome": "667090000", "sellingGeneralAndAdministrative": "2392035000", "researchAndDevelopment": "0", "operatingExpenses": "7921000000", "investmentIncomeNet": "None", "netInterestIncome": "None", "interestIncome": "None", "interestExpense": "60646000", "nonInterestIncome": "None", "otherNonOperatingIncome": "None", "depreciation": "None", "depreciationAndAmortization": "116196000", "incomeBeforeTax": "606444000", "incomeTaxExpense": "327267000", "interestAndDebtExpense": "None", "netIncomeFromContinuingOperations": "279177000", "comprehensiveIncomeNetOfTax": "None", "ebit": "677496000", "ebitda": "793692000", "netIncome": "279177000"}, {"fiscalDateEnding": "2009-12-31", "reportedCurrency": "USD", "grossProfit": "8700501000", "totalRevenue": "8700503000", "costOfRevenue": "2000", "costofGoodsAndServicesSold": "2000", "operatingIncome": "770275000", "sellingGeneralAndAdministrative": "2377364000", "researchAndDevelopment": "0", "operatingExpenses": "7991000000", "investmentIncomeNet": "None", "netInterestIncome": "None", "interestIncome": "None", "interestExpense": "60669000", "nonInterestIncome": "None", "otherNonOperatingIncome": "None", "depreciation": "None", "depreciationAndAmortization": "91338000", "incomeBeforeTax": "709609000", "incomeTaxExpense": "279035000", "interestAndDebtExpense": "None", "netIncomeFromContinuingOperations": "None", "comprehensiveIncomeNetOfTax": "None", "ebit": "792736000", "ebitda": "884074000", "netIncome": "430574000"}, {"fiscalDateEnding": "2008-12-31", "reportedCurrency": "USD", "grossProfit": "8601228000", "totalRevenue": "8601228000", "costOfRevenue": "7862955000", "costofGoodsAndServicesSold": "7862955000", "operatingIncome": "624231000", "sellingGeneralAndAdministrative": "2286170000", "researchAndDevelopment": "None", "operatingExpenses": "8038000000", "investmentIncomeNet": "None", "netInterestIncome": "None", "interestIncome": "None", "interestExpense": "60953000", "nonInterestIncome": "None", "otherNonOperatingIncome": "None", "depreciation": "None", "depreciationAndAmortization": "62197000", "incomeBeforeTax": "563278000", "incomeTaxExpense": "115482000", "interestAndDebtExpense": "None", "netIncomeFromContinuingOperations": "None", "comprehensiveIncomeNetOfTax": "None", "ebit": "653643000", "ebitda": "715840000", "netIncome": "447796000"}, {"fiscalDateEnding": "2007-12-31", "reportedCurrency": "USD", "grossProfit": "8453515000", "totalRevenue": "8453515000", "costOfRevenue": "7260264000", "costofGoodsAndServicesSold": "7260264000", "operatingIncome": "1072218000", "sellingGeneralAndAdministrative": "2238851000", "researchAndDevelopment": "None", "operatingExpenses": "7442000000", "investmentIncomeNet": "None", "netInterestIncome": "None", "interestIncome": "None", "interestExpense": "61178000", "nonInterestIncome": "None", "otherNonOperatingIncome": "None", "depreciation": "None", "depreciationAndAmortization": "94307000", "incomeBeforeTax": "1011040000", "incomeTaxExpense": "357294000", "interestAndDebtExpense": "None", "netIncomeFromContinuingOperations": "None", "comprehensiveIncomeNetOfTax": "None", "ebit": "1072218000", "ebitda": "1166525000", "netIncome": "653746000"}, {"fiscalDateEnding": "2006-12-31", "reportedCurrency": "USD", "grossProfit": "8070584000", "totalRevenue": "8070584000", "costOfRevenue": "6820294000", "costofGoodsAndServicesSold": "6820294000", "operatingIncome": "1158532000", "sellingGeneralAndAdministrative": "2189539000", "researchAndDevelopment": "None", "operatingExpenses": "6975000000", "investmentIncomeNet": "None", "netInterestIncome": "None", "interestIncome": "None", "interestExpense": "61243000", "nonInterestIncome": "None", "otherNonOperatingIncome": "None", "depreciation": "None", "depreciationAndAmortization": "93305000", "incomeBeforeTax": "1095742000", "incomeTaxExpense": "379871000", "interestAndDebtExpense": "None", "netIncomeFromContinuingOperations": "None", "comprehensiveIncomeNetOfTax": "None", "ebit": "1156985000", "ebitda": "1250290000", "netIncome": "717418000"}, {"fiscalDateEnding": "2005-12-31", "reportedCurrency": "USD", "grossProfit": "7497675000", "totalRevenue": "7497675000", "costOfRevenue": "6730908000", "costofGoodsAndServicesSold": "6730908000", "operatingIncome": "716866000", "sellingGeneralAndAdministrative": "2146392000", "researchAndDevelopment": "None", "operatingExpenses": "6842000000", "investmentIncomeNet": "None", "netInterestIncome": "None", "interestIncome": "None", "interestExpense": "61258000", "nonInterestIncome": "None", "otherNonOperatingIncome": "None", "depreciation": "None", "depreciationAndAmortization": "7393000", "incomeBeforeTax": "655608000", "incomeTaxExpense": "176253000", "interestAndDebtExpense": "None", "netIncomeFromContinuingOperations": "None", "comprehensiveIncomeNetOfTax": "None", "ebit": "759374000", "ebitda": "766767000", "netIncome": "479355000"}], "quarterlyReports": [{"fiscalDateEnding": "2024-12-31", "reportedCurrency": "USD", "grossProfit": "3104800000", "totalRevenue": "3104800000", "costOfRevenue": "None", "costofGoodsAndServicesSold": "None", "operatingIncome": "250000000", "sellingGeneralAndAdministrative": "None", "researchAndDevelopment": "None", "operatingExpenses": "2854800000", "investmentIncomeNet": "None", "netInterestIncome": "-26800000", "interestIncome": "None", "interestExpense": "26800000", "nonInterestIncome": "None", "otherNonOperatingIncome": "None", "depreciation": "None", "depreciationAndAmortization": "63900000", "incomeBeforeTax": "250000000", "incomeTaxExpense": "48700000", "interestAndDebtExpense": "None", "netIncomeFromContinuingOperations": "201300000", "comprehensiveIncomeNetOfTax": "None", "ebit": "276800000", "ebitda": "340700000", "netIncome": "201300000"}, {"fiscalDateEnding": "2024-09-30", "reportedCurrency": "USD", "grossProfit": "2967700000", "totalRevenue": "2967700000", "costOfRevenue": "None", "costofGoodsAndServicesSold": "None", "operatingIncome": "178200000", "sellingGeneralAndAdministrative": "None", "researchAndDevelopment": "None", "operatingExpenses": "2012700000", "investmentIncomeNet": "None", "netInterestIncome": "-26700000", "interestIncome": "None", "interestExpense": "26700000", "nonInterestIncome": "None", "otherNonOperatingIncome": "None", "depreciation": "None", "depreciationAndAmortization": "55900000", "incomeBeforeTax": "151500000", "incomeTaxExpense": "17700000", "interestAndDebtExpense": "None", "netIncomeFromContinuingOperations": "133800000", "comprehensiveIncomeNetOfTax": "None", "ebit": "178200000", "ebitda": "234100000", "netIncome": "133800000"}, {"fiscalDateEnding": "2024-06-30", "reportedCurrency": "USD", "grossProfit": "2924900000", "totalRevenue": "2924900000", "costOfRevenue": "None", "costofGoodsAndServicesSold": "None", "operatingIncome": "259600000", "sellingGeneralAndAdministrative": "None", "researchAndDevelopment": "None", "operatingExpenses": "1969200000", "investmentIncomeNet": "None", "netInterestIncome": "-26700000", "interestIncome": "None", "interestExpense": "26700000", "nonInterestIncome": "None", "otherNonOperatingIncome": "None", "depreciation": "None", "depreciationAndAmortization": "50500000", "incomeBeforeTax": "232900000", "incomeTaxExpense": "44200000", "interestAndDebtExpense": "None", "netIncomeFromContinuingOperations": "188700000", "comprehensiveIncomeNetOfTax": "None", "ebit": "259600000", "ebitda": "310100000", "netIncome": "188700000"}, {"fiscalDateEnding": "2024-03-31", "reportedCurrency": "USD", "grossProfit": "2880100000", "totalRevenue": "2880100000", "costOfRevenue": "None", "costofGoodsAndServicesSold": "None", "operatingIncome": "292900000", "sellingGeneralAndAdministrative": "None", "researchAndDevelopment": "None", "operatingExpenses": "1937300000", "investmentIncomeNet": "None", "netInterestIncome": "-26800000", "interestIncome": "None", "interestExpense": "26800000", "nonInterestIncome": "None", "otherNonOperatingIncome": "None", "depreciation": "None", "depreciationAndAmortization": "50600000", "incomeBeforeTax": "292900000", "incomeTaxExpense": "56500000", "interestAndDebtExpense": "None", "netIncomeFromContinuingOperations": "236400000", "comprehensiveIncomeNetOfTax": "None", "ebit": "319700000", "ebitda": "370300000", "netIncome": "236400000"}, {"fiscalDateEnding": "2023-12-31", "reportedCurrency": "USD", "grossProfit": "2983100000", "totalRevenue": "2983100000", "costOfRevenue": "None", "costofGoodsAndServicesSold": "None", "operatingIncome": "226600000", "sellingGeneralAndAdministrative": "None", "researchAndDevelopment": "None", "operatingExpenses": "-2756500000", "investmentIncomeNet": "None", "netInterestIncome": "-26800000", "interestIncome": "None", "interestExpense": "26800000", "nonInterestIncome": "None", "otherNonOperatingIncome": "None", "depreciation": "None", "depreciationAndAmortization": "54000000", "incomeBeforeTax": "226600000", "incomeTaxExpense": "44100000", "interestAndDebtExpense": "None", "netIncomeFromContinuingOperations": "182500000", "comprehensiveIncomeNetOfTax": "None", "ebit": "58200000", "ebitda": "112200000", "netIncome": "182500000"}, {"fiscalDateEnding": "2023-09-30", "reportedCurrency": "USD", "grossProfit": "2774100000", "totalRevenue": "2774100000", "costOfRevenue": "None", "costofGoodsAndServicesSold": "None", "operatingIncome": "228800000", "sellingGeneralAndAdministrative": "1873700000", "researchAndDevelopment": "None", "operatingExpenses": "1873700000", "investmentIncomeNet": "None", "netInterestIncome": "-27000000", "interestIncome": "27000000", "interestExpense": "27000000", "nonInterestIncome": "None", "otherNonOperatingIncome": "None", "depreciation": "None", "depreciationAndAmortization": "45900000", "incomeBeforeTax": "228800000", "incomeTaxExpense": "38700000", "interestAndDebtExpense": "None", "netIncomeFromContinuingOperations": "190100000", "comprehensiveIncomeNetOfTax": "None", "ebit": "255800000", "ebitda": "301700000", "netIncome": "190100000"}, {"fiscalDateEnding": "2023-06-30", "reportedCurrency": "USD", "grossProfit": "2731600000", "totalRevenue": "2731600000", "costOfRevenue": "None", "costofGoodsAndServicesSold": "None", "operatingIncome": "204300000", "sellingGeneralAndAdministrative": "1867600000", "researchAndDevelopment": "None", "operatingExpenses": "1867600000", "investmentIncomeNet": "None", "netInterestIncome": "-27200000", "interestIncome": "27200000", "interestExpense": "27200000", "nonInterestIncome": "None", "otherNonOperatingIncome": "None", "depreciation": "None", "depreciationAndAmortization": "47200000", "incomeBeforeTax": "204300000", "incomeTaxExpense": "48000000", "interestAndDebtExpense": "None", "netIncomeFromContinuingOperations": "156300000", "comprehensiveIncomeNetOfTax": "None", "ebit": "231500000", "ebitda": "278700000", "netIncome": "156300000"}, {"fiscalDateEnding": "2023-03-31", "reportedCurrency": "USD", "grossProfit": "2642800000", "totalRevenue": "2642800000", "costOfRevenue": "None", "costofGoodsAndServicesSold": "None", "operatingIncome": "126000000", "sellingGeneralAndAdministrative": "1823200000", "researchAndDevelopment": "None", "operatingExpenses": "1823200000", "investmentIncomeNet": "None", "netInterestIncome": "-27000000", "interestIncome": "27000000", "interestExpense": "27000000", "nonInterestIncome": "None", "otherNonOperatingIncome": "None", "depreciation": "None", "depreciationAndAmortization": "48100000", "incomeBeforeTax": "147100000", "incomeTaxExpense": "33500000", "interestAndDebtExpense": "None", "netIncomeFromContinuingOperations": "113600000", "comprehensiveIncomeNetOfTax": "None", "ebit": "174100000", "ebitda": "222200000", "netIncome": "113600000"}, {"fiscalDateEnding": "2022-12-31", "reportedCurrency": "USD", "grossProfit": "2652800000", "totalRevenue": "2652800000", "costOfRevenue": "None", "costofGoodsAndServicesSold": "None", "operatingIncome": "124200000", "sellingGeneralAndAdministrative": "1921500000", "researchAndDevelopment": "None", "operatingExpenses": "3712100000", "investmentIncomeNet": "None", "netInterestIncome": "-27900000", "interestIncome": "27900000", "interestExpense": "27900000", "nonInterestIncome": "None", "otherNonOperatingIncome": "-179700000", "depreciation": "None", "depreciationAndAmortization": "39400000", "incomeBeforeTax": "96300000", "incomeTaxExpense": "28200000", "interestAndDebtExpense": "None", "netIncomeFromContinuingOperations": "68100000", "comprehensiveIncomeNetOfTax": "None", "ebit": "124200000", "ebitda": "163600000", "netIncome": "68100000"}, {"fiscalDateEnding": "2022-09-30", "reportedCurrency": "USD", "grossProfit": "2547800000", "totalRevenue": "2547800000", "costOfRevenue": "None", "costofGoodsAndServicesSold": "None", "operatingIncome": "34800000", "sellingGeneralAndAdministrative": "1842500000", "researchAndDevelopment": "None", "operatingExpenses": "1842500000", "investmentIncomeNet": "None", "netInterestIncome": "-26300000", "interestIncome": "26300000", "interestExpense": "26300000", "nonInterestIncome": "None", "otherNonOperatingIncome": "None", "depreciation": "None", "depreciationAndAmortization": "44800000", "incomeBeforeTax": "8500000", "incomeTaxExpense": "1200000", "interestAndDebtExpense": "None", "netIncomeFromContinuingOperations": "7300000", "comprehensiveIncomeNetOfTax": "None", "ebit": "34800000", "ebitda": "79600000", "netIncome": "7300000"}, {"fiscalDateEnding": "2022-06-30", "reportedCurrency": "USD", "grossProfit": "2509700000", "totalRevenue": "2509700000", "costOfRevenue": "None", "costofGoodsAndServicesSold": "None", "operatingIncome": "98200000", "sellingGeneralAndAdministrative": "1811700000", "researchAndDevelopment": "None", "operatingExpenses": "2412600000", "investmentIncomeNet": "None", "netInterestIncome": "-27200000", "interestIncome": "27200000", "interestExpense": "27200000", "nonInterestIncome": "None", "otherNonOperatingIncome": "None", "depreciation": "None", "depreciationAndAmortization": "48100000", "incomeBeforeTax": "69900000", "incomeTaxExpense": "17700000", "interestAndDebtExpense": "None", "netIncomeFromContinuingOperations": "52200000", "comprehensiveIncomeNetOfTax": "None", "ebit": "97100000", "ebitda": "145200000", "netIncome": "52200000"}, {"fiscalDateEnding": "2022-03-31", "reportedCurrency": "USD", "grossProfit": "2482700000", "totalRevenue": "2482700000", "costOfRevenue": "None", "costofGoodsAndServicesSold": "None", "operatingIncome": "175200000", "sellingGeneralAndAdministrative": "1790600000", "researchAndDevelopment": "None", "operatingExpenses": "-2307500000", "investmentIncomeNet": "None", "netInterestIncome": "-26900000", "interestIncome": "26900000", "interestExpense": "26900000", "nonInterestIncome": "None", "otherNonOperatingIncome": "None", "depreciation": "None", "depreciationAndAmortization": "47300000", "incomeBeforeTax": "175200000", "incomeTaxExpense": "26200000", "interestAndDebtExpense": "None", "netIncomeFromContinuingOperations": "145500000", "comprehensiveIncomeNetOfTax": "None", "ebit": "197700000", "ebitda": "245000000", "netIncome": "149000000"}, {"fiscalDateEnding": "2021-12-31", "reportedCurrency": "USD", "grossProfit": "2574900000", "totalRevenue": "2574900000", "costOfRevenue": "None", "costofGoodsAndServicesSold": "None", "operatingIncome": "158700000", "sellingGeneralAndAdministrative": "3240600000", "researchAndDevelopment": "None", "operatingExpenses": "1871500000", "investmentIncomeNet": "None", "netInterestIncome": "-27100000", "interestIncome": "27100000", "interestExpense": "27100000", "nonInterestIncome": "None", "otherNonOperatingIncome": "128200000", "depreciation": "None", "depreciationAndAmortization": "37200000", "incomeBeforeTax": "161800000", "incomeTaxExpense": "35100000", "interestAndDebtExpense": "None", "netIncomeFromContinuingOperations": "126700000", "comprehensiveIncomeNetOfTax": "None", "ebit": "188900000", "ebitda": "226100000", "netIncome": "123600000"}, {"fiscalDateEnding": "2021-09-30", "reportedCurrency": "USD", "grossProfit": "2637800000", "totalRevenue": "2637800000", "costOfRevenue": "None", "costofGoodsAndServicesSold": "None", "operatingIncome": "917000000", "sellingGeneralAndAdministrative": "818300000", "researchAndDevelopment": "None", "operatingExpenses": "1783900000", "investmentIncomeNet": "None", "netInterestIncome": "-27500000", "interestIncome": "27500000", "interestExpense": "27500000", "nonInterestIncome": "None", "otherNonOperatingIncome": "None", "depreciation": "None", "depreciationAndAmortization": "41900000", "incomeBeforeTax": "188200000", "incomeTaxExpense": "37200000", "interestAndDebtExpense": "None", "netIncomeFromContinuingOperations": "153600000", "comprehensiveIncomeNetOfTax": "None", "ebit": "219000000", "ebitda": "260900000", "netIncome": "879800000"}, {"fiscalDateEnding": "2021-06-30", "reportedCurrency": "USD", "grossProfit": "2542300000", "totalRevenue": "2542300000", "costOfRevenue": "None", "costofGoodsAndServicesSold": "None", "operatingIncome": "258400000", "sellingGeneralAndAdministrative": "747200000", "researchAndDevelopment": "None", "operatingExpenses": "1738600000", "investmentIncomeNet": "None", "netInterestIncome": "-28800000", "interestIncome": "28800000", "interestExpense": "28800000", "nonInterestIncome": "None", "otherNonOperatingIncome": "None", "depreciation": "None", "depreciationAndAmortization": "42700000", "incomeBeforeTax": "239700000", "incomeTaxExpense": "52600000", "interestAndDebtExpense": "None", "netIncomeFromContinuingOperations": "184700000", "comprehensiveIncomeNetOfTax": "None", "ebit": "266600000", "ebitda": "309300000", "netIncome": "205800000"}, {"fiscalDateEnding": "2021-03-31", "reportedCurrency": "USD", "grossProfit": "2432600000", "totalRevenue": "2432600000", "costOfRevenue": "None", "costofGoodsAndServicesSold": "None", "operatingIncome": "202900000", "sellingGeneralAndAdministrative": "735700000", "researchAndDevelopment": "None", "operatingExpenses": "1682400000", "investmentIncomeNet": "None", "netInterestIncome": "-28400000", "interestIncome": "28400000", "interestExpense": "28400000", "nonInterestIncome": "None", "otherNonOperatingIncome": "None", "depreciation": "None", "depreciationAndAmortization": "41400000", "incomeBeforeTax": "193100000", "incomeTaxExpense": "44600000", "interestAndDebtExpense": "None", "netIncomeFromContinuingOperations": "148500000", "comprehensiveIncomeNetOfTax": "None", "ebit": "221500000", "ebitda": "262900000", "netIncome": "158300000"}, {"fiscalDateEnding": "2020-12-31", "reportedCurrency": "USD", "grossProfit": "2553100000", "totalRevenue": "2553100000", "costOfRevenue": "-145000000", "costofGoodsAndServicesSold": "-145000000", "operatingIncome": "178900000", "sellingGeneralAndAdministrative": "1967500000", "researchAndDevelopment": "None", "operatingExpenses": "2226500000", "investmentIncomeNet": "None", "netInterestIncome": "-26800000", "interestIncome": "26800000", "interestExpense": "26800000", "nonInterestIncome": "None", "otherNonOperatingIncome": "None", "depreciation": "None", "depreciationAndAmortization": "39200000", "incomeBeforeTax": "183400000", "incomeTaxExpense": "44400000", "interestAndDebtExpense": "None", "netIncomeFromContinuingOperations": "139000000", "comprehensiveIncomeNetOfTax": "None", "ebit": "210200000", "ebitda": "249400000", "netIncome": "134500000"}, {"fiscalDateEnding": "2020-09-30", "reportedCurrency": "USD", "grossProfit": "2376700000", "totalRevenue": "2376700000", "costOfRevenue": "None", "costofGoodsAndServicesSold": "None", "operatingIncome": "-10400000", "sellingGeneralAndAdministrative": "687500000", "researchAndDevelopment": "None", "operatingExpenses": "2238700000", "investmentIncomeNet": "None", "netInterestIncome": "-25500000", "interestIncome": "25500000", "interestExpense": "25500000", "nonInterestIncome": "None", "otherNonOperatingIncome": "None", "depreciation": "None", "depreciationAndAmortization": "39500000", "incomeBeforeTax": "112500000", "incomeTaxExpense": "24500000", "interestAndDebtExpense": "None", "netIncomeFromContinuingOperations": "-30500000", "comprehensiveIncomeNetOfTax": "None", "ebit": "21400000", "ebitda": "60900000", "netIncome": "-34900000"}, {"fiscalDateEnding": "2020-06-30", "reportedCurrency": "USD", "grossProfit": "2331200000", "totalRevenue": "2331200000", "costOfRevenue": "None", "costofGoodsAndServicesSold": "None", "operatingIncome": "218100000", "sellingGeneralAndAdministrative": "736200000", "researchAndDevelopment": "None", "operatingExpenses": "2116000000", "investmentIncomeNet": "None", "netInterestIncome": "-26700000", "interestIncome": "26300000", "interestExpense": "26700000", "nonInterestIncome": "None", "otherNonOperatingIncome": "None", "depreciation": "None", "depreciationAndAmortization": "32200000", "incomeBeforeTax": "209300000", "incomeTaxExpense": "44600000", "interestAndDebtExpense": "None", "netIncomeFromContinuingOperations": "178400000", "comprehensiveIncomeNetOfTax": "None", "ebit": "939500000", "ebitda": "971700000", "netIncome": "173500000"}, {"fiscalDateEnding": "2020-03-31", "reportedCurrency": "USD", "grossProfit": "2448700000", "totalRevenue": "2448700000", "costOfRevenue": "None", "costofGoodsAndServicesSold": "None", "operatingIncome": "101500000", "sellingGeneralAndAdministrative": "908100000", "researchAndDevelopment": "None", "operatingExpenses": "2323100000", "investmentIncomeNet": "None", "netInterestIncome": "-25500000", "interestIncome": "12400000", "interestExpense": "25500000", "nonInterestIncome": "None", "otherNonOperatingIncome": "None", "depreciation": "None", "depreciationAndAmortization": "32500000", "incomeBeforeTax": "100100000", "incomeTaxExpense": "-48500000", "interestAndDebtExpense": "None", "netIncomeFromContinuingOperations": "155800000", "comprehensiveIncomeNetOfTax": "None", "ebit": "750600000", "ebitda": "783100000", "netIncome": "150000000"}, {"fiscalDateEnding": "2019-12-31", "reportedCurrency": "USD", "grossProfit": "2609000000", "totalRevenue": "2609000000", "costOfRevenue": "2327900000", "costofGoodsAndServicesSold": "2327900000", "operatingIncome": "172900000", "sellingGeneralAndAdministrative": "1730700000", "researchAndDevelopment": "None", "operatingExpenses": "2355400000", "investmentIncomeNet": "None", "netInterestIncome": "-25400000", "interestIncome": "57900000", "interestExpense": "25400000", "nonInterestIncome": "None", "otherNonOperatingIncome": "None", "depreciation": "None", "depreciationAndAmortization": "38400000", "incomeBeforeTax": "178800000", "incomeTaxExpense": "50000000", "interestAndDebtExpense": "None", "netIncomeFromContinuingOperations": "128800000", "comprehensiveIncomeNetOfTax": "None", "ebit": "204200000", "ebitda": "242600000", "netIncome": "122900000"}, {"fiscalDateEnding": "2019-09-30", "reportedCurrency": "USD", "grossProfit": "2494900000", "totalRevenue": "2494900000", "costOfRevenue": "2271800000", "costofGoodsAndServicesSold": "2271800000", "operatingIncome": "-30900000", "sellingGeneralAndAdministrative": "764500000", "researchAndDevelopment": "None", "operatingExpenses": "2370600000", "investmentIncomeNet": "None", "netInterestIncome": "-32200000", "interestIncome": "153300000", "interestExpense": "32200000", "nonInterestIncome": "None", "otherNonOperatingIncome": "None", "depreciation": "None", "depreciationAndAmortization": "27300000", "incomeBeforeTax": "-24600000", "incomeTaxExpense": "28600000", "interestAndDebtExpense": "None", "netIncomeFromContinuingOperations": "-53200000", "comprehensiveIncomeNetOfTax": "None", "ebit": "7600000", "ebitda": "34900000", "netIncome": "-59500000"}, {"fiscalDateEnding": "2019-06-30", "reportedCurrency": "USD", "grossProfit": "2540800000", "totalRevenue": "2540800000", "costOfRevenue": "2244400000", "costofGoodsAndServicesSold": "2244400000", "operatingIncome": "180200000", "sellingGeneralAndAdministrative": "832900000", "researchAndDevelopment": "None", "operatingExpenses": "2326500000", "investmentIncomeNet": "None", "netInterestIncome": "-26500000", "interestIncome": "26500000", "interestExpense": "26500000", "nonInterestIncome": "None", "otherNonOperatingIncome": "None", "depreciation": "None", "depreciationAndAmortization": "30400000", "incomeBeforeTax": "183300000", "incomeTaxExpense": "40700000", "interestAndDebtExpense": "None", "netIncomeFromContinuingOperations": "142600000", "comprehensiveIncomeNetOfTax": "None", "ebit": "209800000", "ebitda": "240200000", "netIncome": "139500000"}, {"fiscalDateEnding": "2019-03-31", "reportedCurrency": "USD", "grossProfit": "2427800000", "totalRevenue": "2427800000", "costOfRevenue": "2145400000", "costofGoodsAndServicesSold": "2145400000", "operatingIncome": "209400000", "sellingGeneralAndAdministrative": "800100000", "researchAndDevelopment": "None", "operatingExpenses": "2191900000", "investmentIncomeNet": "None", "netInterestIncome": "-26500000", "interestIncome": "26500000", "interestExpense": "26500000", "nonInterestIncome": "None", "otherNonOperatingIncome": "None", "depreciation": "None", "depreciationAndAmortization": "29700000", "incomeBeforeTax": "217000000", "incomeTaxExpense": "48400000", "interestAndDebtExpense": "None", "netIncomeFromContinuingOperations": "168600000", "comprehensiveIncomeNetOfTax": "None", "ebit": "243500000", "ebitda": "273200000", "netIncome": "161000000"}, {"fiscalDateEnding": "2018-12-31", "reportedCurrency": "USD", "grossProfit": "2306300000", "totalRevenue": "2306300000", "costOfRevenue": "2173100000", "costofGoodsAndServicesSold": "2173100000", "operatingIncome": "36600000", "sellingGeneralAndAdministrative": "809500000", "researchAndDevelopment": "0", "operatingExpenses": "2247800000", "investmentIncomeNet": "None", "netInterestIncome": "None", "interestIncome": "None", "interestExpense": "26300000", "nonInterestIncome": "None", "otherNonOperatingIncome": "None", "depreciation": "None", "depreciationAndAmortization": "-97300000", "incomeBeforeTax": "42900000", "incomeTaxExpense": "16300000", "interestAndDebtExpense": "None", "netIncomeFromContinuingOperations": "26600000", "comprehensiveIncomeNetOfTax": "None", "ebit": "42900000", "ebitda": "36600000", "netIncome": "20300000"}, {"fiscalDateEnding": "2018-09-30", "reportedCurrency": "USD", "grossProfit": "2257600000", "totalRevenue": "2257600000", "costOfRevenue": "2097300000", "costofGoodsAndServicesSold": "2097300000", "operatingIncome": "71100000", "sellingGeneralAndAdministrative": "736500000", "researchAndDevelopment": "0", "operatingExpenses": "2168000000", "investmentIncomeNet": "None", "netInterestIncome": "None", "interestIncome": "None", "interestExpense": "26500000", "nonInterestIncome": "None", "otherNonOperatingIncome": "None", "depreciation": "None", "depreciationAndAmortization": "35700000", "incomeBeforeTax": "75800000", "incomeTaxExpense": "22800000", "interestAndDebtExpense": "None", "netIncomeFromContinuingOperations": "53000000", "comprehensiveIncomeNetOfTax": "None", "ebit": "872800000", "ebitda": "908500000", "netIncome": "48300000"}, {"fiscalDateEnding": "2018-06-30", "reportedCurrency": "USD", "grossProfit": "1816700000", "totalRevenue": "1816700000", "costOfRevenue": "1690600000", "costofGoodsAndServicesSold": "1690600000", "operatingIncome": "73500000", "sellingGeneralAndAdministrative": "773600000", "researchAndDevelopment": "0", "operatingExpenses": "1727400000", "investmentIncomeNet": "None", "netInterestIncome": "None", "interestIncome": "None", "interestExpense": "26000000", "nonInterestIncome": "None", "otherNonOperatingIncome": "None", "depreciation": "None", "depreciationAndAmortization": "24900000", "incomeBeforeTax": "78300000", "incomeTaxExpense": "11300000", "interestAndDebtExpense": "None", "netIncomeFromContinuingOperations": "67000000", "comprehensiveIncomeNetOfTax": "None", "ebit": "684200000", "ebitda": "709100000", "netIncome": "62200000"}, {"fiscalDateEnding": "2018-03-31", "reportedCurrency": "USD", "grossProfit": "1620100000", "totalRevenue": "1620100000", "costOfRevenue": "1427900000", "costofGoodsAndServicesSold": "1427900000", "operatingIncome": "136500000", "sellingGeneralAndAdministrative": "719600000", "researchAndDevelopment": "0", "operatingExpenses": "1480600000", "investmentIncomeNet": "None", "netInterestIncome": "None", "interestIncome": "None", "interestExpense": "21500000", "nonInterestIncome": "None", "otherNonOperatingIncome": "None", "depreciation": "None", "depreciationAndAmortization": "30000000", "incomeBeforeTax": "136500000", "incomeTaxExpense": "30500000", "interestAndDebtExpense": "None", "netIncomeFromContinuingOperations": "106000000", "comprehensiveIncomeNetOfTax": "None", "ebit": "712100000", "ebitda": "742100000", "netIncome": "106000000"}, {"fiscalDateEnding": "2017-12-31", "reportedCurrency": "USD", "grossProfit": "1656200000", "totalRevenue": "1656200000", "costOfRevenue": "1497200000", "costofGoodsAndServicesSold": "1497200000", "operatingIncome": "158300000", "sellingGeneralAndAdministrative": "751600000", "researchAndDevelopment": "0", "operatingExpenses": "1506000000", "investmentIncomeNet": "None", "netInterestIncome": "None", "interestIncome": "None", "interestExpense": "12300000", "nonInterestIncome": "None", "otherNonOperatingIncome": "None", "depreciation": "None", "depreciationAndAmortization": "-170600000", "incomeBeforeTax": "158300000", "incomeTaxExpense": "-154600000", "interestAndDebtExpense": "None", "netIncomeFromContinuingOperations": "162700000", "comprehensiveIncomeNetOfTax": "None", "ebit": "158300000", "ebitda": "158300000", "netIncome": "312900000"}, {"fiscalDateEnding": "2017-09-30", "reportedCurrency": "USD", "grossProfit": "1563300000", "totalRevenue": "1563300000", "costOfRevenue": "1678100000", "costofGoodsAndServicesSold": "1678100000", "operatingIncome": "-107600000", "sellingGeneralAndAdministrative": "667100000", "researchAndDevelopment": "0", "operatingExpenses": "1681800000", "investmentIncomeNet": "None", "netInterestIncome": "None", "interestIncome": "None", "interestExpense": "12200000", "nonInterestIncome": "None", "otherNonOperatingIncome": "None", "depreciation": "None", "depreciationAndAmortization": "95400000", "incomeBeforeTax": "-107600000", "incomeTaxExpense": "-50300000", "interestAndDebtExpense": "None", "netIncomeFromContinuingOperations": "-57300000", "comprehensiveIncomeNetOfTax": "None", "ebit": "-107600000", "ebitda": "-107600000", "netIncome": "-57300000"}, {"fiscalDateEnding": "2017-06-30", "reportedCurrency": "USD", "grossProfit": "1577100000", "totalRevenue": "1577100000", "costOfRevenue": "1409400000", "costofGoodsAndServicesSold": "1409400000", "operatingIncome": "178700000", "sellingGeneralAndAdministrative": "646300000", "researchAndDevelopment": "0", "operatingExpenses": "1409400000", "investmentIncomeNet": "None", "netInterestIncome": "None", "interestIncome": "None", "interestExpense": "12400000", "nonInterestIncome": "None", "otherNonOperatingIncome": "None", "depreciation": "None", "depreciationAndAmortization": "-191100000", "incomeBeforeTax": "178700000", "incomeTaxExpense": "58500000", "interestAndDebtExpense": "None", "netIncomeFromContinuingOperations": "120200000", "comprehensiveIncomeNetOfTax": "None", "ebit": "178700000", "ebitda": "178700000", "netIncome": "120200000"}, {"fiscalDateEnding": "2017-03-31", "reportedCurrency": "USD", "grossProfit": "1514500000", "totalRevenue": "1514500000", "costOfRevenue": "1323800000", "costofGoodsAndServicesSold": "1323800000", "operatingIncome": "215100000", "sellingGeneralAndAdministrative": "651300000", "researchAndDevelopment": "0", "operatingExpenses": "1323800000", "investmentIncomeNet": "None", "netInterestIncome": "None", "interestIncome": "None", "interestExpense": "12600000", "nonInterestIncome": "None", "otherNonOperatingIncome": "None", "depreciation": "None", "depreciationAndAmortization": "-227700000", "incomeBeforeTax": "215100000", "incomeTaxExpense": "71300000", "interestAndDebtExpense": "None", "netIncomeFromContinuingOperations": "143800000", "comprehensiveIncomeNetOfTax": "None", "ebit": "215100000", "ebitda": "215100000", "netIncome": "143800000"}, {"fiscalDateEnding": "2016-12-31", "reportedCurrency": "USD", "grossProfit": "1667033000", "totalRevenue": "1667033000", "costOfRevenue": "1658058000", "costofGoodsAndServicesSold": "1658058000", "operatingIncome": "54711000", "sellingGeneralAndAdministrative": "119311000", "researchAndDevelopment": "0", "operatingExpenses": "1683900000", "investmentIncomeNet": "None", "netInterestIncome": "None", "interestIncome": "None", "interestExpense": "13878000", "nonInterestIncome": "None", "otherNonOperatingIncome": "None", "depreciation": "None", "depreciationAndAmortization": "-91500000", "incomeBeforeTax": "54711000", "incomeTaxExpense": "23395000", "interestAndDebtExpense": "None", "netIncomeFromContinuingOperations": "-26664643000", "comprehensiveIncomeNetOfTax": "None", "ebit": "54711000", "ebitda": "54711000", "netIncome": "31316000"}, {"fiscalDateEnding": "2016-09-30", "reportedCurrency": "USD", "grossProfit": "1698300000", "totalRevenue": "1698300000", "costOfRevenue": "1596290000", "costofGoodsAndServicesSold": "1596290000", "operatingIncome": "220900000", "sellingGeneralAndAdministrative": "833778000", "researchAndDevelopment": "0", "operatingExpenses": "1599199999", "investmentIncomeNet": "None", "netInterestIncome": "None", "interestIncome": "None", "interestExpense": "14000000", "nonInterestIncome": "None", "otherNonOperatingIncome": "None", "depreciation": "None", "depreciationAndAmortization": "-234900000", "incomeBeforeTax": "220900000", "incomeTaxExpense": "76500000", "interestAndDebtExpense": "None", "netIncomeFromContinuingOperations": "144367000", "comprehensiveIncomeNetOfTax": "None", "ebit": "220858000", "ebitda": "220900000", "netIncome": "144400000"}, {"fiscalDateEnding": "2016-06-30", "reportedCurrency": "USD", "grossProfit": "1672000000", "totalRevenue": "1672000000", "costOfRevenue": "1524019000", "costofGoodsAndServicesSold": "1524019000", "operatingIncome": "235500000", "sellingGeneralAndAdministrative": "803595000", "researchAndDevelopment": "0", "operatingExpenses": "1547100000", "investmentIncomeNet": "None", "netInterestIncome": "None", "interestIncome": "None", "interestExpense": "15200000", "nonInterestIncome": "None", "otherNonOperatingIncome": "None", "depreciation": "None", "depreciationAndAmortization": "-267399999", "incomeBeforeTax": "235500000", "incomeTaxExpense": "66200000", "interestAndDebtExpense": "None", "netIncomeFromContinuingOperations": "169349000", "comprehensiveIncomeNetOfTax": "None", "ebit": "235512000", "ebitda": "235500000", "netIncome": "169300000"}, {"fiscalDateEnding": "2016-03-31", "reportedCurrency": "USD", "grossProfit": "2070300000", "totalRevenue": "2070300000", "costOfRevenue": "1749450000", "costofGoodsAndServicesSold": "1749450000", "operatingIncome": "337600000", "sellingGeneralAndAdministrative": "917359000", "researchAndDevelopment": "0", "operatingExpenses": "1765800000", "investmentIncomeNet": "None", "netInterestIncome": "None", "interestIncome": "None", "interestExpense": "14500000", "nonInterestIncome": "None", "otherNonOperatingIncome": "None", "depreciation": "None", "depreciationAndAmortization": "-322500000", "incomeBeforeTax": "337600000", "incomeTaxExpense": "117200000", "interestAndDebtExpense": "None", "netIncomeFromContinuingOperations": "220318000", "comprehensiveIncomeNetOfTax": "None", "ebit": "337507000", "ebitda": "337600000", "netIncome": "220400000"}, {"fiscalDateEnding": "2015-12-31", "reportedCurrency": "USD", "grossProfit": "2544589000", "totalRevenue": "2544589000", "costOfRevenue": "2406683000", "costofGoodsAndServicesSold": "2406683000", "operatingIncome": "110214000", "sellingGeneralAndAdministrative": "11377000", "researchAndDevelopment": "0", "operatingExpenses": "2407066000", "investmentIncomeNet": "None", "netInterestIncome": "None", "interestIncome": "None", "interestExpense": "13781000", "nonInterestIncome": "None", "otherNonOperatingIncome": "None", "depreciation": "None", "depreciationAndAmortization": "-107222000", "incomeBeforeTax": "110214000", "incomeTaxExpense": "44470000", "interestAndDebtExpense": "None", "netIncomeFromContinuingOperations": "65744000", "comprehensiveIncomeNetOfTax": "None", "ebit": "110214000", "ebitda": "110214000", "netIncome": "65744000"}, {"fiscalDateEnding": "2015-09-30", "reportedCurrency": "USD", "grossProfit": "2530913000", "totalRevenue": "2530913000", "costOfRevenue": "2525893000", "costofGoodsAndServicesSold": "2525893000", "operatingIncome": "-32251000", "sellingGeneralAndAdministrative": "956984000", "researchAndDevelopment": "0", "operatingExpenses": "2552628000", "investmentIncomeNet": "None", "netInterestIncome": "None", "interestIncome": "None", "interestExpense": "13779000", "nonInterestIncome": "None", "otherNonOperatingIncome": "None", "depreciation": "None", "depreciationAndAmortization": "18472000", "incomeBeforeTax": "-32251000", "incomeTaxExpense": "-25229000", "interestAndDebtExpense": "None", "netIncomeFromContinuingOperations": "-7022000", "comprehensiveIncomeNetOfTax": "None", "ebit": "-32251000", "ebitda": "-32251000", "netIncome": "-7022000"}, {"fiscalDateEnding": "2015-06-30", "reportedCurrency": "USD", "grossProfit": "2641652000", "totalRevenue": "2641652000", "costOfRevenue": "2545189000", "costofGoodsAndServicesSold": "2545189000", "operatingIncome": "40025000", "sellingGeneralAndAdministrative": "969494000", "researchAndDevelopment": "0", "operatingExpenses": "2591091000", "investmentIncomeNet": "None", "netInterestIncome": "None", "interestIncome": "None", "interestExpense": "13778000", "nonInterestIncome": "None", "otherNonOperatingIncome": "None", "depreciation": "None", "depreciationAndAmortization": "-53803000", "incomeBeforeTax": "40025000", "incomeTaxExpense": "7236000", "interestAndDebtExpense": "None", "netIncomeFromContinuingOperations": "32789000", "comprehensiveIncomeNetOfTax": "None", "ebit": "40025000", "ebitda": "40025000", "netIncome": "32789000"}, {"fiscalDateEnding": "2015-03-31", "reportedCurrency": "USD", "grossProfit": "2595352000", "totalRevenue": "2595352000", "costOfRevenue": "2506923000", "costofGoodsAndServicesSold": "2506923000", "operatingIncome": "83193000", "sellingGeneralAndAdministrative": "921909000", "researchAndDevelopment": "0", "operatingExpenses": "2501639000", "investmentIncomeNet": "None", "netInterestIncome": "None", "interestIncome": "None", "interestExpense": "13778000", "nonInterestIncome": "None", "otherNonOperatingIncome": "None", "depreciation": "None", "depreciationAndAmortization": "-96971000", "incomeBeforeTax": "83193000", "incomeTaxExpense": "33149000", "interestAndDebtExpense": "None", "netIncomeFromContinuingOperations": "50044000", "comprehensiveIncomeNetOfTax": "None", "ebit": "83193000", "ebitda": "83193000", "netIncome": "50044000"}, {"fiscalDateEnding": "2014-12-31", "reportedCurrency": "USD", "grossProfit": "2635147000", "totalRevenue": "2635147000", "costOfRevenue": "2518568000", "costofGoodsAndServicesSold": "2518568000", "operatingIncome": "90346000", "sellingGeneralAndAdministrative": "90985000", "researchAndDevelopment": "0", "operatingExpenses": "2518568000", "investmentIncomeNet": "None", "netInterestIncome": "None", "interestIncome": "None", "interestExpense": "13778000", "nonInterestIncome": "None", "otherNonOperatingIncome": "None", "depreciation": "None", "depreciationAndAmortization": "-104124000", "incomeBeforeTax": "90346000", "incomeTaxExpense": "40591000", "interestAndDebtExpense": "None", "netIncomeFromContinuingOperations": "470907000", "comprehensiveIncomeNetOfTax": "None", "ebit": "90346000", "ebitda": "90346000", "netIncome": "49755000"}, {"fiscalDateEnding": "2014-09-30", "reportedCurrency": "USD", "grossProfit": "2698843000", "totalRevenue": "2698843000", "costOfRevenue": "2463961000", "costofGoodsAndServicesSold": "2463961000", "operatingIncome": "224751000", "sellingGeneralAndAdministrative": "953559000", "researchAndDevelopment": "0", "operatingExpenses": "2463961000", "investmentIncomeNet": "None", "netInterestIncome": "None", "interestIncome": "None", "interestExpense": "13776000", "nonInterestIncome": "None", "otherNonOperatingIncome": "None", "depreciation": "None", "depreciationAndAmortization": "-238527000", "incomeBeforeTax": "224751000", "incomeTaxExpense": "84454000", "interestAndDebtExpense": "None", "netIncomeFromContinuingOperations": "140297000", "comprehensiveIncomeNetOfTax": "None", "ebit": "224751000", "ebitda": "224751000", "netIncome": "140297000"}, {"fiscalDateEnding": "2014-06-30", "reportedCurrency": "USD", "grossProfit": "2604457000", "totalRevenue": "2604457000", "costOfRevenue": "2400538000", "costofGoodsAndServicesSold": "2400538000", "operatingIncome": "193787000", "sellingGeneralAndAdministrative": "884336000", "researchAndDevelopment": "0", "operatingExpenses": "2400538000", "investmentIncomeNet": "None", "netInterestIncome": "None", "interestIncome": "None", "interestExpense": "13776000", "nonInterestIncome": "None", "otherNonOperatingIncome": "None", "depreciation": "None", "depreciationAndAmortization": "-207563000", "incomeBeforeTax": "193787000", "incomeTaxExpense": "50177000", "interestAndDebtExpense": "None", "netIncomeFromContinuingOperations": "143610000", "comprehensiveIncomeNetOfTax": "None", "ebit": "193787000", "ebitda": "193787000", "netIncome": "143610000"}, {"fiscalDateEnding": "2014-03-31", "reportedCurrency": "USD", "grossProfit": "2444712000", "totalRevenue": "2444712000", "costOfRevenue": "2196054000", "costofGoodsAndServicesSold": "2196054000", "operatingIncome": "235253000", "sellingGeneralAndAdministrative": "843240000", "researchAndDevelopment": "0", "operatingExpenses": "2196054000", "investmentIncomeNet": "None", "netInterestIncome": "None", "interestIncome": "None", "interestExpense": "17065000", "nonInterestIncome": "None", "otherNonOperatingIncome": "None", "depreciation": "None", "depreciationAndAmortization": "-252318000", "incomeBeforeTax": "235253000", "incomeTaxExpense": "98008000", "interestAndDebtExpense": "None", "netIncomeFromContinuingOperations": "137245000", "comprehensiveIncomeNetOfTax": "None", "ebit": "235253000", "ebitda": "235253000", "netIncome": "137245000"}, {"fiscalDateEnding": "2013-12-31", "reportedCurrency": "USD", "grossProfit": "2396546000", "totalRevenue": "2396546000", "costOfRevenue": "2182826000", "costofGoodsAndServicesSold": "2182826000", "operatingIncome": "178537000", "sellingGeneralAndAdministrative": "235961000", "researchAndDevelopment": "0", "operatingExpenses": "2201715000", "investmentIncomeNet": "None", "netInterestIncome": "None", "interestIncome": "None", "interestExpense": "20366000", "nonInterestIncome": "None", "otherNonOperatingIncome": "None", "depreciation": "None", "depreciationAndAmortization": "-198903000", "incomeBeforeTax": "178537000", "incomeTaxExpense": "69721000", "interestAndDebtExpense": "None", "netIncomeFromContinuingOperations": "108816000", "comprehensiveIncomeNetOfTax": "None", "ebit": "178537000", "ebitda": "178537000", "netIncome": "108816000"}, {"fiscalDateEnding": "2013-09-30", "reportedCurrency": "USD", "grossProfit": "2254576000", "totalRevenue": "2254576000", "costOfRevenue": "2043908000", "costofGoodsAndServicesSold": "2043908000", "operatingIncome": "193971000", "sellingGeneralAndAdministrative": "737326000", "researchAndDevelopment": "0", "operatingExpenses": "2043908000", "investmentIncomeNet": "None", "netInterestIncome": "None", "interestIncome": "None", "interestExpense": "20771000", "nonInterestIncome": "None", "otherNonOperatingIncome": "None", "depreciation": "None", "depreciationAndAmortization": "-214742000", "incomeBeforeTax": "193971000", "incomeTaxExpense": "65183000", "interestAndDebtExpense": "None", "netIncomeFromContinuingOperations": "128788000", "comprehensiveIncomeNetOfTax": "None", "ebit": "193971000", "ebitda": "193971000", "netIncome": "128788000"}, {"fiscalDateEnding": "2013-06-30", "reportedCurrency": "USD", "grossProfit": "2233694000", "totalRevenue": "2233694000", "costOfRevenue": "2001919000", "costofGoodsAndServicesSold": "2001919000", "operatingIncome": "210767000", "sellingGeneralAndAdministrative": "742070000", "researchAndDevelopment": "0", "operatingExpenses": "2005479000", "investmentIncomeNet": "None", "netInterestIncome": "None", "interestIncome": "None", "interestExpense": "21520000", "nonInterestIncome": "None", "otherNonOperatingIncome": "None", "depreciation": "None", "depreciationAndAmortization": "-232287000", "incomeBeforeTax": "210767000", "incomeTaxExpense": "77244000", "interestAndDebtExpense": "None", "netIncomeFromContinuingOperations": "133523000", "comprehensiveIncomeNetOfTax": "None", "ebit": "210767000", "ebitda": "210767000", "netIncome": "133523000"}, {"fiscalDateEnding": "2013-03-31", "reportedCurrency": "USD", "grossProfit": "2146531000", "totalRevenue": "2146531000", "costOfRevenue": "1915121000", "costofGoodsAndServicesSold": "1915121000", "operatingIncome": "206424000", "sellingGeneralAndAdministrative": "688971000", "researchAndDevelopment": "0", "operatingExpenses": "1929121000", "investmentIncomeNet": "None", "netInterestIncome": "None", "interestIncome": "None", "interestExpense": "15078000", "nonInterestIncome": "None", "otherNonOperatingIncome": "None", "depreciation": "None", "depreciationAndAmortization": "-221502000", "incomeBeforeTax": "206424000", "incomeTaxExpense": "88644000", "interestAndDebtExpense": "None", "netIncomeFromContinuingOperations": "117780000", "comprehensiveIncomeNetOfTax": "None", "ebit": "206424000", "ebitda": "206424000", "netIncome": "117780000"}, {"fiscalDateEnding": "2012-12-31", "reportedCurrency": "USD", "grossProfit": "2142563000", "totalRevenue": "2142563000", "costOfRevenue": "13817000", "costofGoodsAndServicesSold": "13817000", "operatingIncome": "34823000", "sellingGeneralAndAdministrative": "716936000", "researchAndDevelopment": "0", "operatingExpenses": "2111075000", "investmentIncomeNet": "None", "netInterestIncome": "None", "interestIncome": "None", "interestExpense": "15078000", "nonInterestIncome": "None", "otherNonOperatingIncome": "None", "depreciation": "None", "depreciationAndAmortization": "-49901000", "incomeBeforeTax": "34823000", "incomeTaxExpense": "9836000", "interestAndDebtExpense": "None", "netIncomeFromContinuingOperations": "0", "comprehensiveIncomeNetOfTax": "None", "ebit": "34823000", "ebitda": "34823000", "netIncome": "24987000"}, {"fiscalDateEnding": "2012-09-30", "reportedCurrency": "USD", "grossProfit": "2140480000", "totalRevenue": "2140480000", "costOfRevenue": "1921383000", "costofGoodsAndServicesSold": "1921383000", "operatingIncome": "84513000", "sellingGeneralAndAdministrative": "661907000", "researchAndDevelopment": "0", "operatingExpenses": "1921382999", "investmentIncomeNet": "None", "netInterestIncome": "None", "interestIncome": "None", "interestExpense": "15078000", "nonInterestIncome": "None", "otherNonOperatingIncome": "None", "depreciation": "None", "depreciationAndAmortization": "None", "incomeBeforeTax": "208619000", "incomeTaxExpense": "82331000", "interestAndDebtExpense": "None", "netIncomeFromContinuingOperations": "0", "comprehensiveIncomeNetOfTax": "None", "ebit": "208619000", "ebitda": "193541000", "netIncome": "126288000"}, {"fiscalDateEnding": "2012-06-30", "reportedCurrency": "USD", "grossProfit": "2124694000", "totalRevenue": "2124694000", "costOfRevenue": "1849555000", "costofGoodsAndServicesSold": "1849555000", "operatingIncome": "149692000", "sellingGeneralAndAdministrative": "642667000", "researchAndDevelopment": "0", "operatingExpenses": "642667000", "investmentIncomeNet": "None", "netInterestIncome": "None", "interestIncome": "None", "interestExpense": "15074000", "nonInterestIncome": "None", "otherNonOperatingIncome": "None", "depreciation": "None", "depreciationAndAmortization": "None", "incomeBeforeTax": "264661000", "incomeTaxExpense": "95491000", "interestAndDebtExpense": "None", "netIncomeFromContinuingOperations": "0", "comprehensiveIncomeNetOfTax": "None", "ebit": "264661000", "ebitda": "149692000", "netIncome": "169170000"}, {"fiscalDateEnding": "2012-03-31", "reportedCurrency": "USD", "grossProfit": "2068303000", "totalRevenue": "2068303000", "costOfRevenue": "1808200000", "costofGoodsAndServicesSold": "1808200000", "operatingIncome": "138245000", "sellingGeneralAndAdministrative": "610084000", "researchAndDevelopment": "0", "operatingExpenses": "610084000", "investmentIncomeNet": "None", "netInterestIncome": "None", "interestIncome": "None", "interestExpense": "15076000", "nonInterestIncome": "None", "otherNonOperatingIncome": "None", "depreciation": "None", "depreciationAndAmortization": "None", "incomeBeforeTax": "249648000", "incomeTaxExpense": "86388000", "interestAndDebtExpense": "None", "netIncomeFromContinuingOperations": "0", "comprehensiveIncomeNetOfTax": "None", "ebit": "249648000", "ebitda": "138245000", "netIncome": "163260000"}, {"fiscalDateEnding": "2011-12-31", "reportedCurrency": "USD", "grossProfit": "2111531000", "totalRevenue": "2111531000", "costOfRevenue": "1847819000", "costofGoodsAndServicesSold": "1847819000", "operatingIncome": "163616000", "sellingGeneralAndAdministrative": "607884000", "researchAndDevelopment": "0", "operatingExpenses": "607884000", "investmentIncomeNet": "None", "netInterestIncome": "None", "interestIncome": "None", "interestExpense": "15076000", "nonInterestIncome": "None", "otherNonOperatingIncome": "None", "depreciation": "None", "depreciationAndAmortization": "None", "incomeBeforeTax": "253089000", "incomeTaxExpense": "90834000", "interestAndDebtExpense": "None", "netIncomeFromContinuingOperations": "0", "comprehensiveIncomeNetOfTax": "None", "ebit": "253089000", "ebitda": "163616000", "netIncome": "162255000"}, {"fiscalDateEnding": "2011-09-30", "reportedCurrency": "USD", "grossProfit": "2061715000", "totalRevenue": "2061715000", "costOfRevenue": "1934214000", "costofGoodsAndServicesSold": "1934214000", "operatingIncome": "5845000", "sellingGeneralAndAdministrative": "562346000", "researchAndDevelopment": "0", "operatingExpenses": "562346000", "investmentIncomeNet": "None", "netInterestIncome": "None", "interestIncome": "None", "interestExpense": "15078000", "nonInterestIncome": "None", "otherNonOperatingIncome": "None", "depreciation": "None", "depreciationAndAmortization": "None", "incomeBeforeTax": "112423000", "incomeTaxExpense": "38386000", "interestAndDebtExpense": "None", "netIncomeFromContinuingOperations": "75983000", "comprehensiveIncomeNetOfTax": "None", "ebit": "115309000", "ebitda": "5845000", "netIncome": "74037000"}, {"fiscalDateEnding": "2011-06-30", "reportedCurrency": "USD", "grossProfit": "2062887000", "totalRevenue": "2062887000", "costOfRevenue": "1917170000", "costofGoodsAndServicesSold": "1917170000", "operatingIncome": "31058000", "sellingGeneralAndAdministrative": "565674000", "researchAndDevelopment": "0", "operatingExpenses": "565674000", "investmentIncomeNet": "None", "netInterestIncome": "None", "interestIncome": "None", "interestExpense": "15075000", "nonInterestIncome": "None", "otherNonOperatingIncome": "None", "depreciation": "None", "depreciationAndAmortization": "None", "incomeBeforeTax": "130642000", "incomeTaxExpense": "-34374000", "interestAndDebtExpense": "None", "netIncomeFromContinuingOperations": "165860000", "comprehensiveIncomeNetOfTax": "None", "ebit": "131928000", "ebitda": "31058000", "netIncome": "165016000"}, {"fiscalDateEnding": "2011-03-31", "reportedCurrency": "USD", "grossProfit": "2036671000", "totalRevenue": "2036671000", "costOfRevenue": "1807114000", "costofGoodsAndServicesSold": "1807114000", "operatingIncome": "120551000", "sellingGeneralAndAdministrative": "557801000", "researchAndDevelopment": "0", "operatingExpenses": "557801000", "investmentIncomeNet": "None", "netInterestIncome": "None", "interestIncome": "None", "interestExpense": "15131000", "nonInterestIncome": "None", "otherNonOperatingIncome": "None", "depreciation": "None", "depreciationAndAmortization": "None", "incomeBeforeTax": "214426000", "incomeTaxExpense": "73675000", "interestAndDebtExpense": "None", "netIncomeFromContinuingOperations": "141741000", "comprehensiveIncomeNetOfTax": "None", "ebit": "214629000", "ebitda": "120551000", "netIncome": "140751000"}, {"fiscalDateEnding": "2010-12-31", "reportedCurrency": "USD", "grossProfit": "2105601000", "totalRevenue": "2105601000", "costOfRevenue": "1857320000", "costofGoodsAndServicesSold": "1857320000", "operatingIncome": "-205539000", "sellingGeneralAndAdministrative": "634668000", "researchAndDevelopment": "0", "operatingExpenses": "634668000", "investmentIncomeNet": "None", "netInterestIncome": "None", "interestIncome": "None", "interestExpense": "15162000", "nonInterestIncome": "None", "otherNonOperatingIncome": "None", "depreciation": "None", "depreciationAndAmortization": "None", "incomeBeforeTax": "-122110000", "incomeTaxExpense": "62281000", "interestAndDebtExpense": "None", "netIncomeFromContinuingOperations": "0", "comprehensiveIncomeNetOfTax": "None", "ebit": "-122110000", "ebitda": "-205539000", "netIncome": "-184391000"}, {"fiscalDateEnding": "2010-09-30", "reportedCurrency": "USD", "grossProfit": "2113971000", "totalRevenue": "2113971000", "costOfRevenue": "1864433000", "costofGoodsAndServicesSold": "1864433000", "operatingIncome": "127488000", "sellingGeneralAndAdministrative": "581974000", "researchAndDevelopment": "0", "operatingExpenses": "581974000", "investmentIncomeNet": "None", "netInterestIncome": "None", "interestIncome": "None", "interestExpense": "15162000", "nonInterestIncome": "None", "otherNonOperatingIncome": "None", "depreciation": "None", "depreciationAndAmortization": "None", "incomeBeforeTax": "226732000", "incomeTaxExpense": "85062000", "interestAndDebtExpense": "None", "netIncomeFromContinuingOperations": "0", "comprehensiveIncomeNetOfTax": "None", "ebit": "226732000", "ebitda": "127488000", "netIncome": "141670000"}, {"fiscalDateEnding": "2010-06-30", "reportedCurrency": "USD", "grossProfit": "2140294000", "totalRevenue": "2140294000", "costOfRevenue": "1887252000", "costofGoodsAndServicesSold": "1887252000", "operatingIncome": "163429000", "sellingGeneralAndAdministrative": "604244000", "researchAndDevelopment": "0", "operatingExpenses": "604244000", "investmentIncomeNet": "None", "netInterestIncome": "None", "interestIncome": "None", "interestExpense": "15161000", "nonInterestIncome": "None", "otherNonOperatingIncome": "None", "depreciation": "None", "depreciationAndAmortization": "None", "incomeBeforeTax": "253456000", "incomeTaxExpense": "88781000", "interestAndDebtExpense": "None", "netIncomeFromContinuingOperations": "0", "comprehensiveIncomeNetOfTax": "None", "ebit": "253456000", "ebitda": "163429000", "netIncome": "164675000"}, {"fiscalDateEnding": "2010-03-31", "reportedCurrency": "USD", "grossProfit": "2167856000", "totalRevenue": "2167856000", "costOfRevenue": "1904329000", "costofGoodsAndServicesSold": "1904329000", "operatingIncome": "171721000", "sellingGeneralAndAdministrative": "571149000", "researchAndDevelopment": "0", "operatingExpenses": "571149000", "investmentIncomeNet": "None", "netInterestIncome": "None", "interestIncome": "None", "interestExpense": "15161000", "nonInterestIncome": "None", "otherNonOperatingIncome": "None", "depreciation": "None", "depreciationAndAmortization": "None", "incomeBeforeTax": "248366000", "incomeTaxExpense": "91143000", "interestAndDebtExpense": "None", "netIncomeFromContinuingOperations": "0", "comprehensiveIncomeNetOfTax": "None", "ebit": "248366000", "ebitda": "171721000", "netIncome": "157223000"}, {"fiscalDateEnding": "2009-12-31", "reportedCurrency": "USD", "grossProfit": "2182142000", "totalRevenue": "2182142000", "costOfRevenue": "1964542000", "costofGoodsAndServicesSold": "1964542000", "operatingIncome": "-32517000", "sellingGeneralAndAdministrative": "620523000", "researchAndDevelopment": "0", "operatingExpenses": "620523000", "investmentIncomeNet": "None", "netInterestIncome": "None", "interestIncome": "None", "interestExpense": "15160000", "nonInterestIncome": "None", "otherNonOperatingIncome": "None", "depreciation": "None", "depreciationAndAmortization": "None", "incomeBeforeTax": "61155000", "incomeTaxExpense": "49214000", "interestAndDebtExpense": "None", "netIncomeFromContinuingOperations": "0", "comprehensiveIncomeNetOfTax": "None", "ebit": "61155000", "ebitda": "-32517000", "netIncome": "11941000"}, {"fiscalDateEnding": "2009-09-30", "reportedCurrency": "USD", "grossProfit": "2156873000", "totalRevenue": "2156873000", "costOfRevenue": "1917910000", "costofGoodsAndServicesSold": "1917910000", "operatingIncome": "119737000", "sellingGeneralAndAdministrative": "601120000", "researchAndDevelopment": "0", "operatingExpenses": "601120000", "investmentIncomeNet": "None", "netInterestIncome": "None", "interestIncome": "None", "interestExpense": "15160000", "nonInterestIncome": "None", "otherNonOperatingIncome": "None", "depreciation": "None", "depreciationAndAmortization": "None", "incomeBeforeTax": "209066000", "incomeTaxExpense": "64336000", "interestAndDebtExpense": "None", "netIncomeFromContinuingOperations": "0", "comprehensiveIncomeNetOfTax": "None", "ebit": "209066000", "ebitda": "119737000", "netIncome": "144730000"}, {"fiscalDateEnding": "2009-06-30", "reportedCurrency": "USD", "grossProfit": "2273609000", "totalRevenue": "2273609000", "costOfRevenue": "1967171000", "costofGoodsAndServicesSold": "1967171000", "operatingIncome": "59315000", "sellingGeneralAndAdministrative": "589036000", "researchAndDevelopment": "0", "operatingExpenses": "589036000", "investmentIncomeNet": "None", "netInterestIncome": "None", "interestIncome": "None", "interestExpense": "15160000", "nonInterestIncome": "None", "otherNonOperatingIncome": "None", "depreciation": "None", "depreciationAndAmortization": "None", "incomeBeforeTax": "281518000", "incomeTaxExpense": "88196000", "interestAndDebtExpense": "None", "netIncomeFromContinuingOperations": "0", "comprehensiveIncomeNetOfTax": "None", "ebit": "281518000", "ebitda": "59315000", "netIncome": "193322000"}, {"fiscalDateEnding": "2009-03-31", "reportedCurrency": "USD", "grossProfit": "2087877000", "totalRevenue": "2087877000", "costOfRevenue": "1907821000", "costofGoodsAndServicesSold": "1907821000", "operatingIncome": "74161000", "sellingGeneralAndAdministrative": "566685000", "researchAndDevelopment": "0", "operatingExpenses": "566685000", "investmentIncomeNet": "None", "netInterestIncome": "None", "interestIncome": "None", "interestExpense": "15189000", "nonInterestIncome": "None", "otherNonOperatingIncome": "None", "depreciation": "None", "depreciationAndAmortization": "None", "incomeBeforeTax": "157867000", "incomeTaxExpense": "77286000", "interestAndDebtExpense": "None", "netIncomeFromContinuingOperations": "0", "comprehensiveIncomeNetOfTax": "None", "ebit": "157867000", "ebitda": "74161000", "netIncome": "80581000"}, {"fiscalDateEnding": "2008-12-31", "reportedCurrency": "USD", "grossProfit": "2220608000", "totalRevenue": "2220608000", "costOfRevenue": "2010270000", "costofGoodsAndServicesSold": "2010270000", "operatingIncome": "113745000", "sellingGeneralAndAdministrative": "604539000", "researchAndDevelopment": "0", "operatingExpenses": "604539000", "investmentIncomeNet": "None", "netInterestIncome": "None", "interestIncome": "None", "interestExpense": "15188000", "nonInterestIncome": "None", "otherNonOperatingIncome": "None", "depreciation": "None", "depreciationAndAmortization": "None", "incomeBeforeTax": "191456000", "incomeTaxExpense": "9015000", "interestAndDebtExpense": "None", "netIncomeFromContinuingOperations": "0", "comprehensiveIncomeNetOfTax": "None", "ebit": "191456000", "ebitda": "113745000", "netIncome": "182441000"}, {"fiscalDateEnding": "2008-09-30", "reportedCurrency": "USD", "grossProfit": "1954535000", "totalRevenue": "1954535000", "costOfRevenue": "2102865000", "costofGoodsAndServicesSold": "2102865000", "operatingIncome": "-233431000", "sellingGeneralAndAdministrative": "585050000", "researchAndDevelopment": "0", "operatingExpenses": "585050000", "investmentIncomeNet": "None", "netInterestIncome": "None", "interestIncome": "None", "interestExpense": "15190000", "nonInterestIncome": "None", "otherNonOperatingIncome": "None", "depreciation": "None", "depreciationAndAmortization": "None", "incomeBeforeTax": "-163520000", "incomeTaxExpense": "-52091000", "interestAndDebtExpense": "None", "netIncomeFromContinuingOperations": "0", "comprehensiveIncomeNetOfTax": "None", "ebit": "-163520000", "ebitda": "-233431000", "netIncome": "-111429000"}, {"fiscalDateEnding": "2008-06-30", "reportedCurrency": "USD", "grossProfit": "2248760000", "totalRevenue": "2248760000", "costOfRevenue": "1984059000", "costofGoodsAndServicesSold": "1984059000", "operatingIncome": "170134000", "sellingGeneralAndAdministrative": "560763000", "researchAndDevelopment": "0", "operatingExpenses": "560763000", "investmentIncomeNet": "None", "netInterestIncome": "None", "interestIncome": "None", "interestExpense": "15287000", "nonInterestIncome": "None", "otherNonOperatingIncome": "None", "depreciation": "None", "depreciationAndAmortization": "None", "incomeBeforeTax": "249414000", "incomeTaxExpense": "59460000", "interestAndDebtExpense": "None", "netIncomeFromContinuingOperations": "0", "comprehensiveIncomeNetOfTax": "None", "ebit": "249414000", "ebitda": "170134000", "netIncome": "189954000"}, {"fiscalDateEnding": "2008-03-31", "reportedCurrency": "USD", "grossProfit": "2177325000", "totalRevenue": "2177325000", "costOfRevenue": "1876109000", "costofGoodsAndServicesSold": "1876109000", "operatingIncome": "212030000", "sellingGeneralAndAdministrative": "535818000", "researchAndDevelopment": "0", "operatingExpenses": "535818000", "investmentIncomeNet": "None", "netInterestIncome": "None", "interestIncome": "None", "interestExpense": "15288000", "nonInterestIncome": "None", "otherNonOperatingIncome": "None", "depreciation": "None", "depreciationAndAmortization": "None", "incomeBeforeTax": "285928000", "incomeTaxExpense": "99098000", "interestAndDebtExpense": "None", "netIncomeFromContinuingOperations": "0", "comprehensiveIncomeNetOfTax": "None", "ebit": "285928000", "ebitda": "212030000", "netIncome": "186830000"}, {"fiscalDateEnding": "2007-12-31", "reportedCurrency": "USD", "grossProfit": "2183333000", "totalRevenue": "2183333000", "costOfRevenue": "1964530000", "costofGoodsAndServicesSold": "1964530000", "operatingIncome": "115914000", "sellingGeneralAndAdministrative": "593018000", "researchAndDevelopment": "0", "operatingExpenses": "593018000", "investmentIncomeNet": "None", "netInterestIncome": "None", "interestIncome": "None", "interestExpense": "15297000", "nonInterestIncome": "None", "otherNonOperatingIncome": "None", "depreciation": "None", "depreciationAndAmortization": "None", "incomeBeforeTax": "196903000", "incomeTaxExpense": "76085000", "interestAndDebtExpense": "None", "netIncomeFromContinuingOperations": "0", "comprehensiveIncomeNetOfTax": "None", "ebit": "196903000", "ebitda": "115914000", "netIncome": "120818000"}, {"fiscalDateEnding": "2007-09-30", "reportedCurrency": "USD", "grossProfit": "2148192000", "totalRevenue": "2148192000", "costOfRevenue": "1843859000", "costofGoodsAndServicesSold": "1843859000", "operatingIncome": "218612000", "sellingGeneralAndAdministrative": "552717000", "researchAndDevelopment": "0", "operatingExpenses": "552717000", "investmentIncomeNet": "None", "netInterestIncome": "None", "interestIncome": "None", "interestExpense": "15288000", "nonInterestIncome": "None", "otherNonOperatingIncome": "None", "depreciation": "None", "depreciationAndAmortization": "None", "incomeBeforeTax": "284145000", "incomeTaxExpense": "96954000", "interestAndDebtExpense": "None", "netIncomeFromContinuingOperations": "0", "comprehensiveIncomeNetOfTax": "None", "ebit": "284145000", "ebitda": "218612000", "netIncome": "187191000"}, {"fiscalDateEnding": "2007-06-30", "reportedCurrency": "USD", "grossProfit": "2064727000", "totalRevenue": "2064727000", "costOfRevenue": "1796957000", "costofGoodsAndServicesSold": "1796957000", "operatingIncome": "181896000", "sellingGeneralAndAdministrative": "538831000", "researchAndDevelopment": "0", "operatingExpenses": "538831000", "investmentIncomeNet": "None", "netInterestIncome": "None", "interestIncome": "None", "interestExpense": "15296000", "nonInterestIncome": "None", "otherNonOperatingIncome": "None", "depreciation": "None", "depreciationAndAmortization": "None", "incomeBeforeTax": "252474000", "incomeTaxExpense": "86194000", "interestAndDebtExpense": "None", "netIncomeFromContinuingOperations": "0", "comprehensiveIncomeNetOfTax": "None", "ebit": "252474000", "ebitda": "181896000", "netIncome": "166280000"}, {"fiscalDateEnding": "2007-03-31", "reportedCurrency": "USD", "grossProfit": "2057263000", "totalRevenue": "2057263000", "costOfRevenue": "1764448000", "costofGoodsAndServicesSold": "1764448000", "operatingIncome": "202230000", "sellingGeneralAndAdministrative": "554285000", "researchAndDevelopment": "0", "operatingExpenses": "554285000", "investmentIncomeNet": "None", "netInterestIncome": "None", "interestIncome": "None", "interestExpense": "15297000", "nonInterestIncome": "None", "otherNonOperatingIncome": "None", "depreciation": "None", "depreciationAndAmortization": "None", "incomeBeforeTax": "277518000", "incomeTaxExpense": "98061000", "interestAndDebtExpense": "None", "netIncomeFromContinuingOperations": "0", "comprehensiveIncomeNetOfTax": "None", "ebit": "277518000", "ebitda": "202230000", "netIncome": "179457000"}, {"fiscalDateEnding": "2006-12-31", "reportedCurrency": "USD", "grossProfit": "2207633000", "totalRevenue": "2207633000", "costOfRevenue": "1802145000", "costofGoodsAndServicesSold": "1802145000", "operatingIncome": "250443000", "sellingGeneralAndAdministrative": "598821000", "researchAndDevelopment": "0", "operatingExpenses": "598821000", "investmentIncomeNet": "None", "netInterestIncome": "None", "interestIncome": "None", "interestExpense": "15306000", "nonInterestIncome": "None", "otherNonOperatingIncome": "None", "depreciation": "None", "depreciationAndAmortization": "None", "incomeBeforeTax": "390182000", "incomeTaxExpense": "137675000", "interestAndDebtExpense": "None", "netIncomeFromContinuingOperations": "0", "comprehensiveIncomeNetOfTax": "None", "ebit": "390182000", "ebitda": "250443000", "netIncome": "252507000"}, {"fiscalDateEnding": "2006-09-30", "reportedCurrency": "USD", "grossProfit": "1984079000", "totalRevenue": "1984079000", "costOfRevenue": "1737731000", "costofGoodsAndServicesSold": "1737731000", "operatingIncome": "142599000", "sellingGeneralAndAdministrative": "551042000", "researchAndDevelopment": "0", "operatingExpenses": "551042000", "investmentIncomeNet": "None", "netInterestIncome": "None", "interestIncome": "None", "interestExpense": "15307000", "nonInterestIncome": "None", "otherNonOperatingIncome": "None", "depreciation": "None", "depreciationAndAmortization": "None", "incomeBeforeTax": "231041000", "incomeTaxExpense": "79738000", "interestAndDebtExpense": "None", "netIncomeFromContinuingOperations": "0", "comprehensiveIncomeNetOfTax": "None", "ebit": "231041000", "ebitda": "142599000", "netIncome": "151303000"}, {"fiscalDateEnding": "2006-06-30", "reportedCurrency": "USD", "grossProfit": "1949090000", "totalRevenue": "1949090000", "costOfRevenue": "1701612000", "costofGoodsAndServicesSold": "1701612000", "operatingIncome": "151105000", "sellingGeneralAndAdministrative": "542627000", "researchAndDevelopment": "0", "operatingExpenses": "542627000", "investmentIncomeNet": "None", "netInterestIncome": "None", "interestIncome": "None", "interestExpense": "15315000", "nonInterestIncome": "None", "otherNonOperatingIncome": "None", "depreciation": "None", "depreciationAndAmortization": "None", "incomeBeforeTax": "232163000", "incomeTaxExpense": "81027000", "interestAndDebtExpense": "None", "netIncomeFromContinuingOperations": "0", "comprehensiveIncomeNetOfTax": "None", "ebit": "232163000", "ebitda": "151105000", "netIncome": "151136000"}, {"fiscalDateEnding": "2006-03-31", "reportedCurrency": "USD", "grossProfit": "1929782000", "totalRevenue": "1929782000", "costOfRevenue": "1672111000", "costofGoodsAndServicesSold": "1672111000", "operatingIncome": "174884000", "sellingGeneralAndAdministrative": "497049000", "researchAndDevelopment": "0", "operatingExpenses": "497049000", "investmentIncomeNet": "None", "netInterestIncome": "None", "interestIncome": "None", "interestExpense": "15315000", "nonInterestIncome": "None", "otherNonOperatingIncome": "None", "depreciation": "None", "depreciationAndAmortization": "None", "incomeBeforeTax": "242356000", "incomeTaxExpense": "81431000", "interestAndDebtExpense": "None", "netIncomeFromContinuingOperations": "0", "comprehensiveIncomeNetOfTax": "None", "ebit": "242356000", "ebitda": "174884000", "netIncome": "162472000"}, {"fiscalDateEnding": "2005-12-31", "reportedCurrency": "USD", "grossProfit": "1881577000", "totalRevenue": "1881577000", "costOfRevenue": "1716850000", "costofGoodsAndServicesSold": "1716850000", "operatingIncome": "74875000", "sellingGeneralAndAdministrative": "629017000", "researchAndDevelopment": "0", "operatingExpenses": "629017000", "investmentIncomeNet": "None", "netInterestIncome": "None", "interestIncome": "None", "interestExpense": "15315000", "nonInterestIncome": "None", "otherNonOperatingIncome": "None", "depreciation": "None", "depreciationAndAmortization": "None", "incomeBeforeTax": "149412000", "incomeTaxExpense": "12366000", "interestAndDebtExpense": "None", "netIncomeFromContinuingOperations": "0", "comprehensiveIncomeNetOfTax": "None", "ebit": "149412000", "ebitda": "74875000", "netIncome": "137046000"}, {"fiscalDateEnding": "2005-09-30", "reportedCurrency": "USD", "grossProfit": "1879441000", "totalRevenue": "1879441000", "costOfRevenue": "1722752000", "costofGoodsAndServicesSold": "1722752000", "operatingIncome": "70259000", "sellingGeneralAndAdministrative": "508080000", "researchAndDevelopment": "0", "operatingExpenses": "508080000", "investmentIncomeNet": "None", "netInterestIncome": "None", "interestIncome": "None", "interestExpense": "15315000", "nonInterestIncome": "None", "otherNonOperatingIncome": "None", "depreciation": "None", "depreciationAndAmortization": "None", "incomeBeforeTax": "141374000", "incomeTaxExpense": "41087000", "interestAndDebtExpense": "None", "netIncomeFromContinuingOperations": "0", "comprehensiveIncomeNetOfTax": "None", "ebit": "141374000", "ebitda": "70259000", "netIncome": "100287000"}, {"fiscalDateEnding": "2005-06-30", "reportedCurrency": "USD", "grossProfit": "1874303000", "totalRevenue": "1874303000", "costOfRevenue": "1670890000", "costofGoodsAndServicesSold": "1670890000", "operatingIncome": "118132000", "sellingGeneralAndAdministrative": "510088000", "researchAndDevelopment": "0", "operatingExpenses": "510088000", "investmentIncomeNet": "None", "netInterestIncome": "None", "interestIncome": "None", "interestExpense": "15314000", "nonInterestIncome": "None", "otherNonOperatingIncome": "None", "depreciation": "None", "depreciationAndAmortization": "None", "incomeBeforeTax": "188099000", "incomeTaxExpense": "60475000", "interestAndDebtExpense": "None", "netIncomeFromContinuingOperations": "0", "comprehensiveIncomeNetOfTax": "None", "ebit": "188099000", "ebitda": "118132000", "netIncome": "127624000"}, {"fiscalDateEnding": "2005-03-31", "reportedCurrency": "USD", "grossProfit": "1862354000", "totalRevenue": "1862354000", "costOfRevenue": "1670317000", "costofGoodsAndServicesSold": "1670317000", "operatingIncome": "110955000", "sellingGeneralAndAdministrative": "499207000", "researchAndDevelopment": "0", "operatingExpenses": "499207000", "investmentIncomeNet": "None", "netInterestIncome": "None", "interestIncome": "None", "interestExpense": "15314000", "nonInterestIncome": "None", "otherNonOperatingIncome": "None", "depreciation": "None", "depreciationAndAmortization": "None", "incomeBeforeTax": "176723000", "incomeTaxExpense": "62325000", "interestAndDebtExpense": "None", "netIncomeFromContinuingOperations": "0", "comprehensiveIncomeNetOfTax": "None", "ebit": "176723000", "ebitda": "110955000", "netIncome": "114398000"}, {"fiscalDateEnding": "2004-12-31", "reportedCurrency": "USD", "grossProfit": "1867463000", "totalRevenue": "1867463000", "costOfRevenue": "1722913000", "costofGoodsAndServicesSold": "1722913000", "operatingIncome": "76142000", "sellingGeneralAndAdministrative": "2105053434000", "researchAndDevelopment": "0", "operatingExpenses": "2106618000000", "investmentIncomeNet": "None", "netInterestIncome": "None", "interestIncome": "None", "interestExpense": "15314000", "nonInterestIncome": "None", "otherNonOperatingIncome": "None", "depreciation": "None", "depreciationAndAmortization": "None", "incomeBeforeTax": "139869000", "incomeTaxExpense": "53741000", "interestAndDebtExpense": "None", "netIncomeFromContinuingOperations": "0", "comprehensiveIncomeNetOfTax": "None", "ebit": "139869000", "ebitda": "76142000", "netIncome": "86128000"}]}