{"symbol": "KR", "annualReports": [{"fiscalDateEnding": "2025-01-31", "reportedCurrency": "USD", "grossProfit": "33403000000", "totalRevenue": "147123000000", "costOfRevenue": "113720000000", "costofGoodsAndServicesSold": "113720000000", "operatingIncome": "3849000000", "sellingGeneralAndAdministrative": "877000000", "researchAndDevelopment": "None", "operatingExpenses": "29554000000", "investmentIncomeNet": "None", "netInterestIncome": "-450000000", "interestIncome": "None", "interestExpense": "450000000", "nonInterestIncome": "None", "otherNonOperatingIncome": "None", "depreciation": "None", "depreciationAndAmortization": "3246000000", "incomeBeforeTax": "3342000000", "incomeTaxExpense": "670000000", "interestAndDebtExpense": "None", "netIncomeFromContinuingOperations": "2672000000", "comprehensiveIncomeNetOfTax": "None", "ebit": "4395000000", "ebitda": "7641000000", "netIncome": "2665000000"}, {"fiscalDateEnding": "2024-01-31", "reportedCurrency": "USD", "grossProfit": "30239000000", "totalRevenue": "150039000000", "costOfRevenue": "119800000000", "costofGoodsAndServicesSold": "119800000000", "operatingIncome": "3096000000", "sellingGeneralAndAdministrative": "25253000000", "researchAndDevelopment": "None", "operatingExpenses": "30268000000", "investmentIncomeNet": "None", "netInterestIncome": "-441000000", "interestIncome": "None", "interestExpense": "441000000", "nonInterestIncome": "None", "otherNonOperatingIncome": "None", "depreciation": "None", "depreciationAndAmortization": "3750000000", "incomeBeforeTax": "2836000000", "incomeTaxExpense": "667000000", "interestAndDebtExpense": "None", "netIncomeFromContinuingOperations": "2169000000", "comprehensiveIncomeNetOfTax": "None", "ebit": "3285000000", "ebitda": "7035000000", "netIncome": "2164000000"}, {"fiscalDateEnding": "2023-01-31", "reportedCurrency": "USD", "grossProfit": "31778000000", "totalRevenue": "148258000000", "costOfRevenue": "116480000000", "costofGoodsAndServicesSold": "116480000000", "operatingIncome": "4126000000", "sellingGeneralAndAdministrative": "24687000000", "researchAndDevelopment": "None", "operatingExpenses": "27652000000", "investmentIncomeNet": "None", "netInterestIncome": "-535000000", "interestIncome": "1263000000", "interestExpense": "535000000", "nonInterestIncome": "None", "otherNonOperatingIncome": "None", "depreciation": "None", "depreciationAndAmortization": "3579000000", "incomeBeforeTax": "2902000000", "incomeTaxExpense": "653000000", "interestAndDebtExpense": "None", "netIncomeFromContinuingOperations": "2249000000", "comprehensiveIncomeNetOfTax": "None", "ebit": "3446000000", "ebitda": "7025000000", "netIncome": "2244000000"}, {"fiscalDateEnding": "2022-01-31", "reportedCurrency": "USD", "grossProfit": "30349000000", "totalRevenue": "137888000000", "costOfRevenue": "107539000000", "costofGoodsAndServicesSold": "107539000000", "operatingIncome": "3477000000", "sellingGeneralAndAdministrative": "24048000000", "researchAndDevelopment": "None", "operatingExpenses": "26872000000", "investmentIncomeNet": "None", "netInterestIncome": "-571000000", "interestIncome": "1392000000", "interestExpense": "571000000", "nonInterestIncome": "None", "otherNonOperatingIncome": "None", "depreciation": "None", "depreciationAndAmortization": "3429000000", "incomeBeforeTax": "2051000000", "incomeTaxExpense": "385000000", "interestAndDebtExpense": "None", "netIncomeFromContinuingOperations": "1666000000", "comprehensiveIncomeNetOfTax": "None", "ebit": "2632000000", "ebitda": "6061000000", "netIncome": "1655000000"}, {"fiscalDateEnding": "2021-01-31", "reportedCurrency": "USD", "grossProfit": "30901000000", "totalRevenue": "132498000000", "costOfRevenue": "101597000000", "costofGoodsAndServicesSold": "101597000000", "operatingIncome": "2780000000", "sellingGeneralAndAdministrative": "874000000", "researchAndDevelopment": "None", "operatingExpenses": "28121000000", "investmentIncomeNet": "None", "netInterestIncome": "-544000000", "interestIncome": "561000000", "interestExpense": "544000000", "nonInterestIncome": "None", "otherNonOperatingIncome": "None", "depreciation": "None", "depreciationAndAmortization": "3373000000", "incomeBeforeTax": "3370000000", "incomeTaxExpense": "782000000", "interestAndDebtExpense": "None", "netIncomeFromContinuingOperations": "2588000000", "comprehensiveIncomeNetOfTax": "None", "ebit": "3918000000", "ebitda": "7291000000", "netIncome": "2585000000"}, {"fiscalDateEnding": "2020-01-31", "reportedCurrency": "USD", "grossProfit": "26992000000", "totalRevenue": "122286000000", "costOfRevenue": "95294000000", "costofGoodsAndServicesSold": "95294000000", "operatingIncome": "2251000000", "sellingGeneralAndAdministrative": "884000000", "researchAndDevelopment": "None", "operatingExpenses": "24741000000", "investmentIncomeNet": "None", "netInterestIncome": "-603000000", "interestIncome": "446000000", "interestExpense": "603000000", "nonInterestIncome": "None", "otherNonOperatingIncome": "176000000", "depreciation": "None", "depreciationAndAmortization": "3289000000", "incomeBeforeTax": "1981000000", "incomeTaxExpense": "469000000", "interestAndDebtExpense": "None", "netIncomeFromContinuingOperations": "1512000000", "comprehensiveIncomeNetOfTax": "None", "ebit": "1918000000", "ebitda": "5207000000", "netIncome": "1659000000"}, {"fiscalDateEnding": "2019-01-31", "reportedCurrency": "USD", "grossProfit": "26268000000", "totalRevenue": "121162000000", "costOfRevenue": "94894000000", "costofGoodsAndServicesSold": "94894000000", "operatingIncome": "2614000000", "sellingGeneralAndAdministrative": "21189000000", "researchAndDevelopment": "0", "operatingExpenses": "23654000000", "investmentIncomeNet": "None", "netInterestIncome": "-620000000", "interestIncome": "392000000", "interestExpense": "620000000", "nonInterestIncome": "None", "otherNonOperatingIncome": "1782000000", "depreciation": "None", "depreciationAndAmortization": "2465000000", "incomeBeforeTax": "3978000000", "incomeTaxExpense": "900000000", "interestAndDebtExpense": "None", "netIncomeFromContinuingOperations": "3078000000", "comprehensiveIncomeNetOfTax": "None", "ebit": "4594000000", "ebitda": "7059000000", "netIncome": "3110000000"}, {"fiscalDateEnding": "2018-01-31", "reportedCurrency": "USD", "grossProfit": "27000000000", "totalRevenue": "122662000000", "costOfRevenue": "95662000000", "costofGoodsAndServicesSold": "95662000000", "operatingIncome": "2085000000", "sellingGeneralAndAdministrative": "911000000", "researchAndDevelopment": "0", "operatingExpenses": "24915000000", "investmentIncomeNet": "None", "netInterestIncome": "-601000000", "interestIncome": "601000000", "interestExpense": "601000000", "nonInterestIncome": "None", "otherNonOperatingIncome": "None", "depreciation": "None", "depreciationAndAmortization": "2436000000", "incomeBeforeTax": "1484000000", "incomeTaxExpense": "-405000000", "interestAndDebtExpense": "None", "netIncomeFromContinuingOperations": "1889000000", "comprehensiveIncomeNetOfTax": "None", "ebit": "2082000000", "ebitda": "4518000000", "netIncome": "1907000000"}, {"fiscalDateEnding": "2017-01-31", "reportedCurrency": "USD", "grossProfit": "25835000000", "totalRevenue": "115337000000", "costOfRevenue": "89502000000", "costofGoodsAndServicesSold": "89502000000", "operatingIncome": "3436000000", "sellingGeneralAndAdministrative": "881000000", "researchAndDevelopment": "0", "operatingExpenses": "22399000000", "investmentIncomeNet": "None", "netInterestIncome": "-522000000", "interestIncome": "522000000", "interestExpense": "522000000", "nonInterestIncome": "None", "otherNonOperatingIncome": "None", "depreciation": "None", "depreciationAndAmortization": "2340000000", "incomeBeforeTax": "2914000000", "incomeTaxExpense": "957000000", "interestAndDebtExpense": "None", "netIncomeFromContinuingOperations": "1957000000", "comprehensiveIncomeNetOfTax": "None", "ebit": "3436000000", "ebitda": "5776000000", "netIncome": "1975000000"}, {"fiscalDateEnding": "2016-01-31", "reportedCurrency": "USD", "grossProfit": "24334000000", "totalRevenue": "109830000000", "costOfRevenue": "85496000000", "costofGoodsAndServicesSold": "85496000000", "operatingIncome": "3576000000", "sellingGeneralAndAdministrative": "723000000", "researchAndDevelopment": "0", "operatingExpenses": "20758000000", "investmentIncomeNet": "None", "netInterestIncome": "None", "interestIncome": "482000000", "interestExpense": "482000000", "nonInterestIncome": "None", "otherNonOperatingIncome": "None", "depreciation": "None", "depreciationAndAmortization": "2089000000", "incomeBeforeTax": "3094000000", "incomeTaxExpense": "1045000000", "interestAndDebtExpense": "None", "netIncomeFromContinuingOperations": "2049000000", "comprehensiveIncomeNetOfTax": "None", "ebit": "3576000000", "ebitda": "5665000000", "netIncome": "2039000000"}, {"fiscalDateEnding": "2015-01-31", "reportedCurrency": "USD", "grossProfit": "22953000000", "totalRevenue": "108465000000", "costOfRevenue": "85512000000", "costofGoodsAndServicesSold": "85512000000", "operatingIncome": "3137000000", "sellingGeneralAndAdministrative": "707000000", "researchAndDevelopment": "0", "operatingExpenses": "19816000000", "investmentIncomeNet": "None", "netInterestIncome": "None", "interestIncome": "None", "interestExpense": "488000000", "nonInterestIncome": "None", "otherNonOperatingIncome": "None", "depreciation": "None", "depreciationAndAmortization": "1948000000", "incomeBeforeTax": "2649000000", "incomeTaxExpense": "902000000", "interestAndDebtExpense": "None", "netIncomeFromContinuingOperations": "1747000000", "comprehensiveIncomeNetOfTax": "None", "ebit": "3137000000", "ebitda": "5085000000", "netIncome": "1728000000"}, {"fiscalDateEnding": "2014-01-31", "reportedCurrency": "USD", "grossProfit": "20237000000", "totalRevenue": "98375000000", "costOfRevenue": "78138000000", "costofGoodsAndServicesSold": "78138000000", "operatingIncome": "2725000000", "sellingGeneralAndAdministrative": "613000000", "researchAndDevelopment": "0", "operatingExpenses": "17512000000", "investmentIncomeNet": "None", "netInterestIncome": "None", "interestIncome": "None", "interestExpense": "443000000", "nonInterestIncome": "None", "otherNonOperatingIncome": "None", "depreciation": "None", "depreciationAndAmortization": "1703000000", "incomeBeforeTax": "2282000000", "incomeTaxExpense": "751000000", "interestAndDebtExpense": "None", "netIncomeFromContinuingOperations": "1531000000", "comprehensiveIncomeNetOfTax": "None", "ebit": "2743000000", "ebitda": "4446000000", "netIncome": "1519000000"}, {"fiscalDateEnding": "2013-01-31", "reportedCurrency": "USD", "grossProfit": "19893100000", "totalRevenue": "96751300000", "costOfRevenue": "76858200000", "costofGoodsAndServicesSold": "76858200000", "operatingIncome": "2763500000", "sellingGeneralAndAdministrative": "628400000", "researchAndDevelopment": "0", "operatingExpenses": "17129600000", "investmentIncomeNet": "None", "netInterestIncome": "None", "interestIncome": "None", "interestExpense": "462000000", "nonInterestIncome": "None", "otherNonOperatingIncome": "None", "depreciation": "None", "depreciationAndAmortization": "1651500000", "incomeBeforeTax": "2301500000", "incomeTaxExpense": "793800000", "interestAndDebtExpense": "None", "netIncomeFromContinuingOperations": "1508000000", "comprehensiveIncomeNetOfTax": "None", "ebit": "2763500000", "ebitda": "4415000000", "netIncome": "1496500000"}, {"fiscalDateEnding": "2012-01-31", "reportedCurrency": "USD", "grossProfit": "18879800000", "totalRevenue": "90374400000", "costOfRevenue": "71494600000", "costofGoodsAndServicesSold": "71494600000", "operatingIncome": "1278400000", "sellingGeneralAndAdministrative": "15963600000", "researchAndDevelopment": "0", "operatingExpenses": "17601400000", "investmentIncomeNet": "None", "netInterestIncome": "None", "interestIncome": "None", "interestExpense": "434900000", "nonInterestIncome": "None", "otherNonOperatingIncome": "None", "depreciation": "None", "depreciationAndAmortization": "1637800000", "incomeBeforeTax": "843500000", "incomeTaxExpense": "247400000", "interestAndDebtExpense": "None", "netIncomeFromContinuingOperations": "596000000", "comprehensiveIncomeNetOfTax": "None", "ebit": "1278400000", "ebitda": "2916200000", "netIncome": "602100000"}, {"fiscalDateEnding": "2011-01-31", "reportedCurrency": "USD", "grossProfit": "18261600000", "totalRevenue": "82189400000", "costOfRevenue": "63927800000", "costofGoodsAndServicesSold": "63927800000", "operatingIncome": "2181900000", "sellingGeneralAndAdministrative": "14461200000", "researchAndDevelopment": "0", "operatingExpenses": "16061100000", "investmentIncomeNet": "None", "netInterestIncome": "None", "interestIncome": "None", "interestExpense": "447600000", "nonInterestIncome": "None", "otherNonOperatingIncome": "None", "depreciation": "None", "depreciationAndAmortization": "1599900000", "incomeBeforeTax": "1734300000", "incomeTaxExpense": "601300000", "interestAndDebtExpense": "None", "netIncomeFromContinuingOperations": "1133000000", "comprehensiveIncomeNetOfTax": "None", "ebit": "2182100000", "ebitda": "3782000000", "netIncome": "1116300000"}, {"fiscalDateEnding": "2010-01-31", "reportedCurrency": "USD", "grossProfit": "17774900000", "totalRevenue": "76733200000", "costOfRevenue": "58958300000", "costofGoodsAndServicesSold": "58958300000", "operatingIncome": "1091000000", "sellingGeneralAndAdministrative": "14045900000", "researchAndDevelopment": "0", "operatingExpenses": "15570800000", "investmentIncomeNet": "None", "netInterestIncome": "None", "interestIncome": "None", "interestExpense": "502300000", "nonInterestIncome": "None", "otherNonOperatingIncome": "None", "depreciation": "None", "depreciationAndAmortization": "1524900000", "incomeBeforeTax": "589100000", "incomeTaxExpense": "532400000", "interestAndDebtExpense": "None", "netIncomeFromContinuingOperations": "57000000", "comprehensiveIncomeNetOfTax": "None", "ebit": "1091100000", "ebitda": "2616000000", "netIncome": "70000000"}, {"fiscalDateEnding": "2009-01-31", "reportedCurrency": "USD", "grossProfit": "17436000000", "totalRevenue": "76000000000", "costOfRevenue": "58564000000", "costofGoodsAndServicesSold": "58564000000", "operatingIncome": "2451000000", "sellingGeneralAndAdministrative": "13543000000", "researchAndDevelopment": "None", "operatingExpenses": "14985000000", "investmentIncomeNet": "None", "netInterestIncome": "None", "interestIncome": "None", "interestExpense": "485000000", "nonInterestIncome": "None", "otherNonOperatingIncome": "None", "depreciation": "None", "depreciationAndAmortization": "1442000000", "incomeBeforeTax": "1966000000", "incomeTaxExpense": "717000000", "interestAndDebtExpense": "None", "netIncomeFromContinuingOperations": "None", "comprehensiveIncomeNetOfTax": "None", "ebit": "2451000000", "ebitda": "3893000000", "netIncome": "1249000000"}, {"fiscalDateEnding": "2008-01-31", "reportedCurrency": "USD", "grossProfit": "16456000000", "totalRevenue": "70235000000", "costOfRevenue": "53779000000", "costofGoodsAndServicesSold": "53779000000", "operatingIncome": "2301000000", "sellingGeneralAndAdministrative": "12799000000", "researchAndDevelopment": "None", "operatingExpenses": "14155000000", "investmentIncomeNet": "None", "netInterestIncome": "None", "interestIncome": "None", "interestExpense": "474000000", "nonInterestIncome": "None", "otherNonOperatingIncome": "None", "depreciation": "None", "depreciationAndAmortization": "1356000000", "incomeBeforeTax": "1827000000", "incomeTaxExpense": "646000000", "interestAndDebtExpense": "None", "netIncomeFromContinuingOperations": "None", "comprehensiveIncomeNetOfTax": "None", "ebit": "2301000000", "ebitda": "3657000000", "netIncome": "1181000000"}, {"fiscalDateEnding": "2007-01-31", "reportedCurrency": "USD", "grossProfit": "15996000000", "totalRevenue": "66111000000", "costOfRevenue": "50115000000", "costofGoodsAndServicesSold": "50115000000", "operatingIncome": "2236000000", "sellingGeneralAndAdministrative": "12488000000", "researchAndDevelopment": "None", "operatingExpenses": "13760000000", "investmentIncomeNet": "None", "netInterestIncome": "None", "interestIncome": "None", "interestExpense": "488000000", "nonInterestIncome": "None", "otherNonOperatingIncome": "None", "depreciation": "None", "depreciationAndAmortization": "1272000000", "incomeBeforeTax": "1748000000", "incomeTaxExpense": "633000000", "interestAndDebtExpense": "None", "netIncomeFromContinuingOperations": "None", "comprehensiveIncomeNetOfTax": "None", "ebit": "2236000000", "ebitda": "3508000000", "netIncome": "1115000000"}, {"fiscalDateEnding": "2006-01-31", "reportedCurrency": "USD", "grossProfit": "14988000000", "totalRevenue": "60553000000", "costOfRevenue": "45565000000", "costofGoodsAndServicesSold": "45565000000", "operatingIncome": "2035000000", "sellingGeneralAndAdministrative": "11688000000", "researchAndDevelopment": "None", "operatingExpenses": "12953000000", "investmentIncomeNet": "None", "netInterestIncome": "None", "interestIncome": "None", "interestExpense": "510000000", "nonInterestIncome": "None", "otherNonOperatingIncome": "None", "depreciation": "None", "depreciationAndAmortization": "1265000000", "incomeBeforeTax": "1525000000", "incomeTaxExpense": "567000000", "interestAndDebtExpense": "None", "netIncomeFromContinuingOperations": "None", "comprehensiveIncomeNetOfTax": "None", "ebit": "2035000000", "ebitda": "3300000000", "netIncome": "958000000"}], "quarterlyReports": [{"fiscalDateEnding": "2025-01-31", "reportedCurrency": "USD", "grossProfit": "7921000000", "totalRevenue": "34308000000", "costOfRevenue": "26387000000", "costofGoodsAndServicesSold": "26387000000", "operatingIncome": "912000000", "sellingGeneralAndAdministrative": "205000000", "researchAndDevelopment": "None", "operatingExpenses": "7009000000", "investmentIncomeNet": "None", "netInterestIncome": "-156000000", "interestIncome": "None", "interestExpense": "156000000", "nonInterestIncome": "None", "otherNonOperatingIncome": "None", "depreciation": "None", "depreciationAndAmortization": "760000000", "incomeBeforeTax": "736000000", "incomeTaxExpense": "102000000", "interestAndDebtExpense": "None", "netIncomeFromContinuingOperations": "634000000", "comprehensiveIncomeNetOfTax": "None", "ebit": "1125000000", "ebitda": "1885000000", "netIncome": "634000000"}, {"fiscalDateEnding": "2024-10-31", "reportedCurrency": "USD", "grossProfit": "7686000000", "totalRevenue": "33634000000", "costOfRevenue": "25948000000", "costofGoodsAndServicesSold": "25948000000", "operatingIncome": "828000000", "sellingGeneralAndAdministrative": "5898000000", "researchAndDevelopment": "None", "operatingExpenses": "6858000000", "investmentIncomeNet": "None", "netInterestIncome": "-86000000", "interestIncome": "None", "interestExpense": "86000000", "nonInterestIncome": "None", "otherNonOperatingIncome": "None", "depreciation": "None", "depreciationAndAmortization": "896000000", "incomeBeforeTax": "804000000", "incomeTaxExpense": "187000000", "interestAndDebtExpense": "None", "netIncomeFromContinuingOperations": "617000000", "comprehensiveIncomeNetOfTax": "None", "ebit": "890000000", "ebitda": "1786000000", "netIncome": "618000000"}, {"fiscalDateEnding": "2024-07-31", "reportedCurrency": "USD", "grossProfit": "7651000000", "totalRevenue": "33912000000", "costOfRevenue": "26261000000", "costofGoodsAndServicesSold": "26261000000", "operatingIncome": "815000000", "sellingGeneralAndAdministrative": "199000000", "researchAndDevelopment": "None", "operatingExpenses": "6836000000", "investmentIncomeNet": "None", "netInterestIncome": "-84000000", "interestIncome": "None", "interestExpense": "84000000", "nonInterestIncome": "None", "otherNonOperatingIncome": "None", "depreciation": "None", "depreciationAndAmortization": "890000000", "incomeBeforeTax": "613000000", "incomeTaxExpense": "148000000", "interestAndDebtExpense": "None", "netIncomeFromContinuingOperations": "465000000", "comprehensiveIncomeNetOfTax": "None", "ebit": "700000000", "ebitda": "1590000000", "netIncome": "466000000"}, {"fiscalDateEnding": "2024-04-30", "reportedCurrency": "USD", "grossProfit": "9167000000", "totalRevenue": "45269000000", "costOfRevenue": "36102000000", "costofGoodsAndServicesSold": "36102000000", "operatingIncome": "1469000000", "sellingGeneralAndAdministrative": "7604000000", "researchAndDevelopment": "None", "operatingExpenses": "7698000000", "investmentIncomeNet": "None", "netInterestIncome": "-123000000", "interestIncome": "None", "interestExpense": "123000000", "nonInterestIncome": "None", "otherNonOperatingIncome": "None", "depreciation": "None", "depreciationAndAmortization": "1165000000", "incomeBeforeTax": "1191000000", "incomeTaxExpense": "235000000", "interestAndDebtExpense": "None", "netIncomeFromContinuingOperations": "956000000", "comprehensiveIncomeNetOfTax": "None", "ebit": "1317000000", "ebitda": "2482000000", "netIncome": "947000000"}, {"fiscalDateEnding": "2024-01-31", "reportedCurrency": "USD", "grossProfit": "7692000000", "totalRevenue": "37064000000", "costOfRevenue": "29372000000", "costofGoodsAndServicesSold": "29372000000", "operatingIncome": "1401000000", "sellingGeneralAndAdministrative": "214000000", "researchAndDevelopment": "None", "operatingExpenses": "6291000000", "investmentIncomeNet": "None", "netInterestIncome": "-100000000", "interestIncome": "None", "interestExpense": "100000000", "nonInterestIncome": "None", "otherNonOperatingIncome": "None", "depreciation": "None", "depreciationAndAmortization": "882000000", "incomeBeforeTax": "934000000", "incomeTaxExpense": "195000000", "interestAndDebtExpense": "None", "netIncomeFromContinuingOperations": "739000000", "comprehensiveIncomeNetOfTax": "None", "ebit": "1036000000", "ebitda": "1918000000", "netIncome": "736000000"}, {"fiscalDateEnding": "2023-10-31", "reportedCurrency": "USD", "grossProfit": "7480000000", "totalRevenue": "33957000000", "costOfRevenue": "26477000000", "costofGoodsAndServicesSold": "26477000000", "operatingIncome": "912000000", "sellingGeneralAndAdministrative": "194000000", "researchAndDevelopment": "None", "operatingExpenses": "6561000000", "investmentIncomeNet": "None", "netInterestIncome": "-100000000", "interestIncome": "None", "interestExpense": "94000000", "nonInterestIncome": "None", "otherNonOperatingIncome": "None", "depreciation": "None", "depreciationAndAmortization": "863000000", "incomeBeforeTax": "851000000", "incomeTaxExpense": "204000000", "interestAndDebtExpense": "None", "netIncomeFromContinuingOperations": "739000000", "comprehensiveIncomeNetOfTax": "None", "ebit": "947000000", "ebitda": "1810000000", "netIncome": "646000000"}, {"fiscalDateEnding": "2023-07-31", "reportedCurrency": "USD", "grossProfit": "7378000000", "totalRevenue": "33853000000", "costOfRevenue": "26475000000", "costofGoodsAndServicesSold": "26475000000", "operatingIncome": "-479000000", "sellingGeneralAndAdministrative": "206000000", "researchAndDevelopment": "None", "operatingExpenses": "7857000000", "investmentIncomeNet": "None", "netInterestIncome": "-94000000", "interestIncome": "274000000", "interestExpense": "93000000", "nonInterestIncome": "None", "otherNonOperatingIncome": "None", "depreciation": "None", "depreciationAndAmortization": "858000000", "incomeBeforeTax": "-197000000", "incomeTaxExpense": "-18000000", "interestAndDebtExpense": "None", "netIncomeFromContinuingOperations": "647000000", "comprehensiveIncomeNetOfTax": "None", "ebit": "-102000000", "ebitda": "756000000", "netIncome": "-180000000"}, {"fiscalDateEnding": "2023-04-30", "reportedCurrency": "USD", "grossProfit": "10085000000", "totalRevenue": "45165000000", "costOfRevenue": "35080000000", "costofGoodsAndServicesSold": "35080000000", "operatingIncome": "1470000000", "sellingGeneralAndAdministrative": "7658000000", "researchAndDevelopment": "None", "operatingExpenses": "8615000000", "investmentIncomeNet": "None", "netInterestIncome": "-93000000", "interestIncome": "231000000", "interestExpense": "153000000", "nonInterestIncome": "None", "otherNonOperatingIncome": "None", "depreciation": "None", "depreciationAndAmortization": "1145000000", "incomeBeforeTax": "1248000000", "incomeTaxExpense": "286000000", "interestAndDebtExpense": "None", "netIncomeFromContinuingOperations": "-179000000", "comprehensiveIncomeNetOfTax": "None", "ebit": "1403000000", "ebitda": "2548000000", "netIncome": "962000000"}, {"fiscalDateEnding": "2023-01-31", "reportedCurrency": "USD", "grossProfit": "7576000000", "totalRevenue": "34822000000", "costOfRevenue": "27246000000", "costofGoodsAndServicesSold": "27246000000", "operatingIncome": "826000000", "sellingGeneralAndAdministrative": "197000000", "researchAndDevelopment": "None", "operatingExpenses": "6750000000", "investmentIncomeNet": "None", "netInterestIncome": "-153000000", "interestIncome": "None", "interestExpense": "113000000", "nonInterestIncome": "None", "otherNonOperatingIncome": "None", "depreciation": "None", "depreciationAndAmortization": "849000000", "incomeBeforeTax": "623000000", "incomeTaxExpense": "172000000", "interestAndDebtExpense": "None", "netIncomeFromContinuingOperations": "962000000", "comprehensiveIncomeNetOfTax": "None", "ebit": "736000000", "ebitda": "1585000000", "netIncome": "451000000"}, {"fiscalDateEnding": "2022-10-31", "reportedCurrency": "USD", "grossProfit": "7308000000", "totalRevenue": "34198000000", "costOfRevenue": "26890000000", "costofGoodsAndServicesSold": "26890000000", "operatingIncome": "841000000", "sellingGeneralAndAdministrative": "5782000000", "researchAndDevelopment": "None", "operatingExpenses": "6467000000", "investmentIncomeNet": "None", "netInterestIncome": "-113000000", "interestIncome": "326000000", "interestExpense": "119000000", "nonInterestIncome": "None", "otherNonOperatingIncome": "None", "depreciation": "None", "depreciationAndAmortization": "827000000", "incomeBeforeTax": "526000000", "incomeTaxExpense": "126000000", "interestAndDebtExpense": "None", "netIncomeFromContinuingOperations": "451000000", "comprehensiveIncomeNetOfTax": "None", "ebit": "647000000", "ebitda": "1474000000", "netIncome": "398000000"}, {"fiscalDateEnding": "2022-07-31", "reportedCurrency": "USD", "grossProfit": "6562000000", "totalRevenue": "34638000000", "costOfRevenue": "28076000000", "costofGoodsAndServicesSold": "28076000000", "operatingIncome": "964000000", "sellingGeneralAndAdministrative": "5608000000", "researchAndDevelopment": "None", "operatingExpenses": "5598000000", "investmentIncomeNet": "None", "netInterestIncome": "-119000000", "interestIncome": "24000000", "interestExpense": "129000000", "nonInterestIncome": "None", "otherNonOperatingIncome": "None", "depreciation": "None", "depreciationAndAmortization": "1013000000", "incomeBeforeTax": "941000000", "incomeTaxExpense": "209000000", "interestAndDebtExpense": "None", "netIncomeFromContinuingOperations": "400000000", "comprehensiveIncomeNetOfTax": "None", "ebit": "1070000000", "ebitda": "2083000000", "netIncome": "724000000"}, {"fiscalDateEnding": "2022-04-30", "reportedCurrency": "USD", "grossProfit": "8758000000", "totalRevenue": "44600000000", "costOfRevenue": "35842000000", "costofGoodsAndServicesSold": "35842000000", "operatingIncome": "1512000000", "sellingGeneralAndAdministrative": "256000000", "researchAndDevelopment": "None", "operatingExpenses": "7246000000", "investmentIncomeNet": "None", "netInterestIncome": "-127000000", "interestIncome": "709000000", "interestExpense": "177000000", "nonInterestIncome": "None", "otherNonOperatingIncome": "None", "depreciation": "None", "depreciationAndAmortization": "1076000000", "incomeBeforeTax": "812000000", "incomeTaxExpense": "146000000", "interestAndDebtExpense": "None", "netIncomeFromContinuingOperations": "732000000", "comprehensiveIncomeNetOfTax": "None", "ebit": "992000000", "ebitda": "2068000000", "netIncome": "664000000"}, {"fiscalDateEnding": "2022-01-31", "reportedCurrency": "USD", "grossProfit": "7330000000", "totalRevenue": "33048000000", "costOfRevenue": "25718000000", "costofGoodsAndServicesSold": "25718000000", "operatingIncome": "965000000", "sellingGeneralAndAdministrative": "5708000000", "researchAndDevelopment": "None", "operatingExpenses": "6365000000", "investmentIncomeNet": "None", "netInterestIncome": "-177000000", "interestIncome": "None", "interestExpense": "133000000", "nonInterestIncome": "None", "otherNonOperatingIncome": "None", "depreciation": "None", "depreciationAndAmortization": "794000000", "incomeBeforeTax": "715000000", "incomeTaxExpense": "146000000", "interestAndDebtExpense": "None", "netIncomeFromContinuingOperations": "666000000", "comprehensiveIncomeNetOfTax": "None", "ebit": "848000000", "ebitda": "1642000000", "netIncome": "566000000"}, {"fiscalDateEnding": "2021-10-31", "reportedCurrency": "USD", "grossProfit": "6901000000", "totalRevenue": "31860000000", "costOfRevenue": "24959000000", "costofGoodsAndServicesSold": "24959000000", "operatingIncome": "868000000", "sellingGeneralAndAdministrative": "197000000", "researchAndDevelopment": "None", "operatingExpenses": "6033000000", "investmentIncomeNet": "None", "netInterestIncome": "-133000000", "interestIncome": "229000000", "interestExpense": "135000000", "nonInterestIncome": "None", "otherNonOperatingIncome": "None", "depreciation": "None", "depreciationAndAmortization": "795000000", "incomeBeforeTax": "562000000", "incomeTaxExpense": "77000000", "interestAndDebtExpense": "None", "netIncomeFromContinuingOperations": "569000000", "comprehensiveIncomeNetOfTax": "None", "ebit": "697000000", "ebitda": "1492000000", "netIncome": "483000000"}, {"fiscalDateEnding": "2021-07-31", "reportedCurrency": "USD", "grossProfit": "6768000000", "totalRevenue": "31682000000", "costOfRevenue": "24914000000", "costofGoodsAndServicesSold": "24914000000", "operatingIncome": "839000000", "sellingGeneralAndAdministrative": "191000000", "researchAndDevelopment": "None", "operatingExpenses": "5929000000", "investmentIncomeNet": "None", "netInterestIncome": "-135000000", "interestIncome": "259000000", "interestExpense": "137000000", "nonInterestIncome": "None", "otherNonOperatingIncome": "None", "depreciation": "None", "depreciationAndAmortization": "788000000", "incomeBeforeTax": "595000000", "incomeTaxExpense": "126000000", "interestAndDebtExpense": "None", "netIncomeFromContinuingOperations": "485000000", "comprehensiveIncomeNetOfTax": "None", "ebit": "732000000", "ebitda": "1520000000", "netIncome": "467000000"}, {"fiscalDateEnding": "2021-04-30", "reportedCurrency": "USD", "grossProfit": "9351000000", "totalRevenue": "41298000000", "costOfRevenue": "31947000000", "costofGoodsAndServicesSold": "31947000000", "operatingIncome": "805000000", "sellingGeneralAndAdministrative": "7685000000", "researchAndDevelopment": "None", "operatingExpenses": "8546000000", "investmentIncomeNet": "None", "netInterestIncome": "-165000000", "interestIncome": "644000000", "interestExpense": "165000000", "nonInterestIncome": "None", "otherNonOperatingIncome": "None", "depreciation": "None", "depreciationAndAmortization": "1052000000", "incomeBeforeTax": "179000000", "incomeTaxExpense": "36000000", "interestAndDebtExpense": "None", "netIncomeFromContinuingOperations": "143000000", "comprehensiveIncomeNetOfTax": "None", "ebit": "344000000", "ebitda": "1396000000", "netIncome": "140000000"}, {"fiscalDateEnding": "2021-01-31", "reportedCurrency": "USD", "grossProfit": "7046000000", "totalRevenue": "30737000000", "costOfRevenue": "23691000000", "costofGoodsAndServicesSold": "23691000000", "operatingIncome": "-158000000", "sellingGeneralAndAdministrative": "192000000", "researchAndDevelopment": "None", "operatingExpenses": "7204000000", "investmentIncomeNet": "None", "netInterestIncome": "-165000000", "interestIncome": "None", "interestExpense": "106000000", "nonInterestIncome": "None", "otherNonOperatingIncome": "None", "depreciation": "None", "depreciationAndAmortization": "819000000", "incomeBeforeTax": "-110000000", "incomeTaxExpense": "-34000000", "interestAndDebtExpense": "None", "netIncomeFromContinuingOperations": "143000000", "comprehensiveIncomeNetOfTax": "None", "ebit": "-4000000", "ebitda": "815000000", "netIncome": "-77000000"}, {"fiscalDateEnding": "2020-10-31", "reportedCurrency": "USD", "grossProfit": "6822000000", "totalRevenue": "29723000000", "costOfRevenue": "22901000000", "costofGoodsAndServicesSold": "22901000000", "operatingIncome": "792000000", "sellingGeneralAndAdministrative": "205000000", "researchAndDevelopment": "None", "operatingExpenses": "6030000000", "investmentIncomeNet": "None", "netInterestIncome": "-106000000", "interestIncome": "33000000", "interestExpense": "129000000", "nonInterestIncome": "None", "otherNonOperatingIncome": "None", "depreciation": "None", "depreciationAndAmortization": "776000000", "incomeBeforeTax": "834000000", "incomeTaxExpense": "202000000", "interestAndDebtExpense": "None", "netIncomeFromContinuingOperations": "632000000", "comprehensiveIncomeNetOfTax": "None", "ebit": "964000000", "ebitda": "1740000000", "netIncome": "631000000"}, {"fiscalDateEnding": "2020-07-31", "reportedCurrency": "USD", "grossProfit": "6938000000", "totalRevenue": "30489000000", "costOfRevenue": "23551000000", "costofGoodsAndServicesSold": "23551000000", "operatingIncome": "820000000", "sellingGeneralAndAdministrative": "204000000", "researchAndDevelopment": "None", "operatingExpenses": "6118000000", "investmentIncomeNet": "None", "netInterestIncome": "-129000000", "interestIncome": "233000000", "interestExpense": "135000000", "nonInterestIncome": "None", "otherNonOperatingIncome": "None", "depreciation": "None", "depreciationAndAmortization": "760000000", "incomeBeforeTax": "1061000000", "incomeTaxExpense": "241000000", "interestAndDebtExpense": "None", "netIncomeFromContinuingOperations": "820000000", "comprehensiveIncomeNetOfTax": "None", "ebit": "1197000000", "ebitda": "1957000000", "netIncome": "819000000"}, {"fiscalDateEnding": "2020-04-30", "reportedCurrency": "USD", "grossProfit": "10095000000", "totalRevenue": "41549000000", "costOfRevenue": "31454000000", "costofGoodsAndServicesSold": "31454000000", "operatingIncome": "1326000000", "sellingGeneralAndAdministrative": "273000000", "researchAndDevelopment": "None", "operatingExpenses": "8769000000", "investmentIncomeNet": "None", "netInterestIncome": "-135000000", "interestIncome": "248000000", "interestExpense": "174000000", "nonInterestIncome": "None", "otherNonOperatingIncome": "None", "depreciation": "None", "depreciationAndAmortization": "1018000000", "incomeBeforeTax": "1585000000", "incomeTaxExpense": "373000000", "interestAndDebtExpense": "None", "netIncomeFromContinuingOperations": "820000000", "comprehensiveIncomeNetOfTax": "None", "ebit": "1761000000", "ebitda": "2779000000", "netIncome": "1212000000"}, {"fiscalDateEnding": "2020-01-31", "reportedCurrency": "USD", "grossProfit": "6386000000", "totalRevenue": "28893000000", "costOfRevenue": "22507000000", "costofGoodsAndServicesSold": "22507000000", "operatingIncome": "537000000", "sellingGeneralAndAdministrative": "209000000", "researchAndDevelopment": "None", "operatingExpenses": "5849000000", "investmentIncomeNet": "None", "netInterestIncome": "-174000000", "interestIncome": "149000000", "interestExpense": "140000000", "nonInterestIncome": "None", "otherNonOperatingIncome": "None", "depreciation": "None", "depreciationAndAmortization": "801000000", "incomeBeforeTax": "390000000", "incomeTaxExpense": "71000000", "interestAndDebtExpense": "None", "netIncomeFromContinuingOperations": "1212000000", "comprehensiveIncomeNetOfTax": "None", "ebit": "520000000", "ebitda": "1321000000", "netIncome": "327000000"}, {"fiscalDateEnding": "2019-10-31", "reportedCurrency": "USD", "grossProfit": "6176000000", "totalRevenue": "27974000000", "costOfRevenue": "21798000000", "costofGoodsAndServicesSold": "21798000000", "operatingIncome": "254000000", "sellingGeneralAndAdministrative": "201000000", "researchAndDevelopment": "None", "operatingExpenses": "5922000000", "investmentIncomeNet": "None", "netInterestIncome": "-140000000", "interestIncome": "31000000", "interestExpense": "137000000", "nonInterestIncome": "None", "otherNonOperatingIncome": "None", "depreciation": "None", "depreciationAndAmortization": "772000000", "incomeBeforeTax": "222000000", "incomeTaxExpense": "79000000", "interestAndDebtExpense": "None", "netIncomeFromContinuingOperations": "319000000", "comprehensiveIncomeNetOfTax": "None", "ebit": "361000000", "ebitda": "1133000000", "netIncome": "263000000"}, {"fiscalDateEnding": "2019-07-31", "reportedCurrency": "USD", "grossProfit": "6161000000", "totalRevenue": "28168000000", "costOfRevenue": "22007000000", "costofGoodsAndServicesSold": "22007000000", "operatingIncome": "559000000", "sellingGeneralAndAdministrative": "200000000", "researchAndDevelopment": "None", "operatingExpenses": "5602000000", "investmentIncomeNet": "None", "netInterestIncome": "-137000000", "interestIncome": "175000000", "interestExpense": "130000000", "nonInterestIncome": "None", "otherNonOperatingIncome": "None", "depreciation": "None", "depreciationAndAmortization": "740000000", "incomeBeforeTax": "380000000", "incomeTaxExpense": "93000000", "interestAndDebtExpense": "None", "netIncomeFromContinuingOperations": "143000000", "comprehensiveIncomeNetOfTax": "None", "ebit": "512000000", "ebitda": "1252000000", "netIncome": "297000000"}, {"fiscalDateEnding": "2019-04-30", "reportedCurrency": "USD", "grossProfit": "8268000000", "totalRevenue": "37251000000", "costOfRevenue": "28983000000", "costofGoodsAndServicesSold": "28983000000", "operatingIncome": "901000000", "sellingGeneralAndAdministrative": "274000000", "researchAndDevelopment": "None", "operatingExpenses": "7367000000", "investmentIncomeNet": "None", "netInterestIncome": "-130000000", "interestIncome": "None", "interestExpense": "197000000", "nonInterestIncome": "None", "otherNonOperatingIncome": "None", "depreciation": "None", "depreciationAndAmortization": "976000000", "incomeBeforeTax": "989000000", "incomeTaxExpense": "226000000", "interestAndDebtExpense": "None", "netIncomeFromContinuingOperations": "287000000", "comprehensiveIncomeNetOfTax": "None", "ebit": "1188000000", "ebitda": "2164000000", "netIncome": "772000000"}, {"fiscalDateEnding": "2019-01-31", "reportedCurrency": "USD", "grossProfit": "6189000000", "totalRevenue": "28091000000", "costOfRevenue": "21902000000", "costofGoodsAndServicesSold": "21902000000", "operatingIncome": "391000000", "sellingGeneralAndAdministrative": "204000000", "researchAndDevelopment": "None", "operatingExpenses": "5798000000", "investmentIncomeNet": "None", "netInterestIncome": "None", "interestIncome": "None", "interestExpense": "142000000", "nonInterestIncome": "None", "otherNonOperatingIncome": "None", "depreciation": "None", "depreciationAndAmortization": "581000000", "incomeBeforeTax": "317000000", "incomeTaxExpense": "66000000", "interestAndDebtExpense": "None", "netIncomeFromContinuingOperations": "None", "comprehensiveIncomeNetOfTax": "None", "ebit": "459000000", "ebitda": "1040000000", "netIncome": "259000000"}, {"fiscalDateEnding": "2018-10-31", "reportedCurrency": "USD", "grossProfit": "5973000000", "totalRevenue": "27672000000", "costOfRevenue": "21699000000", "costofGoodsAndServicesSold": "21699000000", "operatingIncome": "647000000", "sellingGeneralAndAdministrative": "200000000", "researchAndDevelopment": "0", "operatingExpenses": "5326000000", "investmentIncomeNet": "None", "netInterestIncome": "None", "interestIncome": "None", "interestExpense": "142000000", "nonInterestIncome": "None", "otherNonOperatingIncome": "None", "depreciation": "None", "depreciationAndAmortization": "569000000", "incomeBeforeTax": "399000000", "incomeTaxExpense": "91000000", "interestAndDebtExpense": "None", "netIncomeFromContinuingOperations": "308000000", "comprehensiveIncomeNetOfTax": "None", "ebit": "542000000", "ebitda": "1111000000", "netIncome": "317000000"}, {"fiscalDateEnding": "2018-07-31", "reportedCurrency": "USD", "grossProfit": "5939000000", "totalRevenue": "27869000000", "costOfRevenue": "21930000000", "costofGoodsAndServicesSold": "21930000000", "operatingIncome": "549000000", "sellingGeneralAndAdministrative": "204000000", "researchAndDevelopment": "0", "operatingExpenses": "5390000000", "investmentIncomeNet": "None", "netInterestIncome": "None", "interestIncome": "None", "interestExpense": "144000000", "nonInterestIncome": "None", "otherNonOperatingIncome": "11000000", "depreciation": "None", "depreciationAndAmortization": "574000000", "incomeBeforeTax": "628000000", "incomeTaxExpense": "127000000", "interestAndDebtExpense": "None", "netIncomeFromContinuingOperations": "501000000", "comprehensiveIncomeNetOfTax": "None", "ebit": "545000000", "ebitda": "1119000000", "netIncome": "508000000"}, {"fiscalDateEnding": "2018-04-30", "reportedCurrency": "USD", "grossProfit": "8168000000", "totalRevenue": "37530000000", "costOfRevenue": "29362000000", "costofGoodsAndServicesSold": "29362000000", "operatingIncome": "1029000000", "sellingGeneralAndAdministrative": "276000000", "researchAndDevelopment": "0", "operatingExpenses": "7139000000", "investmentIncomeNet": "None", "netInterestIncome": "None", "interestIncome": "None", "interestExpense": "192000000", "nonInterestIncome": "None", "otherNonOperatingIncome": "None", "depreciation": "None", "depreciationAndAmortization": "741000000", "incomeBeforeTax": "2634000000", "incomeTaxExpense": "616000000", "interestAndDebtExpense": "None", "netIncomeFromContinuingOperations": "2018000000", "comprehensiveIncomeNetOfTax": "None", "ebit": "995000000", "ebitda": "1736000000", "netIncome": "2026000000"}, {"fiscalDateEnding": "2018-01-31", "reportedCurrency": "USD", "grossProfit": "6791000000", "totalRevenue": "31031000000", "costOfRevenue": "24240000000", "costofGoodsAndServicesSold": "24240000000", "operatingIncome": "44000000", "sellingGeneralAndAdministrative": "220000000", "researchAndDevelopment": "0", "operatingExpenses": "6747000000", "investmentIncomeNet": "None", "netInterestIncome": "None", "interestIncome": "None", "interestExpense": "148000000", "nonInterestIncome": "None", "otherNonOperatingIncome": "None", "depreciation": "None", "depreciationAndAmortization": "565000000", "incomeBeforeTax": "-104000000", "incomeTaxExpense": "-957000000", "interestAndDebtExpense": "None", "netIncomeFromContinuingOperations": "1293000000", "comprehensiveIncomeNetOfTax": "None", "ebit": "44000000", "ebitda": "609000000", "netIncome": "854000000"}, {"fiscalDateEnding": "2017-10-31", "reportedCurrency": "USD", "grossProfit": "6217000000", "totalRevenue": "27749000000", "costOfRevenue": "21532000000", "costofGoodsAndServicesSold": "21532000000", "operatingIncome": "740000000", "sellingGeneralAndAdministrative": "196000000", "researchAndDevelopment": "0", "operatingExpenses": "5477000000", "investmentIncomeNet": "None", "netInterestIncome": "None", "interestIncome": "None", "interestExpense": "136000000", "nonInterestIncome": "None", "otherNonOperatingIncome": "None", "depreciation": "None", "depreciationAndAmortization": "572000000", "incomeBeforeTax": "604000000", "incomeTaxExpense": "215000000", "interestAndDebtExpense": "None", "netIncomeFromContinuingOperations": "389000000", "comprehensiveIncomeNetOfTax": "None", "ebit": "741000000", "ebitda": "1313000000", "netIncome": "397000000"}, {"fiscalDateEnding": "2017-07-31", "reportedCurrency": "USD", "grossProfit": "5988000000", "totalRevenue": "27597000000", "costOfRevenue": "21609000000", "costofGoodsAndServicesSold": "21609000000", "operatingIncome": "678000000", "sellingGeneralAndAdministrative": "225000000", "researchAndDevelopment": "0", "operatingExpenses": "5310000000", "investmentIncomeNet": "None", "netInterestIncome": "None", "interestIncome": "None", "interestExpense": "138000000", "nonInterestIncome": "None", "otherNonOperatingIncome": "None", "depreciation": "None", "depreciationAndAmortization": "563000000", "incomeBeforeTax": "540000000", "incomeTaxExpense": "189000000", "interestAndDebtExpense": "None", "netIncomeFromContinuingOperations": "351000000", "comprehensiveIncomeNetOfTax": "None", "ebit": "678000000", "ebitda": "1241000000", "netIncome": "353000000"}, {"fiscalDateEnding": "2017-04-30", "reportedCurrency": "USD", "grossProfit": "8004000000", "totalRevenue": "36285000000", "costOfRevenue": "28281000000", "costofGoodsAndServicesSold": "28281000000", "operatingIncome": "622000000", "sellingGeneralAndAdministrative": "270000000", "researchAndDevelopment": "0", "operatingExpenses": "7382000000", "investmentIncomeNet": "None", "netInterestIncome": "None", "interestIncome": "None", "interestExpense": "177000000", "nonInterestIncome": "None", "otherNonOperatingIncome": "None", "depreciation": "None", "depreciationAndAmortization": "736000000", "incomeBeforeTax": "445000000", "incomeTaxExpense": "148000000", "interestAndDebtExpense": "None", "netIncomeFromContinuingOperations": "303000000", "comprehensiveIncomeNetOfTax": "None", "ebit": "622000000", "ebitda": "1358000000", "netIncome": "303000000"}, {"fiscalDateEnding": "2017-01-31", "reportedCurrency": "USD", "grossProfit": "6128000000", "totalRevenue": "27611000000", "costOfRevenue": "21483000000", "costofGoodsAndServicesSold": "21483000000", "operatingIncome": "858000000", "sellingGeneralAndAdministrative": "215000000", "researchAndDevelopment": "None", "operatingExpenses": "5270000000", "investmentIncomeNet": "None", "netInterestIncome": "None", "interestIncome": "None", "interestExpense": "126000000", "nonInterestIncome": "None", "otherNonOperatingIncome": "None", "depreciation": "None", "depreciationAndAmortization": "572000000", "incomeBeforeTax": "732000000", "incomeTaxExpense": "230000000", "interestAndDebtExpense": "None", "netIncomeFromContinuingOperations": "None", "comprehensiveIncomeNetOfTax": "None", "ebit": "858000000", "ebitda": "1430000000", "netIncome": "506000000"}, {"fiscalDateEnding": "2016-10-31", "reportedCurrency": "USD", "grossProfit": "5904000000", "totalRevenue": "26557000000", "costOfRevenue": "20653000000", "costofGoodsAndServicesSold": "20653000000", "operatingIncome": "713000000", "sellingGeneralAndAdministrative": "199000000", "researchAndDevelopment": "0", "operatingExpenses": "5191000000", "investmentIncomeNet": "None", "netInterestIncome": "None", "interestIncome": "None", "interestExpense": "124000000", "nonInterestIncome": "None", "otherNonOperatingIncome": "None", "depreciation": "None", "depreciationAndAmortization": "549000000", "incomeBeforeTax": "589000000", "incomeTaxExpense": "206000000", "interestAndDebtExpense": "None", "netIncomeFromContinuingOperations": "383000000", "comprehensiveIncomeNetOfTax": "None", "ebit": "713000000", "ebitda": "1262000000", "netIncome": "391000000"}, {"fiscalDateEnding": "2016-07-31", "reportedCurrency": "USD", "grossProfit": "5868000000", "totalRevenue": "26565000000", "costOfRevenue": "20697000000", "costofGoodsAndServicesSold": "20697000000", "operatingIncome": "665000000", "sellingGeneralAndAdministrative": "205000000", "researchAndDevelopment": "0", "operatingExpenses": "5203000000", "investmentIncomeNet": "None", "netInterestIncome": "None", "interestIncome": "None", "interestExpense": "116000000", "nonInterestIncome": "None", "otherNonOperatingIncome": "None", "depreciation": "None", "depreciationAndAmortization": "525000000", "incomeBeforeTax": "549000000", "incomeTaxExpense": "171000000", "interestAndDebtExpense": "None", "netIncomeFromContinuingOperations": "378000000", "comprehensiveIncomeNetOfTax": "None", "ebit": "665000000", "ebitda": "1190000000", "netIncome": "383000000"}, {"fiscalDateEnding": "2016-04-30", "reportedCurrency": "USD", "grossProfit": "7935000000", "totalRevenue": "34604000000", "costOfRevenue": "26669000000", "costofGoodsAndServicesSold": "26669000000", "operatingIncome": "1200000000", "sellingGeneralAndAdministrative": "262000000", "researchAndDevelopment": "0", "operatingExpenses": "6735000000", "investmentIncomeNet": "None", "netInterestIncome": "None", "interestIncome": "None", "interestExpense": "155000000", "nonInterestIncome": "None", "otherNonOperatingIncome": "None", "depreciation": "None", "depreciationAndAmortization": "694000000", "incomeBeforeTax": "1045000000", "incomeTaxExpense": "366000000", "interestAndDebtExpense": "None", "netIncomeFromContinuingOperations": "680000000", "comprehensiveIncomeNetOfTax": "None", "ebit": "1200000000", "ebitda": "1894000000", "netIncome": "680000000"}, {"fiscalDateEnding": "2016-01-31", "reportedCurrency": "USD", "grossProfit": "5972000000", "totalRevenue": "26165000000", "costOfRevenue": "20193000000", "costofGoodsAndServicesSold": "20193000000", "operatingIncome": "928000000", "sellingGeneralAndAdministrative": "181000000", "researchAndDevelopment": "None", "operatingExpenses": "5044000000", "investmentIncomeNet": "None", "netInterestIncome": "None", "interestIncome": "None", "interestExpense": "113000000", "nonInterestIncome": "None", "otherNonOperatingIncome": "None", "depreciation": "None", "depreciationAndAmortization": "508000000", "incomeBeforeTax": "815000000", "incomeTaxExpense": "250000000", "interestAndDebtExpense": "None", "netIncomeFromContinuingOperations": "None", "comprehensiveIncomeNetOfTax": "None", "ebit": "928000000", "ebitda": "1436000000", "netIncome": "559000000"}, {"fiscalDateEnding": "2015-10-31", "reportedCurrency": "USD", "grossProfit": "5597000000", "totalRevenue": "25075000000", "costOfRevenue": "19478000000", "costofGoodsAndServicesSold": "19478000000", "operatingIncome": "772000000", "sellingGeneralAndAdministrative": "172000000", "researchAndDevelopment": "0", "operatingExpenses": "4825000000", "investmentIncomeNet": "None", "netInterestIncome": "None", "interestIncome": "None", "interestExpense": "107000000", "nonInterestIncome": "None", "otherNonOperatingIncome": "None", "depreciation": "None", "depreciationAndAmortization": "484000000", "incomeBeforeTax": "665000000", "incomeTaxExpense": "238000000", "interestAndDebtExpense": "None", "netIncomeFromContinuingOperations": "427000000", "comprehensiveIncomeNetOfTax": "None", "ebit": "772000000", "ebitda": "1256000000", "netIncome": "428000000"}, {"fiscalDateEnding": "2015-07-31", "reportedCurrency": "USD", "grossProfit": "5474000000", "totalRevenue": "25539000000", "costOfRevenue": "20065000000", "costofGoodsAndServicesSold": "20065000000", "operatingIncome": "774000000", "sellingGeneralAndAdministrative": "155000000", "researchAndDevelopment": "0", "operatingExpenses": "4700000000", "investmentIncomeNet": "None", "netInterestIncome": "None", "interestIncome": "None", "interestExpense": "114000000", "nonInterestIncome": "None", "otherNonOperatingIncome": "None", "depreciation": "None", "depreciationAndAmortization": "477000000", "incomeBeforeTax": "660000000", "incomeTaxExpense": "227000000", "interestAndDebtExpense": "None", "netIncomeFromContinuingOperations": "433000000", "comprehensiveIncomeNetOfTax": "None", "ebit": "774000000", "ebitda": "1251000000", "netIncome": "433000000"}, {"fiscalDateEnding": "2015-04-30", "reportedCurrency": "USD", "grossProfit": "7291000000", "totalRevenue": "33051000000", "costOfRevenue": "25760000000", "costofGoodsAndServicesSold": "25760000000", "operatingIncome": "1102000000", "sellingGeneralAndAdministrative": "215000000", "researchAndDevelopment": "0", "operatingExpenses": "6189000000", "investmentIncomeNet": "None", "netInterestIncome": "None", "interestIncome": "None", "interestExpense": "148000000", "nonInterestIncome": "None", "otherNonOperatingIncome": "None", "depreciation": "None", "depreciationAndAmortization": "620000000", "incomeBeforeTax": "954000000", "incomeTaxExpense": "330000000", "interestAndDebtExpense": "None", "netIncomeFromContinuingOperations": "0", "comprehensiveIncomeNetOfTax": "None", "ebit": "1102000000", "ebitda": "1722000000", "netIncome": "619000000"}, {"fiscalDateEnding": "2015-01-31", "reportedCurrency": "USD", "grossProfit": "5660000000", "totalRevenue": "25207000000", "costOfRevenue": "19547000000", "costofGoodsAndServicesSold": "19547000000", "operatingIncome": "912000000", "sellingGeneralAndAdministrative": "162000000", "researchAndDevelopment": "None", "operatingExpenses": "4748000000", "investmentIncomeNet": "None", "netInterestIncome": "None", "interestIncome": "None", "interestExpense": "115000000", "nonInterestIncome": "None", "otherNonOperatingIncome": "None", "depreciation": "None", "depreciationAndAmortization": "467000000", "incomeBeforeTax": "797000000", "incomeTaxExpense": "274000000", "interestAndDebtExpense": "None", "netIncomeFromContinuingOperations": "None", "comprehensiveIncomeNetOfTax": "None", "ebit": "912000000", "ebitda": "1379000000", "netIncome": "518000000"}, {"fiscalDateEnding": "2014-10-31", "reportedCurrency": "USD", "grossProfit": "5223000000", "totalRevenue": "24987000000", "costOfRevenue": "19764000000", "costofGoodsAndServicesSold": "19764000000", "operatingIncome": "651000000", "sellingGeneralAndAdministrative": "162000000", "researchAndDevelopment": "0", "operatingExpenses": "4572000000", "investmentIncomeNet": "None", "netInterestIncome": "None", "interestIncome": "None", "interestExpense": "114000000", "nonInterestIncome": "None", "otherNonOperatingIncome": "None", "depreciation": "None", "depreciationAndAmortization": "456000000", "incomeBeforeTax": "537000000", "incomeTaxExpense": "172000000", "interestAndDebtExpense": "None", "netIncomeFromContinuingOperations": "365000000", "comprehensiveIncomeNetOfTax": "None", "ebit": "651000000", "ebitda": "1107000000", "netIncome": "362000000"}, {"fiscalDateEnding": "2014-07-31", "reportedCurrency": "USD", "grossProfit": "5174000000", "totalRevenue": "25310000000", "costOfRevenue": "20136000000", "costofGoodsAndServicesSold": "20136000000", "operatingIncome": "644000000", "sellingGeneralAndAdministrative": "166000000", "researchAndDevelopment": "0", "operatingExpenses": "4530000000", "investmentIncomeNet": "None", "netInterestIncome": "None", "interestIncome": "None", "interestExpense": "112000000", "nonInterestIncome": "None", "otherNonOperatingIncome": "None", "depreciation": "None", "depreciationAndAmortization": "444000000", "incomeBeforeTax": "532000000", "incomeTaxExpense": "182000000", "interestAndDebtExpense": "None", "netIncomeFromContinuingOperations": "350000000", "comprehensiveIncomeNetOfTax": "None", "ebit": "644000000", "ebitda": "1088000000", "netIncome": "347000000"}, {"fiscalDateEnding": "2014-04-30", "reportedCurrency": "USD", "grossProfit": "6896000000", "totalRevenue": "32961000000", "costOfRevenue": "26065000000", "costofGoodsAndServicesSold": "26065000000", "operatingIncome": "930000000", "sellingGeneralAndAdministrative": "217000000", "researchAndDevelopment": "0", "operatingExpenses": "5966000000", "investmentIncomeNet": "None", "netInterestIncome": "None", "interestIncome": "None", "interestExpense": "147000000", "nonInterestIncome": "None", "otherNonOperatingIncome": "None", "depreciation": "None", "depreciationAndAmortization": "581000000", "incomeBeforeTax": "783000000", "incomeTaxExpense": "274000000", "interestAndDebtExpense": "None", "netIncomeFromContinuingOperations": "0", "comprehensiveIncomeNetOfTax": "None", "ebit": "930000000", "ebitda": "1511000000", "netIncome": "501000000"}, {"fiscalDateEnding": "2014-01-31", "reportedCurrency": "USD", "grossProfit": "4825000000", "totalRevenue": "23222000000", "costOfRevenue": "18397000000", "costofGoodsAndServicesSold": "18397000000", "operatingIncome": "718000000", "sellingGeneralAndAdministrative": "147000000", "researchAndDevelopment": "0", "operatingExpenses": "4107000000", "investmentIncomeNet": "None", "netInterestIncome": "None", "interestIncome": "None", "interestExpense": "107000000", "nonInterestIncome": "None", "otherNonOperatingIncome": "None", "depreciation": "None", "depreciationAndAmortization": "402000000", "incomeBeforeTax": "611000000", "incomeTaxExpense": "184000000", "interestAndDebtExpense": "None", "netIncomeFromContinuingOperations": "0", "comprehensiveIncomeNetOfTax": "None", "ebit": "718000000", "ebitda": "1120000000", "netIncome": "422000000"}, {"fiscalDateEnding": "2013-10-31", "reportedCurrency": "USD", "grossProfit": "4616000000", "totalRevenue": "22505000000", "costOfRevenue": "17889000000", "costofGoodsAndServicesSold": "17889000000", "operatingIncome": "534000000", "sellingGeneralAndAdministrative": "138000000", "researchAndDevelopment": "0", "operatingExpenses": "4082000000", "investmentIncomeNet": "None", "netInterestIncome": "None", "interestIncome": "None", "interestExpense": "108000000", "nonInterestIncome": "None", "otherNonOperatingIncome": "None", "depreciation": "None", "depreciationAndAmortization": "395000000", "incomeBeforeTax": "426000000", "incomeTaxExpense": "125000000", "interestAndDebtExpense": "None", "netIncomeFromContinuingOperations": "301000000", "comprehensiveIncomeNetOfTax": "None", "ebit": "534000000", "ebitda": "929000000", "netIncome": "299000000"}, {"fiscalDateEnding": "2013-07-31", "reportedCurrency": "USD", "grossProfit": "4635000000", "totalRevenue": "22722000000", "costOfRevenue": "18087000000", "costofGoodsAndServicesSold": "18087000000", "operatingIncome": "595000000", "sellingGeneralAndAdministrative": "139000000", "researchAndDevelopment": "0", "operatingExpenses": "4040000000", "investmentIncomeNet": "None", "netInterestIncome": "None", "interestIncome": "None", "interestExpense": "99000000", "nonInterestIncome": "None", "otherNonOperatingIncome": "None", "depreciation": "None", "depreciationAndAmortization": "387000000", "incomeBeforeTax": "496000000", "incomeTaxExpense": "176000000", "interestAndDebtExpense": "None", "netIncomeFromContinuingOperations": "320000000", "comprehensiveIncomeNetOfTax": "None", "ebit": "595000000", "ebitda": "982000000", "netIncome": "317000000"}, {"fiscalDateEnding": "2013-04-30", "reportedCurrency": "USD", "grossProfit": "6187000000", "totalRevenue": "30043000000", "costOfRevenue": "23856000000", "costofGoodsAndServicesSold": "23856000000", "operatingIncome": "879000000", "sellingGeneralAndAdministrative": "189000000", "researchAndDevelopment": "0", "operatingExpenses": "5308000000", "investmentIncomeNet": "None", "netInterestIncome": "None", "interestIncome": "None", "interestExpense": "129000000", "nonInterestIncome": "None", "otherNonOperatingIncome": "None", "depreciation": "None", "depreciationAndAmortization": "519000000", "incomeBeforeTax": "750000000", "incomeTaxExpense": "266000000", "interestAndDebtExpense": "None", "netIncomeFromContinuingOperations": "0", "comprehensiveIncomeNetOfTax": "None", "ebit": "879000000", "ebitda": "1398000000", "netIncome": "481000000"}, {"fiscalDateEnding": "2013-01-31", "reportedCurrency": "USD", "grossProfit": "5052100000", "totalRevenue": "24153100000", "costOfRevenue": "19101000000", "costofGoodsAndServicesSold": "19101000000", "operatingIncome": "819800000", "sellingGeneralAndAdministrative": "157200000", "researchAndDevelopment": "0", "operatingExpenses": "4232300000", "investmentIncomeNet": "None", "netInterestIncome": "None", "interestIncome": "None", "interestExpense": "112300000", "nonInterestIncome": "None", "otherNonOperatingIncome": "None", "depreciation": "None", "depreciationAndAmortization": "386100000", "incomeBeforeTax": "707500000", "incomeTaxExpense": "238800000", "interestAndDebtExpense": "None", "netIncomeFromContinuingOperations": "0", "comprehensiveIncomeNetOfTax": "None", "ebit": "819800000", "ebitda": "1205900000", "netIncome": "461500000"}, {"fiscalDateEnding": "2012-10-31", "reportedCurrency": "USD", "grossProfit": "4423400000", "totalRevenue": "21807000000", "costOfRevenue": "17383600000", "costofGoodsAndServicesSold": "17383600000", "operatingIncome": "594800000", "sellingGeneralAndAdministrative": "3446700000", "researchAndDevelopment": "0", "operatingExpenses": "3828600000", "investmentIncomeNet": "None", "netInterestIncome": "None", "interestIncome": "None", "interestExpense": "103000000", "nonInterestIncome": "None", "otherNonOperatingIncome": "None", "depreciation": "None", "depreciationAndAmortization": "381900000", "incomeBeforeTax": "491800000", "incomeTaxExpense": "174700000", "interestAndDebtExpense": "None", "netIncomeFromContinuingOperations": "318000000", "comprehensiveIncomeNetOfTax": "None", "ebit": "596100000", "ebitda": "978000000", "netIncome": "316500000"}, {"fiscalDateEnding": "2012-07-31", "reportedCurrency": "USD", "grossProfit": "4448000000", "totalRevenue": "21726400000", "costOfRevenue": "17278400000", "costofGoodsAndServicesSold": "17278400000", "operatingIncome": "534900000", "sellingGeneralAndAdministrative": "3530200000", "researchAndDevelopment": "0", "operatingExpenses": "3913100000", "investmentIncomeNet": "None", "netInterestIncome": "None", "interestIncome": "None", "interestExpense": "105900000", "nonInterestIncome": "None", "otherNonOperatingIncome": "None", "depreciation": "None", "depreciationAndAmortization": "382900000", "incomeBeforeTax": "429000000", "incomeTaxExpense": "148100000", "interestAndDebtExpense": "None", "netIncomeFromContinuingOperations": "281000000", "comprehensiveIncomeNetOfTax": "None", "ebit": "534900000", "ebitda": "917800000", "netIncome": "279100000"}, {"fiscalDateEnding": "2012-04-30", "reportedCurrency": "USD", "grossProfit": "5969700000", "totalRevenue": "29064800000", "costOfRevenue": "23095100000", "costofGoodsAndServicesSold": "23095100000", "operatingIncome": "814100000", "sellingGeneralAndAdministrative": "4655000000", "researchAndDevelopment": "0", "operatingExpenses": "5155600000", "investmentIncomeNet": "None", "netInterestIncome": "None", "interestIncome": "None", "interestExpense": "140900000", "nonInterestIncome": "None", "otherNonOperatingIncome": "None", "depreciation": "None", "depreciationAndAmortization": "500600000", "incomeBeforeTax": "673200000", "incomeTaxExpense": "232200000", "interestAndDebtExpense": "None", "netIncomeFromContinuingOperations": "0", "comprehensiveIncomeNetOfTax": "None", "ebit": "814100000", "ebitda": "1314700000", "netIncome": "439400000"}, {"fiscalDateEnding": "2012-01-31", "reportedCurrency": "USD", "grossProfit": "4450000000", "totalRevenue": "21405000000", "costOfRevenue": "16955000000", "costofGoodsAndServicesSold": "16955000000", "operatingIncome": "-425000000", "sellingGeneralAndAdministrative": "4483000000", "researchAndDevelopment": "None", "operatingExpenses": "4875000000", "investmentIncomeNet": "None", "netInterestIncome": "None", "interestIncome": "None", "interestExpense": "101000000", "nonInterestIncome": "None", "otherNonOperatingIncome": "None", "depreciation": "None", "depreciationAndAmortization": "392000000", "incomeBeforeTax": "-526000000", "incomeTaxExpense": "-221000000", "interestAndDebtExpense": "None", "netIncomeFromContinuingOperations": "None", "comprehensiveIncomeNetOfTax": "None", "ebit": "-425000000", "ebitda": "-33000000", "netIncome": "-307000000"}, {"fiscalDateEnding": "2011-10-31", "reportedCurrency": "USD", "grossProfit": "4235400000", "totalRevenue": "20594300000", "costOfRevenue": "16358900000", "costofGoodsAndServicesSold": "16358900000", "operatingIncome": "404400000", "sellingGeneralAndAdministrative": "3458200000", "researchAndDevelopment": "0", "operatingExpenses": "3831000000", "investmentIncomeNet": "None", "netInterestIncome": "None", "interestIncome": "None", "interestExpense": "99100000", "nonInterestIncome": "None", "otherNonOperatingIncome": "None", "depreciation": "None", "depreciationAndAmortization": "372800000", "incomeBeforeTax": "305300000", "incomeTaxExpense": "107900000", "interestAndDebtExpense": "None", "netIncomeFromContinuingOperations": "198000000", "comprehensiveIncomeNetOfTax": "None", "ebit": "404400000", "ebitda": "777200000", "netIncome": "195900000"}, {"fiscalDateEnding": "2011-07-31", "reportedCurrency": "USD", "grossProfit": "4358000000", "totalRevenue": "20913400000", "costOfRevenue": "16555400000", "costofGoodsAndServicesSold": "16555400000", "operatingIncome": "488200000", "sellingGeneralAndAdministrative": "3496100000", "researchAndDevelopment": "0", "operatingExpenses": "3869800000", "investmentIncomeNet": "None", "netInterestIncome": "None", "interestIncome": "None", "interestExpense": "97300000", "nonInterestIncome": "None", "otherNonOperatingIncome": "None", "depreciation": "None", "depreciationAndAmortization": "373700000", "incomeBeforeTax": "390900000", "incomeTaxExpense": "107700000", "interestAndDebtExpense": "None", "netIncomeFromContinuingOperations": "283000000", "comprehensiveIncomeNetOfTax": "None", "ebit": "488200000", "ebitda": "861900000", "netIncome": "280800000"}, {"fiscalDateEnding": "2011-04-30", "reportedCurrency": "USD", "grossProfit": "5836500000", "totalRevenue": "27460900000", "costOfRevenue": "21624400000", "costofGoodsAndServicesSold": "21624400000", "operatingIncome": "811000000", "sellingGeneralAndAdministrative": "4526500000", "researchAndDevelopment": "0", "operatingExpenses": "5025500000", "investmentIncomeNet": "None", "netInterestIncome": "None", "interestIncome": "None", "interestExpense": "138000000", "nonInterestIncome": "None", "otherNonOperatingIncome": "None", "depreciation": "None", "depreciationAndAmortization": "499000000", "incomeBeforeTax": "673000000", "incomeTaxExpense": "252100000", "interestAndDebtExpense": "None", "netIncomeFromContinuingOperations": "0", "comprehensiveIncomeNetOfTax": "None", "ebit": "811000000", "ebitda": "1310000000", "netIncome": "432300000"}, {"fiscalDateEnding": "2011-01-31", "reportedCurrency": "USD", "grossProfit": "4320000000", "totalRevenue": "19931000000", "costOfRevenue": "15611000000", "costofGoodsAndServicesSold": "15611000000", "operatingIncome": "559000000", "sellingGeneralAndAdministrative": "3357000000", "researchAndDevelopment": "None", "operatingExpenses": "3743000000", "investmentIncomeNet": "None", "netInterestIncome": "None", "interestIncome": "None", "interestExpense": "111000000", "nonInterestIncome": "None", "otherNonOperatingIncome": "None", "depreciation": "None", "depreciationAndAmortization": "386000000", "incomeBeforeTax": "448000000", "incomeTaxExpense": "165000000", "interestAndDebtExpense": "None", "netIncomeFromContinuingOperations": "None", "comprehensiveIncomeNetOfTax": "None", "ebit": "559000000", "ebitda": "945000000", "netIncome": "278000000"}, {"fiscalDateEnding": "2010-10-31", "reportedCurrency": "USD", "grossProfit": "4128100000", "totalRevenue": "18697900000", "costOfRevenue": "14569800000", "costofGoodsAndServicesSold": "14569800000", "operatingIncome": "406900000", "sellingGeneralAndAdministrative": "3353500000", "researchAndDevelopment": "0", "operatingExpenses": "3721200000", "investmentIncomeNet": "None", "netInterestIncome": "None", "interestIncome": "None", "interestExpense": "103400000", "nonInterestIncome": "None", "otherNonOperatingIncome": "None", "depreciation": "None", "depreciationAndAmortization": "367700000", "incomeBeforeTax": "303500000", "incomeTaxExpense": "96200000", "interestAndDebtExpense": "None", "netIncomeFromContinuingOperations": "207000000", "comprehensiveIncomeNetOfTax": "None", "ebit": "406900000", "ebitda": "774600000", "netIncome": "202200000"}, {"fiscalDateEnding": "2010-07-31", "reportedCurrency": "USD", "grossProfit": "4218500000", "totalRevenue": "18795900000", "costOfRevenue": "14577400000", "costofGoodsAndServicesSold": "14577400000", "operatingIncome": "493500000", "sellingGeneralAndAdministrative": "3357300000", "researchAndDevelopment": "0", "operatingExpenses": "3725000000", "investmentIncomeNet": "None", "netInterestIncome": "None", "interestIncome": "None", "interestExpense": "102000000", "nonInterestIncome": "None", "otherNonOperatingIncome": "None", "depreciation": "None", "depreciationAndAmortization": "367700000", "incomeBeforeTax": "391500000", "incomeTaxExpense": "124100000", "interestAndDebtExpense": "None", "netIncomeFromContinuingOperations": "268000000", "comprehensiveIncomeNetOfTax": "None", "ebit": "493500000", "ebitda": "861200000", "netIncome": "261600000"}, {"fiscalDateEnding": "2010-04-30", "reportedCurrency": "USD", "grossProfit": "5596500000", "totalRevenue": "24764100000", "costOfRevenue": "19167600000", "costofGoodsAndServicesSold": "19167600000", "operatingIncome": "722500000", "sellingGeneralAndAdministrative": "4396300000", "researchAndDevelopment": "0", "operatingExpenses": "4874000000", "investmentIncomeNet": "None", "netInterestIncome": "None", "interestIncome": "None", "interestExpense": "132000000", "nonInterestIncome": "None", "otherNonOperatingIncome": "None", "depreciation": "None", "depreciationAndAmortization": "477700000", "incomeBeforeTax": "590500000", "incomeTaxExpense": "215900000", "interestAndDebtExpense": "None", "netIncomeFromContinuingOperations": "0", "comprehensiveIncomeNetOfTax": "None", "ebit": "722500000", "ebitda": "1200200000", "netIncome": "373700000"}, {"fiscalDateEnding": "2010-01-31", "reportedCurrency": "USD", "grossProfit": "4155000000", "totalRevenue": "18530000000", "costOfRevenue": "14375000000", "costofGoodsAndServicesSold": "14375000000", "operatingIncome": "506000000", "sellingGeneralAndAdministrative": "3281000000", "researchAndDevelopment": "None", "operatingExpenses": "3649000000", "investmentIncomeNet": "None", "netInterestIncome": "None", "interestIncome": "None", "interestExpense": "119000000", "nonInterestIncome": "None", "otherNonOperatingIncome": "None", "depreciation": "None", "depreciationAndAmortization": "368000000", "incomeBeforeTax": "387000000", "incomeTaxExpense": "136000000", "interestAndDebtExpense": "None", "netIncomeFromContinuingOperations": "None", "comprehensiveIncomeNetOfTax": "None", "ebit": "506000000", "ebitda": "874000000", "netIncome": "255000000"}, {"fiscalDateEnding": "2009-10-31", "reportedCurrency": "USD", "grossProfit": "4002500000", "totalRevenue": "17669100000", "costOfRevenue": "13666600000", "costofGoodsAndServicesSold": "13666600000", "operatingIncome": "-758300000", "sellingGeneralAndAdministrative": "3291900000", "researchAndDevelopment": "0", "operatingExpenses": "3648100000", "investmentIncomeNet": "None", "netInterestIncome": "None", "interestIncome": "None", "interestExpense": "105100000", "nonInterestIncome": "None", "otherNonOperatingIncome": "None", "depreciation": "None", "depreciationAndAmortization": "356200000", "incomeBeforeTax": "-863400000", "incomeTaxExpense": "13000000", "interestAndDebtExpense": "None", "netIncomeFromContinuingOperations": "-876000000", "comprehensiveIncomeNetOfTax": "None", "ebit": "-758200000", "ebitda": "-402000000", "netIncome": "-874900000"}, {"fiscalDateEnding": "2009-07-31", "reportedCurrency": "USD", "grossProfit": "4084300000", "totalRevenue": "17735400000", "costOfRevenue": "13651100000", "costofGoodsAndServicesSold": "13651100000", "operatingIncome": "499000000", "sellingGeneralAndAdministrative": "3237600000", "researchAndDevelopment": "0", "operatingExpenses": "3585200000", "investmentIncomeNet": "None", "netInterestIncome": "None", "interestIncome": "None", "interestExpense": "115200000", "nonInterestIncome": "None", "otherNonOperatingIncome": "None", "depreciation": "None", "depreciationAndAmortization": "347600000", "incomeBeforeTax": "383900000", "incomeTaxExpense": "133400000", "interestAndDebtExpense": "None", "netIncomeFromContinuingOperations": "251000000", "comprehensiveIncomeNetOfTax": "None", "ebit": "499400000", "ebitda": "847000000", "netIncome": "254400000"}, {"fiscalDateEnding": "2009-04-30", "reportedCurrency": "USD", "grossProfit": "5532000000", "totalRevenue": "22799000000", "costOfRevenue": "17267000000", "costofGoodsAndServicesSold": "17267000000", "operatingIncome": "844000000", "sellingGeneralAndAdministrative": "4235000000", "researchAndDevelopment": "None", "operatingExpenses": "4688000000", "investmentIncomeNet": "None", "netInterestIncome": "None", "interestIncome": "None", "interestExpense": "163000000", "nonInterestIncome": "None", "otherNonOperatingIncome": "None", "depreciation": "None", "depreciationAndAmortization": "453000000", "incomeBeforeTax": "681000000", "incomeTaxExpense": "250000000", "interestAndDebtExpense": "None", "netIncomeFromContinuingOperations": "None", "comprehensiveIncomeNetOfTax": "None", "ebit": "844000000", "ebitda": "1297000000", "netIncome": "435000000"}, {"fiscalDateEnding": "2009-01-31", "reportedCurrency": "USD", "grossProfit": "4172000000", "totalRevenue": "17260000000", "costOfRevenue": "13088000000", "costofGoodsAndServicesSold": "13088000000", "operatingIncome": "659000000", "sellingGeneralAndAdministrative": "3165000000", "researchAndDevelopment": "0", "operatingExpenses": "3513000000", "investmentIncomeNet": "None", "netInterestIncome": "None", "interestIncome": "None", "interestExpense": "115000000", "nonInterestIncome": "None", "otherNonOperatingIncome": "None", "depreciation": "None", "depreciationAndAmortization": "348000000", "incomeBeforeTax": "544000000", "incomeTaxExpense": "195000000", "interestAndDebtExpense": "None", "netIncomeFromContinuingOperations": "0", "comprehensiveIncomeNetOfTax": "None", "ebit": "659000000", "ebitda": "1007000000", "netIncome": "349000000"}, {"fiscalDateEnding": "2008-10-31", "reportedCurrency": "USD", "grossProfit": "4028000000", "totalRevenue": "17580000000", "costOfRevenue": "13552000000", "costofGoodsAndServicesSold": "13552000000", "operatingIncome": "479000000", "sellingGeneralAndAdministrative": "3243000000", "researchAndDevelopment": "0", "operatingExpenses": "3549000000", "investmentIncomeNet": "None", "netInterestIncome": "None", "interestIncome": "None", "interestExpense": "107000000", "nonInterestIncome": "None", "otherNonOperatingIncome": "None", "depreciation": "None", "depreciationAndAmortization": "335000000", "incomeBeforeTax": "373000000", "incomeTaxExpense": "136000000", "interestAndDebtExpense": "None", "netIncomeFromContinuingOperations": "0", "comprehensiveIncomeNetOfTax": "None", "ebit": "479000000", "ebitda": "814000000", "netIncome": "237000000"}, {"fiscalDateEnding": "2008-07-31", "reportedCurrency": "USD", "grossProfit": "3981000000", "totalRevenue": "18053000000", "costOfRevenue": "14072000000", "costofGoodsAndServicesSold": "14072000000", "operatingIncome": "548000000", "sellingGeneralAndAdministrative": "3155000000", "researchAndDevelopment": "0", "operatingExpenses": "3433000000", "investmentIncomeNet": "None", "netInterestIncome": "None", "interestIncome": "None", "interestExpense": "112000000", "nonInterestIncome": "None", "otherNonOperatingIncome": "None", "depreciation": "None", "depreciationAndAmortization": "327000000", "incomeBeforeTax": "436000000", "incomeTaxExpense": "159000000", "interestAndDebtExpense": "None", "netIncomeFromContinuingOperations": "0", "comprehensiveIncomeNetOfTax": "None", "ebit": "548000000", "ebitda": "875000000", "netIncome": "277000000"}, {"fiscalDateEnding": "2008-04-30", "reportedCurrency": "USD", "grossProfit": "5255000000", "totalRevenue": "23107000000", "costOfRevenue": "17852000000", "costofGoodsAndServicesSold": "17852000000", "operatingIncome": "765000000", "sellingGeneralAndAdministrative": "4097000000", "researchAndDevelopment": "0", "operatingExpenses": "4490000000", "investmentIncomeNet": "None", "netInterestIncome": "None", "interestIncome": "None", "interestExpense": "152000000", "nonInterestIncome": "None", "otherNonOperatingIncome": "None", "depreciation": "None", "depreciationAndAmortization": "432000000", "incomeBeforeTax": "613000000", "incomeTaxExpense": "227000000", "interestAndDebtExpense": "None", "netIncomeFromContinuingOperations": "0", "comprehensiveIncomeNetOfTax": "None", "ebit": "765000000", "ebitda": "1197000000", "netIncome": "386000000"}, {"fiscalDateEnding": "2008-01-31", "reportedCurrency": "USD", "grossProfit": "4007000000", "totalRevenue": "17235000000", "costOfRevenue": "13228000000", "costofGoodsAndServicesSold": "13228000000", "operatingIncome": "629000000", "sellingGeneralAndAdministrative": "3052000000", "researchAndDevelopment": "0", "operatingExpenses": "3378000000", "investmentIncomeNet": "None", "netInterestIncome": "None", "interestIncome": "None", "interestExpense": "114000000", "nonInterestIncome": "None", "otherNonOperatingIncome": "None", "depreciation": "None", "depreciationAndAmortization": "326000000", "incomeBeforeTax": "515000000", "incomeTaxExpense": "192000000", "interestAndDebtExpense": "None", "netIncomeFromContinuingOperations": "0", "comprehensiveIncomeNetOfTax": "None", "ebit": "629000000", "ebitda": "955000000", "netIncome": "323000000"}, {"fiscalDateEnding": "2007-10-31", "reportedCurrency": "USD", "grossProfit": "3733000000", "totalRevenue": "16135000000", "costOfRevenue": "12402000000", "costofGoodsAndServicesSold": "12402000000", "operatingIncome": "445000000", "sellingGeneralAndAdministrative": "2973000000", "researchAndDevelopment": "0", "operatingExpenses": "3288000000", "investmentIncomeNet": "None", "netInterestIncome": "None", "interestIncome": "None", "interestExpense": "110000000", "nonInterestIncome": "None", "otherNonOperatingIncome": "None", "depreciation": "None", "depreciationAndAmortization": "315000000", "incomeBeforeTax": "335000000", "incomeTaxExpense": "81000000", "interestAndDebtExpense": "None", "netIncomeFromContinuingOperations": "0", "comprehensiveIncomeNetOfTax": "None", "ebit": "445000000", "ebitda": "760000000", "netIncome": "254000000"}, {"fiscalDateEnding": "2007-07-31", "reportedCurrency": "USD", "grossProfit": "3824000000", "totalRevenue": "16139000000", "costOfRevenue": "12315000000", "costofGoodsAndServicesSold": "12315000000", "operatingIncome": "537000000", "sellingGeneralAndAdministrative": "2976000000", "researchAndDevelopment": "0", "operatingExpenses": "3287000000", "investmentIncomeNet": "None", "netInterestIncome": "None", "interestIncome": "None", "interestExpense": "104000000", "nonInterestIncome": "None", "otherNonOperatingIncome": "None", "depreciation": "None", "depreciationAndAmortization": "311000000", "incomeBeforeTax": "433000000", "incomeTaxExpense": "166000000", "interestAndDebtExpense": "None", "netIncomeFromContinuingOperations": "0", "comprehensiveIncomeNetOfTax": "None", "ebit": "537000000", "ebitda": "848000000", "netIncome": "267000000"}, {"fiscalDateEnding": "2007-04-30", "reportedCurrency": "USD", "grossProfit": "4892000000", "totalRevenue": "20726000000", "costOfRevenue": "15834000000", "costofGoodsAndServicesSold": "15834000000", "operatingIncome": "690000000", "sellingGeneralAndAdministrative": "3798000000", "researchAndDevelopment": "0", "operatingExpenses": "4202000000", "investmentIncomeNet": "None", "netInterestIncome": "None", "interestIncome": "None", "interestExpense": "146000000", "nonInterestIncome": "None", "otherNonOperatingIncome": "None", "depreciation": "None", "depreciationAndAmortization": "404000000", "incomeBeforeTax": "544000000", "incomeTaxExpense": "207000000", "interestAndDebtExpense": "None", "netIncomeFromContinuingOperations": "0", "comprehensiveIncomeNetOfTax": "None", "ebit": "690000000", "ebitda": "1094000000", "netIncome": "337000000"}, {"fiscalDateEnding": "2007-01-31", "reportedCurrency": "USD", "grossProfit": "4131000000", "totalRevenue": "16859000000", "costOfRevenue": "12728000000", "costofGoodsAndServicesSold": "12728000000", "operatingIncome": "694000000", "sellingGeneralAndAdministrative": "3137000000", "researchAndDevelopment": "0", "operatingExpenses": "3437000000", "investmentIncomeNet": "None", "netInterestIncome": "None", "interestIncome": "None", "interestExpense": "116000000", "nonInterestIncome": "None", "otherNonOperatingIncome": "None", "depreciation": "None", "depreciationAndAmortization": "299000000", "incomeBeforeTax": "578000000", "incomeTaxExpense": "193000000", "interestAndDebtExpense": "None", "netIncomeFromContinuingOperations": "0", "comprehensiveIncomeNetOfTax": "None", "ebit": "694000000", "ebitda": "993000000", "netIncome": "385000000"}, {"fiscalDateEnding": "2006-10-31", "reportedCurrency": "USD", "grossProfit": "3568000000", "totalRevenue": "14699000000", "costOfRevenue": "11131000000", "costofGoodsAndServicesSold": "11131000000", "operatingIncome": "449000000", "sellingGeneralAndAdministrative": "2824000000", "researchAndDevelopment": "0", "operatingExpenses": "3119000000", "investmentIncomeNet": "None", "netInterestIncome": "None", "interestIncome": "None", "interestExpense": "107000000", "nonInterestIncome": "None", "otherNonOperatingIncome": "None", "depreciation": "None", "depreciationAndAmortization": "295000000", "incomeBeforeTax": "342000000", "incomeTaxExpense": "127000000", "interestAndDebtExpense": "None", "netIncomeFromContinuingOperations": "0", "comprehensiveIncomeNetOfTax": "None", "ebit": "449000000", "ebitda": "744000000", "netIncome": "215000000"}, {"fiscalDateEnding": "2006-07-31", "reportedCurrency": "USD", "grossProfit": "3540000000", "totalRevenue": "15138000000", "costOfRevenue": "11598000000", "costofGoodsAndServicesSold": "11598000000", "operatingIncome": "448000000", "sellingGeneralAndAdministrative": "2802000000", "researchAndDevelopment": "0", "operatingExpenses": "3092000000", "investmentIncomeNet": "None", "netInterestIncome": "None", "interestIncome": "None", "interestExpense": "110000000", "nonInterestIncome": "None", "otherNonOperatingIncome": "None", "depreciation": "None", "depreciationAndAmortization": "290000000", "incomeBeforeTax": "338000000", "incomeTaxExpense": "129000000", "interestAndDebtExpense": "None", "netIncomeFromContinuingOperations": "0", "comprehensiveIncomeNetOfTax": "None", "ebit": "448000000", "ebitda": "738000000", "netIncome": "209000000"}, {"fiscalDateEnding": "2006-04-30", "reportedCurrency": "USD", "grossProfit": "4756000000", "totalRevenue": "19415000000", "costOfRevenue": "14659000000", "costofGoodsAndServicesSold": "14659000000", "operatingIncome": "644000000", "sellingGeneralAndAdministrative": "3724000000", "researchAndDevelopment": "0", "operatingExpenses": "4112000000", "investmentIncomeNet": "None", "netInterestIncome": "None", "interestIncome": "None", "interestExpense": "155000000", "nonInterestIncome": "None", "otherNonOperatingIncome": "None", "depreciation": "None", "depreciationAndAmortization": "388000000", "incomeBeforeTax": "489000000", "incomeTaxExpense": "183000000", "interestAndDebtExpense": "None", "netIncomeFromContinuingOperations": "0", "comprehensiveIncomeNetOfTax": "None", "ebit": "256000000", "ebitda": "644000000", "netIncome": "306000000"}, {"fiscalDateEnding": "2006-01-31", "reportedCurrency": "USD", "grossProfit": "3658000000", "totalRevenue": "14720000000", "costOfRevenue": "11062000000", "costofGoodsAndServicesSold": "11062000000", "operatingIncome": "568000000", "sellingGeneralAndAdministrative": "2795000000", "researchAndDevelopment": "0", "operatingExpenses": "3090000000", "investmentIncomeNet": "None", "netInterestIncome": "None", "interestIncome": "None", "interestExpense": "117000000", "nonInterestIncome": "None", "otherNonOperatingIncome": "None", "depreciation": "None", "depreciationAndAmortization": "296000000", "incomeBeforeTax": "452000000", "incomeTaxExpense": "170000000", "interestAndDebtExpense": "None", "netIncomeFromContinuingOperations": "0", "comprehensiveIncomeNetOfTax": "None", "ebit": "568000000", "ebitda": "864000000", "netIncome": "282000000"}, {"fiscalDateEnding": "2005-10-31", "reportedCurrency": "USD", "grossProfit": "3424000000", "totalRevenue": "14020000000", "costOfRevenue": "10596000000", "costofGoodsAndServicesSold": "10596000000", "operatingIncome": "415000000", "sellingGeneralAndAdministrative": "2722000000", "researchAndDevelopment": "0", "operatingExpenses": "3009000000", "investmentIncomeNet": "None", "netInterestIncome": "None", "interestIncome": "None", "interestExpense": "114000000", "nonInterestIncome": "None", "otherNonOperatingIncome": "None", "depreciation": "None", "depreciationAndAmortization": "287000000", "incomeBeforeTax": "301000000", "incomeTaxExpense": "116000000", "interestAndDebtExpense": "None", "netIncomeFromContinuingOperations": "0", "comprehensiveIncomeNetOfTax": "None", "ebit": "415000000", "ebitda": "702000000", "netIncome": "185000000"}, {"fiscalDateEnding": "2005-07-31", "reportedCurrency": "USD", "grossProfit": "3401000000", "totalRevenue": "13865000000", "costOfRevenue": "10464000000", "costofGoodsAndServicesSold": "10464000000", "operatingIncome": "434000000", "sellingGeneralAndAdministrative": "2673000000", "researchAndDevelopment": "0", "operatingExpenses": "2967000000", "investmentIncomeNet": "None", "netInterestIncome": "None", "interestIncome": "None", "interestExpense": "122000000", "nonInterestIncome": "None", "otherNonOperatingIncome": "None", "depreciation": "None", "depreciationAndAmortization": "293000000", "incomeBeforeTax": "313000000", "incomeTaxExpense": "117000000", "interestAndDebtExpense": "None", "netIncomeFromContinuingOperations": "0", "comprehensiveIncomeNetOfTax": "None", "ebit": "435000000", "ebitda": "728000000", "netIncome": "196000000"}, {"fiscalDateEnding": "2005-04-30", "reportedCurrency": "USD", "grossProfit": "4511000000", "totalRevenue": "17948000000", "costOfRevenue": "13437000000", "costofGoodsAndServicesSold": "13437000000", "operatingIncome": "618000000", "sellingGeneralAndAdministrative": "3499000000", "researchAndDevelopment": "0", "operatingExpenses": "3893000000", "investmentIncomeNet": "None", "netInterestIncome": "None", "interestIncome": "None", "interestExpense": "159000000", "nonInterestIncome": "None", "otherNonOperatingIncome": "None", "depreciation": "None", "depreciationAndAmortization": "389000000", "incomeBeforeTax": "459000000", "incomeTaxExpense": "165000000", "interestAndDebtExpense": "None", "netIncomeFromContinuingOperations": "0", "comprehensiveIncomeNetOfTax": "None", "ebit": "618000000", "ebitda": "1007000000", "netIncome": "294000000"}, {"fiscalDateEnding": "2005-01-31", "reportedCurrency": "USD", "grossProfit": "3421000000", "totalRevenue": "13695000000", "costOfRevenue": "10274000000", "costofGoodsAndServicesSold": "10274000000", "operatingIncome": "-460000000", "sellingGeneralAndAdministrative": "2691000000", "researchAndDevelopment": "0", "operatingExpenses": "3881000000", "investmentIncomeNet": "None", "netInterestIncome": "None", "interestIncome": "None", "interestExpense": "99000000", "nonInterestIncome": "None", "otherNonOperatingIncome": "None", "depreciation": "None", "depreciationAndAmortization": "307000000", "incomeBeforeTax": "-575000000", "incomeTaxExpense": "73000000", "interestAndDebtExpense": "None", "netIncomeFromContinuingOperations": "0", "comprehensiveIncomeNetOfTax": "None", "ebit": "-460000000", "ebitda": "-153000000", "netIncome": "-648000000"}]}