{"symbol": "MA", "annualReports": [{"fiscalDateEnding": "2024-12-31", "reportedCurrency": "USD", "grossProfit": "21494000000", "totalRevenue": "28167000000", "costOfRevenue": "6673000000", "costofGoodsAndServicesSold": "6673000000", "operatingIncome": "15582000000", "sellingGeneralAndAdministrative": "3455000000", "researchAndDevelopment": "None", "operatingExpenses": "5912000000", "investmentIncomeNet": "None", "netInterestIncome": "-646000000", "interestIncome": "None", "interestExpense": "646000000", "nonInterestIncome": "None", "otherNonOperatingIncome": "None", "depreciation": "None", "depreciationAndAmortization": "897000000", "incomeBeforeTax": "15254000000", "incomeTaxExpense": "2380000000", "interestAndDebtExpense": "None", "netIncomeFromContinuingOperations": "12874000000", "comprehensiveIncomeNetOfTax": "None", "ebit": "15900000000", "ebitda": "16797000000", "netIncome": "12874000000"}, {"fiscalDateEnding": "2023-12-31", "reportedCurrency": "USD", "grossProfit": "19076000000", "totalRevenue": "25098000000", "costOfRevenue": "6022000000", "costofGoodsAndServicesSold": "6022000000", "operatingIncome": "14008000000", "sellingGeneralAndAdministrative": "2822000000", "researchAndDevelopment": "None", "operatingExpenses": "5068000000", "investmentIncomeNet": "None", "netInterestIncome": "-575000000", "interestIncome": "None", "interestExpense": "575000000", "nonInterestIncome": "None", "otherNonOperatingIncome": "None", "depreciation": "None", "depreciationAndAmortization": "799000000", "incomeBeforeTax": "13639000000", "incomeTaxExpense": "2444000000", "interestAndDebtExpense": "None", "netIncomeFromContinuingOperations": "11195000000", "comprehensiveIncomeNetOfTax": "None", "ebit": "14214000000", "ebitda": "15013000000", "netIncome": "11195000000"}, {"fiscalDateEnding": "2022-12-31", "reportedCurrency": "USD", "grossProfit": "16974000000", "totalRevenue": "22237000000", "costOfRevenue": "5263000000", "costofGoodsAndServicesSold": "5263000000", "operatingIncome": "12264000000", "sellingGeneralAndAdministrative": "2713000000", "researchAndDevelopment": "None", "operatingExpenses": "4710000000", "investmentIncomeNet": "None", "netInterestIncome": "-471000000", "interestIncome": "555000000", "interestExpense": "471000000", "nonInterestIncome": "None", "otherNonOperatingIncome": "-61000000", "depreciation": "None", "depreciationAndAmortization": "750000000", "incomeBeforeTax": "11732000000", "incomeTaxExpense": "1802000000", "interestAndDebtExpense": "None", "netIncomeFromContinuingOperations": "9930000000", "comprehensiveIncomeNetOfTax": "None", "ebit": "12203000000", "ebitda": "12953000000", "netIncome": "9930000000"}, {"fiscalDateEnding": "2021-12-31", "reportedCurrency": "USD", "grossProfit": "14395000000", "totalRevenue": "18884000000", "costOfRevenue": "4489000000", "costofGoodsAndServicesSold": "4489000000", "operatingIncome": "10082000000", "sellingGeneralAndAdministrative": "2547000000", "researchAndDevelopment": "None", "operatingExpenses": "4313000000", "investmentIncomeNet": "None", "netInterestIncome": "-431000000", "interestIncome": "225000000", "interestExpense": "431000000", "nonInterestIncome": "None", "otherNonOperatingIncome": "656000000", "depreciation": "None", "depreciationAndAmortization": "726000000", "incomeBeforeTax": "10307000000", "incomeTaxExpense": "1620000000", "interestAndDebtExpense": "None", "netIncomeFromContinuingOperations": "8687000000", "comprehensiveIncomeNetOfTax": "None", "ebit": "10738000000", "ebitda": "11464000000", "netIncome": "8687000000"}, {"fiscalDateEnding": "2020-12-31", "reportedCurrency": "USD", "grossProfit": "11514000000", "totalRevenue": "15301000000", "costOfRevenue": "3787000000", "costofGoodsAndServicesSold": "3787000000", "operatingIncome": "8081000000", "sellingGeneralAndAdministrative": "2114000000", "researchAndDevelopment": "None", "operatingExpenses": "3433000000", "investmentIncomeNet": "None", "netInterestIncome": "-380000000", "interestIncome": "326000000", "interestExpense": "380000000", "nonInterestIncome": "None", "otherNonOperatingIncome": "59000000", "depreciation": "None", "depreciationAndAmortization": "580000000", "incomeBeforeTax": "7760000000", "incomeTaxExpense": "1349000000", "interestAndDebtExpense": "None", "netIncomeFromContinuingOperations": "6411000000", "comprehensiveIncomeNetOfTax": "None", "ebit": "8140000000", "ebitda": "8720000000", "netIncome": "6411000000"}, {"fiscalDateEnding": "2019-12-31", "reportedCurrency": "USD", "grossProfit": "13346000000", "totalRevenue": "16883000000", "costOfRevenue": "3537000000", "costofGoodsAndServicesSold": "3537000000", "operatingIncome": "9664000000", "sellingGeneralAndAdministrative": "2194000000", "researchAndDevelopment": "None", "operatingExpenses": "3650000000", "investmentIncomeNet": "None", "netInterestIncome": "-224000000", "interestIncome": "40000000", "interestExpense": "224000000", "nonInterestIncome": "None", "otherNonOperatingIncome": "291000000", "depreciation": "None", "depreciationAndAmortization": "522000000", "incomeBeforeTax": "9731000000", "incomeTaxExpense": "1613000000", "interestAndDebtExpense": "None", "netIncomeFromContinuingOperations": "8118000000", "comprehensiveIncomeNetOfTax": "None", "ebit": "9955000000", "ebitda": "10477000000", "netIncome": "8118000000"}, {"fiscalDateEnding": "2018-12-31", "reportedCurrency": "USD", "grossProfit": "11736000000", "totalRevenue": "14950000000", "costOfRevenue": "3214000000", "costofGoodsAndServicesSold": "3214000000", "operatingIncome": "7282000000", "sellingGeneralAndAdministrative": "1996000000", "researchAndDevelopment": "0", "operatingExpenses": "3362000000", "investmentIncomeNet": "None", "netInterestIncome": "-186000000", "interestIncome": "64000000", "interestExpense": "186000000", "nonInterestIncome": "None", "otherNonOperatingIncome": "108000000", "depreciation": "None", "depreciationAndAmortization": "459000000", "incomeBeforeTax": "7204000000", "incomeTaxExpense": "1345000000", "interestAndDebtExpense": "None", "netIncomeFromContinuingOperations": "5859000000", "comprehensiveIncomeNetOfTax": "None", "ebit": "7390000000", "ebitda": "7849000000", "netIncome": "5859000000"}, {"fiscalDateEnding": "2017-12-31", "reportedCurrency": "USD", "grossProfit": "9810000000", "totalRevenue": "12497000000", "costOfRevenue": "2687000000", "costofGoodsAndServicesSold": "2687000000", "operatingIncome": "6622000000", "sellingGeneralAndAdministrative": "1860000000", "researchAndDevelopment": "0", "operatingExpenses": "3067000000", "investmentIncomeNet": "None", "netInterestIncome": "-154000000", "interestIncome": "98000000", "interestExpense": "154000000", "nonInterestIncome": "None", "otherNonOperatingIncome": "54000000", "depreciation": "None", "depreciationAndAmortization": "437000000", "incomeBeforeTax": "6522000000", "incomeTaxExpense": "2607000000", "interestAndDebtExpense": "None", "netIncomeFromContinuingOperations": "3915000000", "comprehensiveIncomeNetOfTax": "None", "ebit": "6676000000", "ebitda": "7113000000", "netIncome": "3915000000"}, {"fiscalDateEnding": "2016-12-31", "reportedCurrency": "USD", "grossProfit": "8551000000", "totalRevenue": "10776000000", "costOfRevenue": "2225000000", "costofGoodsAndServicesSold": "2225000000", "operatingIncome": "5761000000", "sellingGeneralAndAdministrative": "1568000000", "researchAndDevelopment": "0", "operatingExpenses": "2639000000", "investmentIncomeNet": "None", "netInterestIncome": "-95000000", "interestIncome": "52000000", "interestExpense": "95000000", "nonInterestIncome": "None", "otherNonOperatingIncome": "-20000000", "depreciation": "None", "depreciationAndAmortization": "373000000", "incomeBeforeTax": "5646000000", "incomeTaxExpense": "1587000000", "interestAndDebtExpense": "None", "netIncomeFromContinuingOperations": "4059000000", "comprehensiveIncomeNetOfTax": "None", "ebit": "5741000000", "ebitda": "6114000000", "netIncome": "4059000000"}, {"fiscalDateEnding": "2015-12-31", "reportedCurrency": "USD", "grossProfit": "7562000000", "totalRevenue": "9667000000", "costOfRevenue": "2105000000", "costofGoodsAndServicesSold": "2105000000", "operatingIncome": "5078000000", "sellingGeneralAndAdministrative": "1318000000", "researchAndDevelopment": "0", "operatingExpenses": "2505000000", "investmentIncomeNet": "None", "netInterestIncome": "None", "interestIncome": "36000000", "interestExpense": "61000000", "nonInterestIncome": "None", "otherNonOperatingIncome": "-59000000", "depreciation": "None", "depreciationAndAmortization": "366000000", "incomeBeforeTax": "4958000000", "incomeTaxExpense": "1150000000", "interestAndDebtExpense": "None", "netIncomeFromContinuingOperations": "3808000000", "comprehensiveIncomeNetOfTax": "None", "ebit": "5019000000", "ebitda": "5385000000", "netIncome": "3808000000"}, {"fiscalDateEnding": "2014-12-31", "reportedCurrency": "USD", "grossProfit": "7377000000", "totalRevenue": "9441000000", "costOfRevenue": "2064000000", "costofGoodsAndServicesSold": "2064000000", "operatingIncome": "5106000000", "sellingGeneralAndAdministrative": "1118000000", "researchAndDevelopment": "0", "operatingExpenses": "2301000000", "investmentIncomeNet": "None", "netInterestIncome": "None", "interestIncome": "None", "interestExpense": "48000000", "nonInterestIncome": "None", "otherNonOperatingIncome": "21000000", "depreciation": "None", "depreciationAndAmortization": "321000000", "incomeBeforeTax": "5079000000", "incomeTaxExpense": "1462000000", "interestAndDebtExpense": "None", "netIncomeFromContinuingOperations": "3617000000", "comprehensiveIncomeNetOfTax": "None", "ebit": "5127000000", "ebitda": "5448000000", "netIncome": "3617000000"}, {"fiscalDateEnding": "2013-12-31", "reportedCurrency": "USD", "grossProfit": "6573000000", "totalRevenue": "8312000000", "costOfRevenue": "1739000000", "costofGoodsAndServicesSold": "1739000000", "operatingIncome": "4503000000", "sellingGeneralAndAdministrative": "874000000", "researchAndDevelopment": "0", "operatingExpenses": "1973000000", "investmentIncomeNet": "None", "netInterestIncome": "None", "interestIncome": "None", "interestExpense": "14000000", "nonInterestIncome": "None", "otherNonOperatingIncome": "11000000", "depreciation": "None", "depreciationAndAmortization": "258000000", "incomeBeforeTax": "4500000000", "incomeTaxExpense": "1384000000", "interestAndDebtExpense": "None", "netIncomeFromContinuingOperations": "3116000000", "comprehensiveIncomeNetOfTax": "None", "ebit": "4514000000", "ebitda": "4772000000", "netIncome": "3116000000"}, {"fiscalDateEnding": "2012-12-31", "reportedCurrency": "USD", "grossProfit": "5826000000", "totalRevenue": "7391000000", "costOfRevenue": "1565000000", "costofGoodsAndServicesSold": "1565000000", "operatingIncome": "3937000000", "sellingGeneralAndAdministrative": "837000000", "researchAndDevelopment": "0", "operatingExpenses": "1842000000", "investmentIncomeNet": "None", "netInterestIncome": "None", "interestIncome": "None", "interestExpense": "20000000", "nonInterestIncome": "None", "otherNonOperatingIncome": "15000000", "depreciation": "None", "depreciationAndAmortization": "230000000", "incomeBeforeTax": "3933000000", "incomeTaxExpense": "1174000000", "interestAndDebtExpense": "None", "netIncomeFromContinuingOperations": "2758000000", "comprehensiveIncomeNetOfTax": "None", "ebit": "3953000000", "ebitda": "4183000000", "netIncome": "2759000000"}, {"fiscalDateEnding": "2011-12-31", "reportedCurrency": "USD", "grossProfit": "5261000000", "totalRevenue": "6714000000", "costOfRevenue": "1453000000", "costofGoodsAndServicesSold": "1453000000", "operatingIncome": "2713000000", "sellingGeneralAndAdministrative": "756000000", "researchAndDevelopment": "0", "operatingExpenses": "1791000000", "investmentIncomeNet": "None", "netInterestIncome": "None", "interestIncome": "None", "interestExpense": "25000000", "nonInterestIncome": "None", "otherNonOperatingIncome": "58000000", "depreciation": "None", "depreciationAndAmortization": "194000000", "incomeBeforeTax": "2748000000", "incomeTaxExpense": "842000000", "interestAndDebtExpense": "None", "netIncomeFromContinuingOperations": "1904000000", "comprehensiveIncomeNetOfTax": "None", "ebit": "2773000000", "ebitda": "2967000000", "netIncome": "1906000000"}, {"fiscalDateEnding": "2010-12-31", "reportedCurrency": "USD", "grossProfit": "4320000000", "totalRevenue": "5539000000", "costOfRevenue": "1219000000", "costofGoodsAndServicesSold": "1219000000", "operatingIncome": "2752000000", "sellingGeneralAndAdministrative": "1857000000", "researchAndDevelopment": "0", "operatingExpenses": "2787000000", "investmentIncomeNet": "None", "netInterestIncome": "None", "interestIncome": "None", "interestExpense": "52000000", "nonInterestIncome": "None", "otherNonOperatingIncome": "57000000", "depreciation": "None", "depreciationAndAmortization": "148000000", "incomeBeforeTax": "2757000000", "incomeTaxExpense": "910000000", "interestAndDebtExpense": "None", "netIncomeFromContinuingOperations": "1847000000", "comprehensiveIncomeNetOfTax": "None", "ebit": "2752000000", "ebitda": "2900000000", "netIncome": "1846000000"}, {"fiscalDateEnding": "2009-12-31", "reportedCurrency": "USD", "grossProfit": "5099000000", "totalRevenue": "5099000000", "costOfRevenue": "2677207000", "costofGoodsAndServicesSold": "2677207000", "operatingIncome": "2260000000", "sellingGeneralAndAdministrative": "1935000000", "researchAndDevelopment": "0", "operatingExpenses": "2832000000", "investmentIncomeNet": "None", "netInterestIncome": "None", "interestIncome": "None", "interestExpense": "115000000", "nonInterestIncome": "None", "otherNonOperatingIncome": "73052000", "depreciation": "None", "depreciationAndAmortization": "141000000", "incomeBeforeTax": "2218000000", "incomeTaxExpense": "755000000", "interestAndDebtExpense": "None", "netIncomeFromContinuingOperations": "1462624000", "comprehensiveIncomeNetOfTax": "None", "ebit": "2333000000", "ebitda": "2474000000", "netIncome": "1463000000"}, {"fiscalDateEnding": "2008-12-31", "reportedCurrency": "USD", "grossProfit": "4991600000", "totalRevenue": "4991600000", "costOfRevenue": "2931254000", "costofGoodsAndServicesSold": "2931254000", "operatingIncome": "-534505000", "sellingGeneralAndAdministrative": "1996512000", "researchAndDevelopment": "None", "operatingExpenses": "3043260000", "investmentIncomeNet": "None", "netInterestIncome": "None", "interestIncome": "None", "interestExpense": "103600000", "nonInterestIncome": "None", "otherNonOperatingIncome": "None", "depreciation": "None", "depreciationAndAmortization": "112006000", "incomeBeforeTax": "-383213000", "incomeTaxExpense": "-129298000", "interestAndDebtExpense": "None", "netIncomeFromContinuingOperations": "None", "comprehensiveIncomeNetOfTax": "None", "ebit": "-279613000", "ebitda": "-167607000", "netIncome": "-253915000"}, {"fiscalDateEnding": "2007-12-31", "reportedCurrency": "USD", "grossProfit": "4067599000", "totalRevenue": "4067599000", "costOfRevenue": "2858445000", "costofGoodsAndServicesSold": "2858445000", "operatingIncome": "1108112000", "sellingGeneralAndAdministrative": "1758388000", "researchAndDevelopment": "None", "operatingExpenses": "2959487000", "investmentIncomeNet": "None", "netInterestIncome": "None", "interestIncome": "None", "interestExpense": "57277000", "nonInterestIncome": "None", "otherNonOperatingIncome": "None", "depreciation": "None", "depreciationAndAmortization": "97642000", "incomeBeforeTax": "1671432000", "incomeTaxExpense": "585546000", "interestAndDebtExpense": "None", "netIncomeFromContinuingOperations": "None", "comprehensiveIncomeNetOfTax": "None", "ebit": "1108112000", "ebitda": "1205754000", "netIncome": "1085886000"}, {"fiscalDateEnding": "2006-12-31", "reportedCurrency": "USD", "grossProfit": "3326074000", "totalRevenue": "3326074000", "costOfRevenue": "2557055000", "costofGoodsAndServicesSold": "2557055000", "operatingIncome": "229495000", "sellingGeneralAndAdministrative": "1505185000", "researchAndDevelopment": "None", "operatingExpenses": "3096579000", "investmentIncomeNet": "None", "netInterestIncome": "None", "interestIncome": "None", "interestExpense": "61151000", "nonInterestIncome": "None", "otherNonOperatingIncome": "None", "depreciation": "None", "depreciationAndAmortization": "99782000", "incomeBeforeTax": "294172000", "incomeTaxExpense": "243982000", "interestAndDebtExpense": "None", "netIncomeFromContinuingOperations": "None", "comprehensiveIncomeNetOfTax": "None", "ebit": "229495000", "ebitda": "329277000", "netIncome": "50190000"}, {"fiscalDateEnding": "2005-12-31", "reportedCurrency": "USD", "grossProfit": "2937628000", "totalRevenue": "2937628000", "costOfRevenue": "2340287000", "costofGoodsAndServicesSold": "2340287000", "operatingIncome": "393184000", "sellingGeneralAndAdministrative": "1351082000", "researchAndDevelopment": "None", "operatingExpenses": "2544444000", "investmentIncomeNet": "None", "netInterestIncome": "None", "interestIncome": "None", "interestExpense": "70158000", "nonInterestIncome": "None", "otherNonOperatingIncome": "None", "depreciation": "None", "depreciationAndAmortization": "109936000", "incomeBeforeTax": "407338000", "incomeTaxExpense": "140619000", "interestAndDebtExpense": "None", "netIncomeFromContinuingOperations": "None", "comprehensiveIncomeNetOfTax": "None", "ebit": "393184000", "ebitda": "503120000", "netIncome": "266719000"}], "quarterlyReports": [{"fiscalDateEnding": "2024-12-31", "reportedCurrency": "USD", "grossProfit": "5836000000", "totalRevenue": "7489000000", "costOfRevenue": "1653000000", "costofGoodsAndServicesSold": "1653000000", "operatingIncome": "3938000000", "sellingGeneralAndAdministrative": "1076000000", "researchAndDevelopment": "None", "operatingExpenses": "1898000000", "investmentIncomeNet": "None", "netInterestIncome": "-184000000", "interestIncome": "None", "interestExpense": "184000000", "nonInterestIncome": "None", "otherNonOperatingIncome": "None", "depreciation": "None", "depreciationAndAmortization": "231000000", "incomeBeforeTax": "3891000000", "incomeTaxExpense": "549000000", "interestAndDebtExpense": "None", "netIncomeFromContinuingOperations": "3342000000", "comprehensiveIncomeNetOfTax": "None", "ebit": "4075000000", "ebitda": "4306000000", "netIncome": "3342000000"}, {"fiscalDateEnding": "2024-09-30", "reportedCurrency": "USD", "grossProfit": "5470000000", "totalRevenue": "7369000000", "costOfRevenue": "1899000000", "costofGoodsAndServicesSold": "1899000000", "operatingIncome": "4004000000", "sellingGeneralAndAdministrative": "829000000", "researchAndDevelopment": "None", "operatingExpenses": "1466000000", "investmentIncomeNet": "None", "netInterestIncome": "-159000000", "interestIncome": "None", "interestExpense": "159000000", "nonInterestIncome": "None", "otherNonOperatingIncome": "None", "depreciation": "None", "depreciationAndAmortization": "225000000", "incomeBeforeTax": "3866000000", "incomeTaxExpense": "603000000", "interestAndDebtExpense": "None", "netIncomeFromContinuingOperations": "3263000000", "comprehensiveIncomeNetOfTax": "None", "ebit": "4025000000", "ebitda": "4250000000", "netIncome": "3263000000"}, {"fiscalDateEnding": "2024-06-30", "reportedCurrency": "USD", "grossProfit": "5354000000", "totalRevenue": "6961000000", "costOfRevenue": "1607000000", "costofGoodsAndServicesSold": "1607000000", "operatingIncome": "4036000000", "sellingGeneralAndAdministrative": "806000000", "researchAndDevelopment": "None", "operatingExpenses": "1318000000", "investmentIncomeNet": "None", "netInterestIncome": "-153000000", "interestIncome": "None", "interestExpense": "153000000", "nonInterestIncome": "None", "otherNonOperatingIncome": "None", "depreciation": "None", "depreciationAndAmortization": "225000000", "incomeBeforeTax": "3939000000", "incomeTaxExpense": "681000000", "interestAndDebtExpense": "None", "netIncomeFromContinuingOperations": "3258000000", "comprehensiveIncomeNetOfTax": "None", "ebit": "4092000000", "ebitda": "4317000000", "netIncome": "3258000000"}, {"fiscalDateEnding": "2024-03-31", "reportedCurrency": "USD", "grossProfit": "4834000000", "totalRevenue": "6348000000", "costOfRevenue": "1514000000", "costofGoodsAndServicesSold": "1514000000", "operatingIncome": "3604000000", "sellingGeneralAndAdministrative": "744000000", "researchAndDevelopment": "None", "operatingExpenses": "1230000000", "investmentIncomeNet": "None", "netInterestIncome": "-150000000", "interestIncome": "None", "interestExpense": "150000000", "nonInterestIncome": "None", "otherNonOperatingIncome": "None", "depreciation": "None", "depreciationAndAmortization": "216000000", "incomeBeforeTax": "3558000000", "incomeTaxExpense": "547000000", "interestAndDebtExpense": "None", "netIncomeFromContinuingOperations": "3011000000", "comprehensiveIncomeNetOfTax": "None", "ebit": "3708000000", "ebitda": "3924000000", "netIncome": "3011000000"}, {"fiscalDateEnding": "2023-12-31", "reportedCurrency": "USD", "grossProfit": "5020000000", "totalRevenue": "6548000000", "costOfRevenue": "1528000000", "costofGoodsAndServicesSold": "1528000000", "operatingIncome": "3372000000", "sellingGeneralAndAdministrative": "853000000", "researchAndDevelopment": "None", "operatingExpenses": "1648000000", "investmentIncomeNet": "None", "netInterestIncome": "-148000000", "interestIncome": "None", "interestExpense": "148000000", "nonInterestIncome": "None", "otherNonOperatingIncome": "None", "depreciation": "None", "depreciationAndAmortization": "205000000", "incomeBeforeTax": "3321000000", "incomeTaxExpense": "530000000", "interestAndDebtExpense": "None", "netIncomeFromContinuingOperations": "2791000000", "comprehensiveIncomeNetOfTax": "None", "ebit": "3469000000", "ebitda": "3674000000", "netIncome": "2791000000"}, {"fiscalDateEnding": "2023-09-30", "reportedCurrency": "USD", "grossProfit": "4960000000", "totalRevenue": "6533000000", "costOfRevenue": "1573000000", "costofGoodsAndServicesSold": "1573000000", "operatingIncome": "3844000000", "sellingGeneralAndAdministrative": "687000000", "researchAndDevelopment": "None", "operatingExpenses": "1116000000", "investmentIncomeNet": "None", "netInterestIncome": "-151000000", "interestIncome": "86000000", "interestExpense": "151000000", "nonInterestIncome": "None", "otherNonOperatingIncome": "None", "depreciation": "None", "depreciationAndAmortization": "211000000", "incomeBeforeTax": "3761000000", "incomeTaxExpense": "563000000", "interestAndDebtExpense": "None", "netIncomeFromContinuingOperations": "3198000000", "comprehensiveIncomeNetOfTax": "None", "ebit": "3912000000", "ebitda": "4123000000", "netIncome": "3198000000"}, {"fiscalDateEnding": "2023-06-30", "reportedCurrency": "USD", "grossProfit": "4774000000", "totalRevenue": "6269000000", "costOfRevenue": "1495000000", "costofGoodsAndServicesSold": "1495000000", "operatingIncome": "3656000000", "sellingGeneralAndAdministrative": "681000000", "researchAndDevelopment": "None", "operatingExpenses": "1118000000", "investmentIncomeNet": "None", "netInterestIncome": "-144000000", "interestIncome": "38000000", "interestExpense": "144000000", "nonInterestIncome": "None", "otherNonOperatingIncome": "192000000", "depreciation": "None", "depreciationAndAmortization": "192000000", "incomeBeforeTax": "3704000000", "incomeTaxExpense": "859000000", "interestAndDebtExpense": "None", "netIncomeFromContinuingOperations": "2845000000", "comprehensiveIncomeNetOfTax": "None", "ebit": "3848000000", "ebitda": "4040000000", "netIncome": "2845000000"}, {"fiscalDateEnding": "2023-03-31", "reportedCurrency": "USD", "grossProfit": "4322000000", "totalRevenue": "5748000000", "costOfRevenue": "1426000000", "costofGoodsAndServicesSold": "1426000000", "operatingIncome": "3136000000", "sellingGeneralAndAdministrative": "601000000", "researchAndDevelopment": "None", "operatingExpenses": "1186000000", "investmentIncomeNet": "None", "netInterestIncome": "-132000000", "interestIncome": "289000000", "interestExpense": "132000000", "nonInterestIncome": "None", "otherNonOperatingIncome": "-151000000", "depreciation": "None", "depreciationAndAmortization": "191000000", "incomeBeforeTax": "2853000000", "incomeTaxExpense": "492000000", "interestAndDebtExpense": "None", "netIncomeFromContinuingOperations": "2361000000", "comprehensiveIncomeNetOfTax": "None", "ebit": "2985000000", "ebitda": "3176000000", "netIncome": "2361000000"}, {"fiscalDateEnding": "2022-12-31", "reportedCurrency": "USD", "grossProfit": "4436000000", "totalRevenue": "5817000000", "costOfRevenue": "1381000000", "costofGoodsAndServicesSold": "1381000000", "operatingIncome": "3184000000", "sellingGeneralAndAdministrative": "844000000", "researchAndDevelopment": "None", "operatingExpenses": "1252000000", "investmentIncomeNet": "None", "netInterestIncome": "-127000000", "interestIncome": "106000000", "interestExpense": "127000000", "nonInterestIncome": "None", "otherNonOperatingIncome": "32000000", "depreciation": "None", "depreciationAndAmortization": "184000000", "incomeBeforeTax": "3089000000", "incomeTaxExpense": "564000000", "interestAndDebtExpense": "None", "netIncomeFromContinuingOperations": "2525000000", "comprehensiveIncomeNetOfTax": "None", "ebit": "3216000000", "ebitda": "3400000000", "netIncome": "2525000000"}, {"fiscalDateEnding": "2022-09-30", "reportedCurrency": "USD", "grossProfit": "4374000000", "totalRevenue": "5756000000", "costOfRevenue": "1382000000", "costofGoodsAndServicesSold": "1382000000", "operatingIncome": "3112000000", "sellingGeneralAndAdministrative": "649000000", "researchAndDevelopment": "None", "operatingExpenses": "1262000000", "investmentIncomeNet": "None", "netInterestIncome": "-120000000", "interestIncome": "44000000", "interestExpense": "120000000", "nonInterestIncome": "None", "otherNonOperatingIncome": "80000000", "depreciation": "None", "depreciationAndAmortization": "185000000", "incomeBeforeTax": "3072000000", "incomeTaxExpense": "573000000", "interestAndDebtExpense": "None", "netIncomeFromContinuingOperations": "2499000000", "comprehensiveIncomeNetOfTax": "None", "ebit": "3192000000", "ebitda": "3377000000", "netIncome": "2499000000"}, {"fiscalDateEnding": "2022-06-30", "reportedCurrency": "USD", "grossProfit": "4178000000", "totalRevenue": "5497000000", "costOfRevenue": "1319000000", "costofGoodsAndServicesSold": "1319000000", "operatingIncome": "3018000000", "sellingGeneralAndAdministrative": "593000000", "researchAndDevelopment": "None", "operatingExpenses": "1160000000", "investmentIncomeNet": "None", "netInterestIncome": "-114000000", "interestIncome": "224000000", "interestExpense": "114000000", "nonInterestIncome": "None", "otherNonOperatingIncome": "-106000000", "depreciation": "None", "depreciationAndAmortization": "189000000", "incomeBeforeTax": "2798000000", "incomeTaxExpense": "523000000", "interestAndDebtExpense": "None", "netIncomeFromContinuingOperations": "2275000000", "comprehensiveIncomeNetOfTax": "None", "ebit": "2912000000", "ebitda": "3101000000", "netIncome": "2275000000"}, {"fiscalDateEnding": "2022-03-31", "reportedCurrency": "USD", "grossProfit": "3986000000", "totalRevenue": "5167000000", "costOfRevenue": "1181000000", "costofGoodsAndServicesSold": "1181000000", "operatingIncome": "2950000000", "sellingGeneralAndAdministrative": "627000000", "researchAndDevelopment": "None", "operatingExpenses": "1036000000", "investmentIncomeNet": "None", "netInterestIncome": "-110000000", "interestIncome": "181000000", "interestExpense": "110000000", "nonInterestIncome": "None", "otherNonOperatingIncome": "-67000000", "depreciation": "None", "depreciationAndAmortization": "192000000", "incomeBeforeTax": "2773000000", "incomeTaxExpense": "142000000", "interestAndDebtExpense": "None", "netIncomeFromContinuingOperations": "2631000000", "comprehensiveIncomeNetOfTax": "None", "ebit": "2883000000", "ebitda": "3075000000", "netIncome": "2631000000"}, {"fiscalDateEnding": "2021-12-31", "reportedCurrency": "USD", "grossProfit": "4127000000", "totalRevenue": "5216000000", "costOfRevenue": "1089000000", "costofGoodsAndServicesSold": "1089000000", "operatingIncome": "2827000000", "sellingGeneralAndAdministrative": "757000000", "researchAndDevelopment": "None", "operatingExpenses": "1300000000", "investmentIncomeNet": "None", "netInterestIncome": "-108000000", "interestIncome": "5000000", "interestExpense": "108000000", "nonInterestIncome": "None", "otherNonOperatingIncome": "104000000", "depreciation": "None", "depreciationAndAmortization": "189000000", "incomeBeforeTax": "2823000000", "incomeTaxExpense": "444000000", "interestAndDebtExpense": "None", "netIncomeFromContinuingOperations": "2379000000", "comprehensiveIncomeNetOfTax": "None", "ebit": "2931000000", "ebitda": "3120000000", "netIncome": "2379000000"}, {"fiscalDateEnding": "2021-09-30", "reportedCurrency": "USD", "grossProfit": "3819000000", "totalRevenue": "4985000000", "costOfRevenue": "1166000000", "costofGoodsAndServicesSold": "1166000000", "operatingIncome": "2717000000", "sellingGeneralAndAdministrative": "646000000", "researchAndDevelopment": "None", "operatingExpenses": "1102000000", "investmentIncomeNet": "None", "netInterestIncome": "-110000000", "interestIncome": "92000000", "interestExpense": "110000000", "nonInterestIncome": "None", "otherNonOperatingIncome": "209000000", "depreciation": "None", "depreciationAndAmortization": "188000000", "incomeBeforeTax": "2816000000", "incomeTaxExpense": "402000000", "interestAndDebtExpense": "None", "netIncomeFromContinuingOperations": "2414000000", "comprehensiveIncomeNetOfTax": "None", "ebit": "2926000000", "ebitda": "3114000000", "netIncome": "2414000000"}, {"fiscalDateEnding": "2021-06-30", "reportedCurrency": "USD", "grossProfit": "3398000000", "totalRevenue": "4528000000", "costOfRevenue": "1130000000", "costofGoodsAndServicesSold": "1130000000", "operatingIncome": "2341000000", "sellingGeneralAndAdministrative": "580000000", "researchAndDevelopment": "None", "operatingExpenses": "1057000000", "investmentIncomeNet": "None", "netInterestIncome": "-106000000", "interestIncome": "140000000", "interestExpense": "106000000", "nonInterestIncome": "None", "otherNonOperatingIncome": "243000000", "depreciation": "None", "depreciationAndAmortization": "186000000", "incomeBeforeTax": "2478000000", "incomeTaxExpense": "412000000", "interestAndDebtExpense": "None", "netIncomeFromContinuingOperations": "2066000000", "comprehensiveIncomeNetOfTax": "None", "ebit": "2584000000", "ebitda": "2770000000", "netIncome": "2066000000"}, {"fiscalDateEnding": "2021-03-31", "reportedCurrency": "USD", "grossProfit": "3051000000", "totalRevenue": "4155000000", "costOfRevenue": "1104000000", "costofGoodsAndServicesSold": "1104000000", "operatingIncome": "2197000000", "sellingGeneralAndAdministrative": "564000000", "researchAndDevelopment": "None", "operatingExpenses": "854000000", "investmentIncomeNet": "None", "netInterestIncome": "-107000000", "interestIncome": "12000000", "interestExpense": "107000000", "nonInterestIncome": "None", "otherNonOperatingIncome": "100000000", "depreciation": "None", "depreciationAndAmortization": "163000000", "incomeBeforeTax": "2190000000", "incomeTaxExpense": "362000000", "interestAndDebtExpense": "None", "netIncomeFromContinuingOperations": "1828000000", "comprehensiveIncomeNetOfTax": "None", "ebit": "2297000000", "ebitda": "2460000000", "netIncome": "1828000000"}, {"fiscalDateEnding": "2020-12-31", "reportedCurrency": "USD", "grossProfit": "3150000000", "totalRevenue": "4120000000", "costOfRevenue": "970000000", "costofGoodsAndServicesSold": "970000000", "operatingIncome": "2058000000", "sellingGeneralAndAdministrative": "636000000", "researchAndDevelopment": "None", "operatingExpenses": "1092000000", "investmentIncomeNet": "None", "netInterestIncome": "-105000000", "interestIncome": "112000000", "interestExpense": "105000000", "nonInterestIncome": "None", "otherNonOperatingIncome": "215000000", "depreciation": "None", "depreciationAndAmortization": "150000000", "incomeBeforeTax": "2168000000", "incomeTaxExpense": "383000000", "interestAndDebtExpense": "None", "netIncomeFromContinuingOperations": "1785000000", "comprehensiveIncomeNetOfTax": "None", "ebit": "2273000000", "ebitda": "2423000000", "netIncome": "1785000000"}, {"fiscalDateEnding": "2020-09-30", "reportedCurrency": "USD", "grossProfit": "2897000000", "totalRevenue": "3837000000", "costOfRevenue": "940000000", "costofGoodsAndServicesSold": "940000000", "operatingIncome": "2105000000", "sellingGeneralAndAdministrative": "460000000", "researchAndDevelopment": "None", "operatingExpenses": "792000000", "investmentIncomeNet": "None", "netInterestIncome": "-105000000", "interestIncome": "193000000", "interestExpense": "105000000", "nonInterestIncome": "None", "otherNonOperatingIncome": "-85000000", "depreciation": "None", "depreciationAndAmortization": "141000000", "incomeBeforeTax": "1915000000", "incomeTaxExpense": "402000000", "interestAndDebtExpense": "None", "netIncomeFromContinuingOperations": "1513000000", "comprehensiveIncomeNetOfTax": "None", "ebit": "2020000000", "ebitda": "2161000000", "netIncome": "1513000000"}, {"fiscalDateEnding": "2020-06-30", "reportedCurrency": "USD", "grossProfit": "2420000000", "totalRevenue": "3335000000", "costOfRevenue": "915000000", "costofGoodsAndServicesSold": "915000000", "operatingIncome": "1707000000", "sellingGeneralAndAdministrative": "434000000", "researchAndDevelopment": "None", "operatingExpenses": "713000000", "investmentIncomeNet": "None", "netInterestIncome": "-101000000", "interestIncome": "18000000", "interestExpense": "101000000", "nonInterestIncome": "None", "otherNonOperatingIncome": "84000000", "depreciation": "None", "depreciationAndAmortization": "145000000", "incomeBeforeTax": "1690000000", "incomeTaxExpense": "270000000", "interestAndDebtExpense": "None", "netIncomeFromContinuingOperations": "1420000000", "comprehensiveIncomeNetOfTax": "None", "ebit": "1791000000", "ebitda": "1936000000", "netIncome": "1420000000"}, {"fiscalDateEnding": "2020-03-31", "reportedCurrency": "USD", "grossProfit": "3047000000", "totalRevenue": "4009000000", "costOfRevenue": "962000000", "costofGoodsAndServicesSold": "962000000", "operatingIncome": "2211000000", "sellingGeneralAndAdministrative": "584000000", "researchAndDevelopment": "None", "operatingExpenses": "836000000", "investmentIncomeNet": "None", "netInterestIncome": "-69000000", "interestIncome": "227000000", "interestExpense": "69000000", "nonInterestIncome": "None", "otherNonOperatingIncome": "-155000000", "depreciation": "None", "depreciationAndAmortization": "144000000", "incomeBeforeTax": "1987000000", "incomeTaxExpense": "294000000", "interestAndDebtExpense": "None", "netIncomeFromContinuingOperations": "1693000000", "comprehensiveIncomeNetOfTax": "None", "ebit": "2056000000", "ebitda": "2200000000", "netIncome": "1693000000"}, {"fiscalDateEnding": "2019-12-31", "reportedCurrency": "USD", "grossProfit": "3478000000", "totalRevenue": "4414000000", "costOfRevenue": "936000000", "costofGoodsAndServicesSold": "936000000", "operatingIncome": "2399000000", "sellingGeneralAndAdministrative": "623000000", "researchAndDevelopment": "None", "operatingExpenses": "1079000000", "investmentIncomeNet": "None", "netInterestIncome": "-64000000", "interestIncome": "75000000", "interestExpense": "64000000", "nonInterestIncome": "None", "otherNonOperatingIncome": "140000000", "depreciation": "None", "depreciationAndAmortization": "146000000", "incomeBeforeTax": "2475000000", "incomeTaxExpense": "375000000", "interestAndDebtExpense": "None", "netIncomeFromContinuingOperations": "2100000000", "comprehensiveIncomeNetOfTax": "None", "ebit": "2539000000", "ebitda": "2685000000", "netIncome": "2100000000"}, {"fiscalDateEnding": "2019-09-30", "reportedCurrency": "USD", "grossProfit": "3530000000", "totalRevenue": "4467000000", "costOfRevenue": "937000000", "costofGoodsAndServicesSold": "937000000", "operatingIncome": "2655000000", "sellingGeneralAndAdministrative": "513000000", "researchAndDevelopment": "None", "operatingExpenses": "875000000", "investmentIncomeNet": "None", "netInterestIncome": "-63000000", "interestIncome": "137000000", "interestExpense": "63000000", "nonInterestIncome": "None", "otherNonOperatingIncome": "-58000000", "depreciation": "None", "depreciationAndAmortization": "137000000", "incomeBeforeTax": "2534000000", "incomeTaxExpense": "426000000", "interestAndDebtExpense": "None", "netIncomeFromContinuingOperations": "2108000000", "comprehensiveIncomeNetOfTax": "None", "ebit": "2597000000", "ebitda": "2734000000", "netIncome": "2108000000"}, {"fiscalDateEnding": "2019-06-30", "reportedCurrency": "USD", "grossProfit": "3260000000", "totalRevenue": "4113000000", "costOfRevenue": "853000000", "costofGoodsAndServicesSold": "853000000", "operatingIncome": "2397000000", "sellingGeneralAndAdministrative": "503000000", "researchAndDevelopment": "None", "operatingExpenses": "863000000", "investmentIncomeNet": "None", "netInterestIncome": "-51000000", "interestIncome": "116000000", "interestExpense": "51000000", "nonInterestIncome": "None", "otherNonOperatingIncome": "173000000", "depreciation": "None", "depreciationAndAmortization": "122000000", "incomeBeforeTax": "2519000000", "incomeTaxExpense": "471000000", "interestAndDebtExpense": "None", "netIncomeFromContinuingOperations": "2048000000", "comprehensiveIncomeNetOfTax": "None", "ebit": "2570000000", "ebitda": "2692000000", "netIncome": "2048000000"}, {"fiscalDateEnding": "2019-03-31", "reportedCurrency": "USD", "grossProfit": "3078000000", "totalRevenue": "3889000000", "costOfRevenue": "811000000", "costofGoodsAndServicesSold": "811000000", "operatingIncome": "2213000000", "sellingGeneralAndAdministrative": "555000000", "researchAndDevelopment": "None", "operatingExpenses": "865000000", "investmentIncomeNet": "None", "netInterestIncome": "-46000000", "interestIncome": "14000000", "interestExpense": "46000000", "nonInterestIncome": "None", "otherNonOperatingIncome": "36000000", "depreciation": "None", "depreciationAndAmortization": "117000000", "incomeBeforeTax": "2203000000", "incomeTaxExpense": "341000000", "interestAndDebtExpense": "None", "netIncomeFromContinuingOperations": "1862000000", "comprehensiveIncomeNetOfTax": "None", "ebit": "2249000000", "ebitda": "2366000000", "netIncome": "1862000000"}, {"fiscalDateEnding": "2018-12-31", "reportedCurrency": "USD", "grossProfit": "2964000000", "totalRevenue": "3807000000", "costOfRevenue": "843000000", "costofGoodsAndServicesSold": "843000000", "operatingIncome": "1234000000", "sellingGeneralAndAdministrative": "654000000", "researchAndDevelopment": "0", "operatingExpenses": "1730000000", "investmentIncomeNet": "None", "netInterestIncome": "None", "interestIncome": "None", "interestExpense": "47000000", "nonInterestIncome": "None", "otherNonOperatingIncome": "28000000", "depreciation": "None", "depreciationAndAmortization": "113000000", "incomeBeforeTax": "1215000000", "incomeTaxExpense": "316000000", "interestAndDebtExpense": "None", "netIncomeFromContinuingOperations": "899000000", "comprehensiveIncomeNetOfTax": "None", "ebit": "1262000000", "ebitda": "1375000000", "netIncome": "899000000"}, {"fiscalDateEnding": "2018-09-30", "reportedCurrency": "USD", "grossProfit": "3076000000", "totalRevenue": "3898000000", "costOfRevenue": "822000000", "costofGoodsAndServicesSold": "822000000", "operatingIncome": "2287000000", "sellingGeneralAndAdministrative": "444000000", "researchAndDevelopment": "0", "operatingExpenses": "789000000", "investmentIncomeNet": "None", "netInterestIncome": "None", "interestIncome": "None", "interestExpense": "48000000", "nonInterestIncome": "None", "otherNonOperatingIncome": "25000000", "depreciation": "None", "depreciationAndAmortization": "111000000", "incomeBeforeTax": "2264000000", "incomeTaxExpense": "365000000", "interestAndDebtExpense": "None", "netIncomeFromContinuingOperations": "1899000000", "comprehensiveIncomeNetOfTax": "None", "ebit": "2312000000", "ebitda": "2423000000", "netIncome": "1899000000"}, {"fiscalDateEnding": "2018-06-30", "reportedCurrency": "USD", "grossProfit": "2868000000", "totalRevenue": "3665000000", "costOfRevenue": "797000000", "costofGoodsAndServicesSold": "797000000", "operatingIncome": "1936000000", "sellingGeneralAndAdministrative": "446000000", "researchAndDevelopment": "0", "operatingExpenses": "932000000", "investmentIncomeNet": "None", "netInterestIncome": "None", "interestIncome": "None", "interestExpense": "48000000", "nonInterestIncome": "None", "otherNonOperatingIncome": "34000000", "depreciation": "None", "depreciationAndAmortization": "115000000", "incomeBeforeTax": "1922000000", "incomeTaxExpense": "353000000", "interestAndDebtExpense": "None", "netIncomeFromContinuingOperations": "1569000000", "comprehensiveIncomeNetOfTax": "None", "ebit": "1970000000", "ebitda": "2085000000", "netIncome": "1569000000"}, {"fiscalDateEnding": "2018-03-31", "reportedCurrency": "USD", "grossProfit": "2828000000", "totalRevenue": "3580000000", "costOfRevenue": "752000000", "costofGoodsAndServicesSold": "752000000", "operatingIncome": "1825000000", "sellingGeneralAndAdministrative": "541000000", "researchAndDevelopment": "0", "operatingExpenses": "1003000000", "investmentIncomeNet": "None", "netInterestIncome": "None", "interestIncome": "None", "interestExpense": "43000000", "nonInterestIncome": "None", "otherNonOperatingIncome": "21000000", "depreciation": "None", "depreciationAndAmortization": "120000000", "incomeBeforeTax": "1803000000", "incomeTaxExpense": "311000000", "interestAndDebtExpense": "None", "netIncomeFromContinuingOperations": "1492000000", "comprehensiveIncomeNetOfTax": "None", "ebit": "1846000000", "ebitda": "1966000000", "netIncome": "1492000000"}, {"fiscalDateEnding": "2017-12-31", "reportedCurrency": "USD", "grossProfit": "2586000000", "totalRevenue": "3312000000", "costOfRevenue": "726000000", "costofGoodsAndServicesSold": "726000000", "operatingIncome": "1522000000", "sellingGeneralAndAdministrative": "625000000", "researchAndDevelopment": "0", "operatingExpenses": "1064000000", "investmentIncomeNet": "None", "netInterestIncome": "None", "interestIncome": "None", "interestExpense": "41000000", "nonInterestIncome": "None", "otherNonOperatingIncome": "3000000", "depreciation": "None", "depreciationAndAmortization": "116000000", "incomeBeforeTax": "1484000000", "incomeTaxExpense": "1257000000", "interestAndDebtExpense": "None", "netIncomeFromContinuingOperations": "227000000", "comprehensiveIncomeNetOfTax": "None", "ebit": "1525000000", "ebitda": "1641000000", "netIncome": "227000000"}, {"fiscalDateEnding": "2017-09-30", "reportedCurrency": "USD", "grossProfit": "2675000000", "totalRevenue": "3398000000", "costOfRevenue": "723000000", "costofGoodsAndServicesSold": "723000000", "operatingIncome": "1941000000", "sellingGeneralAndAdministrative": "390000000", "researchAndDevelopment": "0", "operatingExpenses": "734000000", "investmentIncomeNet": "None", "netInterestIncome": "None", "interestIncome": "None", "interestExpense": "35000000", "nonInterestIncome": "None", "otherNonOperatingIncome": "26000000", "depreciation": "None", "depreciationAndAmortization": "118000000", "incomeBeforeTax": "1932000000", "incomeTaxExpense": "502000000", "interestAndDebtExpense": "None", "netIncomeFromContinuingOperations": "1430000000", "comprehensiveIncomeNetOfTax": "None", "ebit": "1967000000", "ebitda": "2085000000", "netIncome": "1430000000"}, {"fiscalDateEnding": "2017-06-30", "reportedCurrency": "USD", "grossProfit": "2409000000", "totalRevenue": "3053000000", "costOfRevenue": "644000000", "costofGoodsAndServicesSold": "644000000", "operatingIncome": "1653000000", "sellingGeneralAndAdministrative": "398000000", "researchAndDevelopment": "0", "operatingExpenses": "756000000", "investmentIncomeNet": "None", "netInterestIncome": "None", "interestIncome": "None", "interestExpense": "39000000", "nonInterestIncome": "None", "otherNonOperatingIncome": "14000000", "depreciation": "None", "depreciationAndAmortization": "111000000", "incomeBeforeTax": "1628000000", "incomeTaxExpense": "451000000", "interestAndDebtExpense": "None", "netIncomeFromContinuingOperations": "1177000000", "comprehensiveIncomeNetOfTax": "None", "ebit": "1667000000", "ebitda": "1778000000", "netIncome": "1177000000"}, {"fiscalDateEnding": "2017-03-31", "reportedCurrency": "USD", "grossProfit": "2140000000", "totalRevenue": "2734000000", "costOfRevenue": "594000000", "costofGoodsAndServicesSold": "594000000", "operatingIncome": "1506000000", "sellingGeneralAndAdministrative": "320000000", "researchAndDevelopment": "0", "operatingExpenses": "634000000", "investmentIncomeNet": "None", "netInterestIncome": "None", "interestIncome": "None", "interestExpense": "39000000", "nonInterestIncome": "None", "otherNonOperatingIncome": "11000000", "depreciation": "None", "depreciationAndAmortization": "92000000", "incomeBeforeTax": "1478000000", "incomeTaxExpense": "397000000", "interestAndDebtExpense": "None", "netIncomeFromContinuingOperations": "1081000000", "comprehensiveIncomeNetOfTax": "None", "ebit": "1517000000", "ebitda": "1609000000", "netIncome": "1081000000"}, {"fiscalDateEnding": "2016-12-31", "reportedCurrency": "USD", "grossProfit": "2177000000", "totalRevenue": "2756000000", "costOfRevenue": "579000000", "costofGoodsAndServicesSold": "579000000", "operatingIncome": "1363000000", "sellingGeneralAndAdministrative": "413000000", "researchAndDevelopment": "0", "operatingExpenses": "814000000", "investmentIncomeNet": "None", "netInterestIncome": "None", "interestIncome": "None", "interestExpense": "30000000", "nonInterestIncome": "None", "otherNonOperatingIncome": "-22000000", "depreciation": "None", "depreciationAndAmortization": "92000000", "incomeBeforeTax": "1311000000", "incomeTaxExpense": "378000000", "interestAndDebtExpense": "None", "netIncomeFromContinuingOperations": "933000000", "comprehensiveIncomeNetOfTax": "None", "ebit": "1341000000", "ebitda": "1433000000", "netIncome": "933000000"}, {"fiscalDateEnding": "2016-09-30", "reportedCurrency": "USD", "grossProfit": "2305000000", "totalRevenue": "2880000000", "costOfRevenue": "575000000", "costofGoodsAndServicesSold": "575000000", "operatingIncome": "1670000000", "sellingGeneralAndAdministrative": "346000000", "researchAndDevelopment": "0", "operatingExpenses": "635000000", "investmentIncomeNet": "None", "netInterestIncome": "None", "interestIncome": "None", "interestExpense": "23000000", "nonInterestIncome": "None", "otherNonOperatingIncome": "-14000000", "depreciation": "None", "depreciationAndAmortization": "93000000", "incomeBeforeTax": "1633000000", "incomeTaxExpense": "449000000", "interestAndDebtExpense": "None", "netIncomeFromContinuingOperations": "1184000000", "comprehensiveIncomeNetOfTax": "None", "ebit": "1656000000", "ebitda": "1749000000", "netIncome": "1184000000"}, {"fiscalDateEnding": "2016-06-30", "reportedCurrency": "USD", "grossProfit": "2143000000", "totalRevenue": "2694000000", "costOfRevenue": "551000000", "costofGoodsAndServicesSold": "551000000", "operatingIncome": "1380000000", "sellingGeneralAndAdministrative": "388000000", "researchAndDevelopment": "0", "operatingExpenses": "763000000", "investmentIncomeNet": "None", "netInterestIncome": "None", "interestIncome": "None", "interestExpense": "22000000", "nonInterestIncome": "None", "otherNonOperatingIncome": "7000000", "depreciation": "None", "depreciationAndAmortization": "93000000", "incomeBeforeTax": "1365000000", "incomeTaxExpense": "382000000", "interestAndDebtExpense": "None", "netIncomeFromContinuingOperations": "983000000", "comprehensiveIncomeNetOfTax": "None", "ebit": "1387000000", "ebitda": "1480000000", "netIncome": "983000000"}, {"fiscalDateEnding": "2016-03-31", "reportedCurrency": "USD", "grossProfit": "1926000000", "totalRevenue": "2446000000", "costOfRevenue": "520000000", "costofGoodsAndServicesSold": "520000000", "operatingIncome": "1348000000", "sellingGeneralAndAdministrative": "308000000", "researchAndDevelopment": "0", "operatingExpenses": "578000000", "investmentIncomeNet": "None", "netInterestIncome": "None", "interestIncome": "None", "interestExpense": "20000000", "nonInterestIncome": "None", "otherNonOperatingIncome": "9000000", "depreciation": "None", "depreciationAndAmortization": "95000000", "incomeBeforeTax": "1337000000", "incomeTaxExpense": "378000000", "interestAndDebtExpense": "None", "netIncomeFromContinuingOperations": "959000000", "comprehensiveIncomeNetOfTax": "None", "ebit": "1357000000", "ebitda": "1452000000", "netIncome": "959000000"}, {"fiscalDateEnding": "2015-12-31", "reportedCurrency": "USD", "grossProfit": "1952000000", "totalRevenue": "2517000000", "costOfRevenue": "565000000", "costofGoodsAndServicesSold": "565000000", "operatingIncome": "1107000000", "sellingGeneralAndAdministrative": "435000000", "researchAndDevelopment": "0", "operatingExpenses": "845000000", "investmentIncomeNet": "None", "netInterestIncome": "None", "interestIncome": "None", "interestExpense": "12000000", "nonInterestIncome": "None", "otherNonOperatingIncome": "-70000000", "depreciation": "None", "depreciationAndAmortization": "93000000", "incomeBeforeTax": "1025000000", "incomeTaxExpense": "135000000", "interestAndDebtExpense": "None", "netIncomeFromContinuingOperations": "890000000", "comprehensiveIncomeNetOfTax": "None", "ebit": "1037000000", "ebitda": "1130000000", "netIncome": "890000000"}, {"fiscalDateEnding": "2015-09-30", "reportedCurrency": "USD", "grossProfit": "1946000000", "totalRevenue": "2530000000", "costOfRevenue": "584000000", "costofGoodsAndServicesSold": "584000000", "operatingIncome": "1369000000", "sellingGeneralAndAdministrative": "311000000", "researchAndDevelopment": "0", "operatingExpenses": "577000000", "investmentIncomeNet": "None", "netInterestIncome": "None", "interestIncome": "None", "interestExpense": "15000000", "nonInterestIncome": "None", "otherNonOperatingIncome": "-2000000", "depreciation": "None", "depreciationAndAmortization": "94000000", "incomeBeforeTax": "1352000000", "incomeTaxExpense": "375000000", "interestAndDebtExpense": "None", "netIncomeFromContinuingOperations": "977000000", "comprehensiveIncomeNetOfTax": "None", "ebit": "1367000000", "ebitda": "1461000000", "netIncome": "977000000"}, {"fiscalDateEnding": "2015-06-30", "reportedCurrency": "USD", "grossProfit": "1902000000", "totalRevenue": "2390000000", "costOfRevenue": "488000000", "costofGoodsAndServicesSold": "488000000", "operatingIncome": "1251000000", "sellingGeneralAndAdministrative": "302000000", "researchAndDevelopment": "0", "operatingExpenses": "651000000", "investmentIncomeNet": "None", "netInterestIncome": "None", "interestIncome": "None", "interestExpense": "17000000", "nonInterestIncome": "None", "otherNonOperatingIncome": "7000000", "depreciation": "None", "depreciationAndAmortization": "92000000", "incomeBeforeTax": "1241000000", "incomeTaxExpense": "320000000", "interestAndDebtExpense": "None", "netIncomeFromContinuingOperations": "921000000", "comprehensiveIncomeNetOfTax": "None", "ebit": "1258000000", "ebitda": "1350000000", "netIncome": "921000000"}, {"fiscalDateEnding": "2015-03-31", "reportedCurrency": "USD", "grossProfit": "1762000000", "totalRevenue": "2230000000", "costOfRevenue": "468000000", "costofGoodsAndServicesSold": "468000000", "operatingIncome": "1351000000", "sellingGeneralAndAdministrative": "270000000", "researchAndDevelopment": "0", "operatingExpenses": "411000000", "investmentIncomeNet": "None", "netInterestIncome": "None", "interestIncome": "None", "interestExpense": "17000000", "nonInterestIncome": "None", "otherNonOperatingIncome": "6000000", "depreciation": "None", "depreciationAndAmortization": "87000000", "incomeBeforeTax": "1340000000", "incomeTaxExpense": "320000000", "interestAndDebtExpense": "None", "netIncomeFromContinuingOperations": "1020000000", "comprehensiveIncomeNetOfTax": "None", "ebit": "1357000000", "ebitda": "1444000000", "netIncome": "1020000000"}, {"fiscalDateEnding": "2014-12-31", "reportedCurrency": "USD", "grossProfit": "1798000000", "totalRevenue": "2416000000", "costOfRevenue": "618000000", "costofGoodsAndServicesSold": "618000000", "operatingIncome": "1018000000", "sellingGeneralAndAdministrative": "369000000", "researchAndDevelopment": "0", "operatingExpenses": "780000000", "investmentIncomeNet": "None", "netInterestIncome": "None", "interestIncome": "None", "interestExpense": "16000000", "nonInterestIncome": "None", "otherNonOperatingIncome": "5000000", "depreciation": "None", "depreciationAndAmortization": "84000000", "incomeBeforeTax": "1007000000", "incomeTaxExpense": "206000000", "interestAndDebtExpense": "None", "netIncomeFromContinuingOperations": "801000000", "comprehensiveIncomeNetOfTax": "None", "ebit": "1023000000", "ebitda": "1107000000", "netIncome": "801000000"}, {"fiscalDateEnding": "2014-09-30", "reportedCurrency": "USD", "grossProfit": "1979000000", "totalRevenue": "2490000000", "costOfRevenue": "511000000", "costofGoodsAndServicesSold": "511000000", "operatingIncome": "1420000000", "sellingGeneralAndAdministrative": "291000000", "researchAndDevelopment": "0", "operatingExpenses": "559000000", "investmentIncomeNet": "None", "netInterestIncome": "None", "interestIncome": "None", "interestExpense": "11000000", "nonInterestIncome": "None", "otherNonOperatingIncome": "9000000", "depreciation": "None", "depreciationAndAmortization": "83000000", "incomeBeforeTax": "1418000000", "incomeTaxExpense": "403000000", "interestAndDebtExpense": "None", "netIncomeFromContinuingOperations": "1015000000", "comprehensiveIncomeNetOfTax": "None", "ebit": "1429000000", "ebitda": "1512000000", "netIncome": "1015000000"}, {"fiscalDateEnding": "2014-06-30", "reportedCurrency": "USD", "grossProfit": "1883000000", "totalRevenue": "2368000000", "costOfRevenue": "485000000", "costofGoodsAndServicesSold": "485000000", "operatingIncome": "1383000000", "sellingGeneralAndAdministrative": "229000000", "researchAndDevelopment": "0", "operatingExpenses": "500000000", "investmentIncomeNet": "None", "netInterestIncome": "None", "interestIncome": "None", "interestExpense": "15000000", "nonInterestIncome": "None", "otherNonOperatingIncome": "5000000", "depreciation": "None", "depreciationAndAmortization": "81000000", "incomeBeforeTax": "1373000000", "incomeTaxExpense": "442000000", "interestAndDebtExpense": "None", "netIncomeFromContinuingOperations": "931000000", "comprehensiveIncomeNetOfTax": "None", "ebit": "1388000000", "ebitda": "1469000000", "netIncome": "931000000"}, {"fiscalDateEnding": "2014-03-31", "reportedCurrency": "USD", "grossProfit": "1722000000", "totalRevenue": "2172000000", "costOfRevenue": "450000000", "costofGoodsAndServicesSold": "450000000", "operatingIncome": "1285000000", "sellingGeneralAndAdministrative": "234000000", "researchAndDevelopment": "0", "operatingExpenses": "437000000", "investmentIncomeNet": "None", "netInterestIncome": "None", "interestIncome": "None", "interestExpense": "6000000", "nonInterestIncome": "None", "otherNonOperatingIncome": "2000000", "depreciation": "None", "depreciationAndAmortization": "73000000", "incomeBeforeTax": "1281000000", "incomeTaxExpense": "411000000", "interestAndDebtExpense": "None", "netIncomeFromContinuingOperations": "870000000", "comprehensiveIncomeNetOfTax": "None", "ebit": "1287000000", "ebitda": "1360000000", "netIncome": "870000000"}, {"fiscalDateEnding": "2013-12-31", "reportedCurrency": "USD", "grossProfit": "1674000000", "totalRevenue": "2126000000", "costOfRevenue": "452000000", "costofGoodsAndServicesSold": "452000000", "operatingIncome": "920000000", "sellingGeneralAndAdministrative": "266000000", "researchAndDevelopment": "0", "operatingExpenses": "754000000", "investmentIncomeNet": "None", "netInterestIncome": "None", "interestIncome": "None", "interestExpense": "7000000", "nonInterestIncome": "None", "otherNonOperatingIncome": "9000000", "depreciation": "None", "depreciationAndAmortization": "71000000", "incomeBeforeTax": "911000000", "incomeTaxExpense": "288000000", "interestAndDebtExpense": "None", "netIncomeFromContinuingOperations": "-1569000000", "comprehensiveIncomeNetOfTax": "None", "ebit": "918000000", "ebitda": "989000000", "netIncome": "623000000"}, {"fiscalDateEnding": "2013-09-30", "reportedCurrency": "USD", "grossProfit": "1766000000", "totalRevenue": "2218000000", "costOfRevenue": "452000000", "costofGoodsAndServicesSold": "452000000", "operatingIncome": "1248000000", "sellingGeneralAndAdministrative": "235000000", "researchAndDevelopment": "0", "operatingExpenses": "518000000", "investmentIncomeNet": "None", "netInterestIncome": "None", "interestIncome": "None", "interestExpense": "3000000", "nonInterestIncome": "None", "otherNonOperatingIncome": "3000000", "depreciation": "None", "depreciationAndAmortization": "64000000", "incomeBeforeTax": "1254000000", "incomeTaxExpense": "375000000", "interestAndDebtExpense": "None", "netIncomeFromContinuingOperations": "1629000000", "comprehensiveIncomeNetOfTax": "None", "ebit": "1262000000", "ebitda": "1326000000", "netIncome": "879000000"}, {"fiscalDateEnding": "2013-06-30", "reportedCurrency": "USD", "grossProfit": "2096000000", "totalRevenue": "2096000000", "costOfRevenue": "807000000", "costofGoodsAndServicesSold": "807000000", "operatingIncome": "1228000000", "sellingGeneralAndAdministrative": "621000000", "researchAndDevelopment": "0", "operatingExpenses": "868000000", "investmentIncomeNet": "None", "netInterestIncome": "None", "interestIncome": "None", "interestExpense": "5000000", "nonInterestIncome": "None", "otherNonOperatingIncome": "-1000000", "depreciation": "None", "depreciationAndAmortization": "61000000", "incomeBeforeTax": "1233000000", "incomeTaxExpense": "385000000", "interestAndDebtExpense": "None", "netIncomeFromContinuingOperations": "1618000000", "comprehensiveIncomeNetOfTax": "None", "ebit": "1238000000", "ebitda": "1299000000", "netIncome": "848000000"}, {"fiscalDateEnding": "2013-03-31", "reportedCurrency": "USD", "grossProfit": "1906000000", "totalRevenue": "1906000000", "costOfRevenue": "737000000", "costofGoodsAndServicesSold": "737000000", "operatingIncome": "1107000000", "sellingGeneralAndAdministrative": "608000000", "researchAndDevelopment": "0", "operatingExpenses": "799000000", "investmentIncomeNet": "None", "netInterestIncome": "None", "interestIncome": "None", "interestExpense": "5000000", "nonInterestIncome": "None", "otherNonOperatingIncome": "None", "depreciation": "None", "depreciationAndAmortization": "62000000", "incomeBeforeTax": "1102000000", "incomeTaxExpense": "336000000", "interestAndDebtExpense": "None", "netIncomeFromContinuingOperations": "1438000000", "comprehensiveIncomeNetOfTax": "None", "ebit": "1107000000", "ebitda": "1169000000", "netIncome": "766000000"}, {"fiscalDateEnding": "2012-12-31", "reportedCurrency": "USD", "grossProfit": "330000000", "totalRevenue": "1895000000", "costOfRevenue": "1565000000", "costofGoodsAndServicesSold": "1565000000", "operatingIncome": "899000000", "sellingGeneralAndAdministrative": "953000000", "researchAndDevelopment": "0", "operatingExpenses": "-569000000", "investmentIncomeNet": "None", "netInterestIncome": "None", "interestIncome": "None", "interestExpense": "7000000", "nonInterestIncome": "None", "otherNonOperatingIncome": "2000000", "depreciation": "None", "depreciationAndAmortization": "62000000", "incomeBeforeTax": "894000000", "incomeTaxExpense": "289000000", "interestAndDebtExpense": "None", "netIncomeFromContinuingOperations": "605000000", "comprehensiveIncomeNetOfTax": "None", "ebit": "901000000", "ebitda": "963000000", "netIncome": "605000000"}, {"fiscalDateEnding": "2012-09-30", "reportedCurrency": "USD", "grossProfit": "1516000000", "totalRevenue": "1918000000", "costOfRevenue": "402000000", "costofGoodsAndServicesSold": "402000000", "operatingIncome": "1064000000", "sellingGeneralAndAdministrative": "203000000", "researchAndDevelopment": "0", "operatingExpenses": "452000000", "investmentIncomeNet": "None", "netInterestIncome": "None", "interestIncome": "None", "interestExpense": "4000000", "nonInterestIncome": "None", "otherNonOperatingIncome": "6000000", "depreciation": "None", "depreciationAndAmortization": "58000000", "incomeBeforeTax": "1066000000", "incomeTaxExpense": "294000000", "interestAndDebtExpense": "None", "netIncomeFromContinuingOperations": "772000000", "comprehensiveIncomeNetOfTax": "None", "ebit": "1070000000", "ebitda": "1128000000", "netIncome": "772000000"}, {"fiscalDateEnding": "2012-06-30", "reportedCurrency": "USD", "grossProfit": "1820000000", "totalRevenue": "1820000000", "costOfRevenue": "770000000", "costofGoodsAndServicesSold": "770000000", "operatingIncome": "974000000", "sellingGeneralAndAdministrative": "591000000", "researchAndDevelopment": "0", "operatingExpenses": "846000000", "investmentIncomeNet": "None", "netInterestIncome": "None", "interestIncome": "None", "interestExpense": "3000000", "nonInterestIncome": "None", "otherNonOperatingIncome": "2000000", "depreciation": "None", "depreciationAndAmortization": "56000000", "incomeBeforeTax": "973000000", "incomeTaxExpense": "273000000", "interestAndDebtExpense": "None", "netIncomeFromContinuingOperations": "700000000", "comprehensiveIncomeNetOfTax": "None", "ebit": "976000000", "ebitda": "1032000000", "netIncome": "700000000"}, {"fiscalDateEnding": "2012-03-31", "reportedCurrency": "USD", "grossProfit": "1758000000", "totalRevenue": "1758000000", "costOfRevenue": "704000000", "costofGoodsAndServicesSold": "704000000", "operatingIncome": "1000000000", "sellingGeneralAndAdministrative": "579000000", "researchAndDevelopment": "0", "operatingExpenses": "758000000", "investmentIncomeNet": "None", "netInterestIncome": "None", "interestIncome": "None", "interestExpense": "6000000", "nonInterestIncome": "None", "otherNonOperatingIncome": "5000000", "depreciation": "None", "depreciationAndAmortization": "54000000", "incomeBeforeTax": "1000000000", "incomeTaxExpense": "318000000", "interestAndDebtExpense": "None", "netIncomeFromContinuingOperations": "681000000", "comprehensiveIncomeNetOfTax": "None", "ebit": "1006000000", "ebitda": "1060000000", "netIncome": "682000000"}, {"fiscalDateEnding": "2011-12-31", "reportedCurrency": "USD", "grossProfit": "1728000000", "totalRevenue": "1728000000", "costOfRevenue": "916000000", "costofGoodsAndServicesSold": "916000000", "operatingIncome": "-10000000", "sellingGeneralAndAdministrative": "597000000", "researchAndDevelopment": "0", "operatingExpenses": "1738000000", "investmentIncomeNet": "None", "netInterestIncome": "None", "interestIncome": "None", "interestExpense": "7000000", "nonInterestIncome": "None", "otherNonOperatingIncome": "5000000", "depreciation": "None", "depreciationAndAmortization": "52000000", "incomeBeforeTax": "-12000000", "incomeTaxExpense": "-30000000", "interestAndDebtExpense": "None", "netIncomeFromContinuingOperations": "18000000", "comprehensiveIncomeNetOfTax": "None", "ebit": "-5000000", "ebitda": "47000000", "netIncome": "19000000"}, {"fiscalDateEnding": "2011-09-30", "reportedCurrency": "USD", "grossProfit": "1818000000", "totalRevenue": "1818000000", "costOfRevenue": "764000000", "costofGoodsAndServicesSold": "764000000", "operatingIncome": "1002000000", "sellingGeneralAndAdministrative": "565000000", "researchAndDevelopment": "0", "operatingExpenses": "816000000", "investmentIncomeNet": "None", "netInterestIncome": "None", "interestIncome": "None", "interestExpense": "6000000", "nonInterestIncome": "None", "otherNonOperatingIncome": "34000000", "depreciation": "None", "depreciationAndAmortization": "51000000", "incomeBeforeTax": "1030000000", "incomeTaxExpense": "314000000", "interestAndDebtExpense": "None", "netIncomeFromContinuingOperations": "716000000", "comprehensiveIncomeNetOfTax": "None", "ebit": "1036000000", "ebitda": "1087000000", "netIncome": "717000000"}, {"fiscalDateEnding": "2011-06-30", "reportedCurrency": "USD", "grossProfit": "1667000000", "totalRevenue": "1667000000", "costOfRevenue": "732000000", "costofGoodsAndServicesSold": "732000000", "operatingIncome": "885000000", "sellingGeneralAndAdministrative": "540000000", "researchAndDevelopment": "0", "operatingExpenses": "782000000", "investmentIncomeNet": "None", "netInterestIncome": "None", "interestIncome": "None", "interestExpense": "2000000", "nonInterestIncome": "None", "otherNonOperatingIncome": "9000000", "depreciation": "None", "depreciationAndAmortization": "49000000", "incomeBeforeTax": "892000000", "incomeTaxExpense": "284000000", "interestAndDebtExpense": "None", "netIncomeFromContinuingOperations": "608000000", "comprehensiveIncomeNetOfTax": "None", "ebit": "894000000", "ebitda": "943000000", "netIncome": "608000000"}, {"fiscalDateEnding": "2011-03-31", "reportedCurrency": "USD", "grossProfit": "1501000000", "totalRevenue": "1501000000", "costOfRevenue": "623000000", "costofGoodsAndServicesSold": "623000000", "operatingIncome": "836000000", "sellingGeneralAndAdministrative": "494000000", "researchAndDevelopment": "0", "operatingExpenses": "665000000", "investmentIncomeNet": "None", "netInterestIncome": "None", "interestIncome": "None", "interestExpense": "10000000", "nonInterestIncome": "None", "otherNonOperatingIncome": "10000000", "depreciation": "None", "depreciationAndAmortization": "42000000", "incomeBeforeTax": "836000000", "incomeTaxExpense": "274000000", "interestAndDebtExpense": "None", "netIncomeFromContinuingOperations": "562000000", "comprehensiveIncomeNetOfTax": "None", "ebit": "846000000", "ebitda": "888000000", "netIncome": "562000000"}, {"fiscalDateEnding": "2010-12-31", "reportedCurrency": "USD", "grossProfit": "1438000000", "totalRevenue": "1438000000", "costOfRevenue": "816000000", "costofGoodsAndServicesSold": "816000000", "operatingIncome": "569000000", "sellingGeneralAndAdministrative": "518000000", "researchAndDevelopment": "0", "operatingExpenses": "865000000", "investmentIncomeNet": "None", "netInterestIncome": "None", "interestIncome": "None", "interestExpense": "9000000", "nonInterestIncome": "None", "otherNonOperatingIncome": "22000000", "depreciation": "None", "depreciationAndAmortization": "42000000", "incomeBeforeTax": "582000000", "incomeTaxExpense": "167000000", "interestAndDebtExpense": "None", "netIncomeFromContinuingOperations": "415000000", "comprehensiveIncomeNetOfTax": "None", "ebit": "621000000", "ebitda": "663000000", "netIncome": "415000000"}, {"fiscalDateEnding": "2010-09-30", "reportedCurrency": "USD", "grossProfit": "1428000000", "totalRevenue": "1428000000", "costOfRevenue": "625000000", "costofGoodsAndServicesSold": "625000000", "operatingIncome": "766000000", "sellingGeneralAndAdministrative": "444000000", "researchAndDevelopment": "0", "operatingExpenses": "662000000", "investmentIncomeNet": "None", "netInterestIncome": "None", "interestIncome": "None", "interestExpense": "11000000", "nonInterestIncome": "None", "otherNonOperatingIncome": "12000000", "depreciation": "None", "depreciationAndAmortization": "36000000", "incomeBeforeTax": "767000000", "incomeTaxExpense": "248000000", "interestAndDebtExpense": "None", "netIncomeFromContinuingOperations": "519000000", "comprehensiveIncomeNetOfTax": "None", "ebit": "778000000", "ebitda": "814000000", "netIncome": "518000000"}, {"fiscalDateEnding": "2010-06-30", "reportedCurrency": "USD", "grossProfit": "1365000000", "totalRevenue": "1365000000", "costOfRevenue": "613000000", "costofGoodsAndServicesSold": "613000000", "operatingIncome": "717000000", "sellingGeneralAndAdministrative": "433000000", "researchAndDevelopment": "0", "operatingExpenses": "648000000", "investmentIncomeNet": "None", "netInterestIncome": "None", "interestIncome": "None", "interestExpense": "17000000", "nonInterestIncome": "None", "otherNonOperatingIncome": "13000000", "depreciation": "None", "depreciationAndAmortization": "35000000", "incomeBeforeTax": "713000000", "incomeTaxExpense": "255000000", "interestAndDebtExpense": "None", "netIncomeFromContinuingOperations": "458000000", "comprehensiveIncomeNetOfTax": "None", "ebit": "730000000", "ebitda": "765000000", "netIncome": "458000000"}, {"fiscalDateEnding": "2010-03-31", "reportedCurrency": "USD", "grossProfit": "1308000000", "totalRevenue": "1308000000", "costOfRevenue": "573000000", "costofGoodsAndServicesSold": "573000000", "operatingIncome": "700000000", "sellingGeneralAndAdministrative": "458000000", "researchAndDevelopment": "0", "operatingExpenses": "608000000", "investmentIncomeNet": "None", "netInterestIncome": "None", "interestIncome": "None", "interestExpense": "15000000", "nonInterestIncome": "None", "otherNonOperatingIncome": "10000000", "depreciation": "None", "depreciationAndAmortization": "35000000", "incomeBeforeTax": "695000000", "incomeTaxExpense": "240000000", "interestAndDebtExpense": "None", "netIncomeFromContinuingOperations": "455000000", "comprehensiveIncomeNetOfTax": "None", "ebit": "710000000", "ebitda": "745000000", "netIncome": "455000000"}, {"fiscalDateEnding": "2009-12-31", "reportedCurrency": "USD", "grossProfit": "1298418000", "totalRevenue": "1298418000", "costOfRevenue": "778618000", "costofGoodsAndServicesSold": "778618000", "operatingIncome": "468126000", "sellingGeneralAndAdministrative": "506660000", "researchAndDevelopment": "0", "operatingExpenses": "830292000", "investmentIncomeNet": "None", "netInterestIncome": "None", "interestIncome": "None", "interestExpense": "23442000", "nonInterestIncome": "None", "otherNonOperatingIncome": "None", "depreciation": "None", "depreciationAndAmortization": "38427000", "incomeBeforeTax": "458333000", "incomeTaxExpense": "163938000", "interestAndDebtExpense": "None", "netIncomeFromContinuingOperations": "0", "comprehensiveIncomeNetOfTax": "None", "ebit": "481775000", "ebitda": "520202000", "netIncome": "294001000"}, {"fiscalDateEnding": "2009-09-30", "reportedCurrency": "USD", "grossProfit": "1364275000", "totalRevenue": "1364000000", "costOfRevenue": "648285000", "costofGoodsAndServicesSold": "648285000", "operatingIncome": "673000000", "sellingGeneralAndAdministrative": "475000000", "researchAndDevelopment": "0", "operatingExpenses": "691000000", "investmentIncomeNet": "None", "netInterestIncome": "None", "interestIncome": "None", "interestExpense": "24000000", "nonInterestIncome": "None", "otherNonOperatingIncome": "23989000", "depreciation": "None", "depreciationAndAmortization": "36000000", "incomeBeforeTax": "673000000", "incomeTaxExpense": "221000000", "interestAndDebtExpense": "None", "netIncomeFromContinuingOperations": "452140000", "comprehensiveIncomeNetOfTax": "None", "ebit": "697000000", "ebitda": "733000000", "netIncome": "452000000"}, {"fiscalDateEnding": "2009-06-30", "reportedCurrency": "USD", "grossProfit": "1279889000", "totalRevenue": "1280000000", "costOfRevenue": "686482000", "costofGoodsAndServicesSold": "686482000", "operatingIncome": "557000000", "sellingGeneralAndAdministrative": "507000000", "researchAndDevelopment": "0", "operatingExpenses": "723000000", "investmentIncomeNet": "None", "netInterestIncome": "None", "interestIncome": "None", "interestExpense": "32000000", "nonInterestIncome": "None", "otherNonOperatingIncome": "11031000", "depreciation": "None", "depreciationAndAmortization": "36000000", "incomeBeforeTax": "536000000", "incomeTaxExpense": "187000000", "interestAndDebtExpense": "None", "netIncomeFromContinuingOperations": "348879000", "comprehensiveIncomeNetOfTax": "None", "ebit": "568000000", "ebitda": "604000000", "netIncome": "349000000"}, {"fiscalDateEnding": "2009-03-31", "reportedCurrency": "USD", "grossProfit": "1156000000", "totalRevenue": "1156000000", "costOfRevenue": "563822000", "costofGoodsAndServicesSold": "563822000", "operatingIncome": "561000000", "sellingGeneralAndAdministrative": "448000000", "researchAndDevelopment": "0", "operatingExpenses": "595000000", "investmentIncomeNet": "None", "netInterestIncome": "None", "interestIncome": "None", "interestExpense": "36000000", "nonInterestIncome": "None", "otherNonOperatingIncome": "None", "depreciation": "None", "depreciationAndAmortization": "31000000", "incomeBeforeTax": "550000000", "incomeTaxExpense": "183000000", "interestAndDebtExpense": "None", "netIncomeFromContinuingOperations": "0", "comprehensiveIncomeNetOfTax": "None", "ebit": "586000000", "ebitda": "617000000", "netIncome": "367000000"}, {"fiscalDateEnding": "2008-12-31", "reportedCurrency": "USD", "grossProfit": "1224834000", "totalRevenue": "1224834000", "costOfRevenue": "726428000", "costofGoodsAndServicesSold": "726428000", "operatingIncome": "462356000", "sellingGeneralAndAdministrative": "478590000", "researchAndDevelopment": "0", "operatingExpenses": "762478000", "investmentIncomeNet": "None", "netInterestIncome": "None", "interestIncome": "None", "interestExpense": "103600000", "nonInterestIncome": "None", "otherNonOperatingIncome": "None", "depreciation": "None", "depreciationAndAmortization": "30050000", "incomeBeforeTax": "445060000", "incomeTaxExpense": "205618000", "interestAndDebtExpense": "None", "netIncomeFromContinuingOperations": "0", "comprehensiveIncomeNetOfTax": "None", "ebit": "717248000", "ebitda": "747298000", "netIncome": "239442000"}, {"fiscalDateEnding": "2008-09-30", "reportedCurrency": "USD", "grossProfit": "1338178000", "totalRevenue": "1338178000", "costOfRevenue": "761200000", "costofGoodsAndServicesSold": "761200000", "operatingIncome": "-279264000", "sellingGeneralAndAdministrative": "493740000", "researchAndDevelopment": "0", "operatingExpenses": "1617442000", "investmentIncomeNet": "None", "netInterestIncome": "None", "interestIncome": "None", "interestExpense": "36319000000", "nonInterestIncome": "None", "otherNonOperatingIncome": "None", "depreciation": "None", "depreciationAndAmortization": "28742000", "incomeBeforeTax": "-293672000", "incomeTaxExpense": "-100090000", "interestAndDebtExpense": "None", "netIncomeFromContinuingOperations": "0", "comprehensiveIncomeNetOfTax": "None", "ebit": "-279264000", "ebitda": "-250522000", "netIncome": "-193582000"}, {"fiscalDateEnding": "2008-06-30", "reportedCurrency": "USD", "grossProfit": "1246504000", "totalRevenue": "1246504000", "costOfRevenue": "802413000", "costofGoodsAndServicesSold": "802413000", "operatingIncome": "-1233204000", "sellingGeneralAndAdministrative": "499349000", "researchAndDevelopment": "0", "operatingExpenses": "2479708000", "investmentIncomeNet": "None", "netInterestIncome": "None", "interestIncome": "None", "interestExpense": "15438000000", "nonInterestIncome": "None", "otherNonOperatingIncome": "None", "depreciation": "None", "depreciationAndAmortization": "27950000", "incomeBeforeTax": "-1223182000", "incomeTaxExpense": "-476529000", "interestAndDebtExpense": "None", "netIncomeFromContinuingOperations": "0", "comprehensiveIncomeNetOfTax": "None", "ebit": "-1233204000", "ebitda": "-1205254000", "netIncome": "-746653000"}, {"fiscalDateEnding": "2008-03-31", "reportedCurrency": "USD", "grossProfit": "1182084000", "totalRevenue": "1182084000", "costOfRevenue": "641213000", "costofGoodsAndServicesSold": "641213000", "operatingIncome": "515607000", "sellingGeneralAndAdministrative": "461625000", "researchAndDevelopment": "0", "operatingExpenses": "666477000", "investmentIncomeNet": "None", "netInterestIncome": "None", "interestIncome": "None", "interestExpense": "15318000", "nonInterestIncome": "None", "otherNonOperatingIncome": "None", "depreciation": "None", "depreciationAndAmortization": "25264000", "incomeBeforeTax": "688581000", "incomeTaxExpense": "241703000", "interestAndDebtExpense": "None", "netIncomeFromContinuingOperations": "0", "comprehensiveIncomeNetOfTax": "None", "ebit": "703899000", "ebitda": "729163000", "netIncome": "446878000"}, {"fiscalDateEnding": "2007-12-31", "reportedCurrency": "USD", "grossProfit": "1072687000", "totalRevenue": "1072687000", "costOfRevenue": "874479000", "costofGoodsAndServicesSold": "874479000", "operatingIncome": "172056000", "sellingGeneralAndAdministrative": "495550000", "researchAndDevelopment": "0", "operatingExpenses": "900631000", "investmentIncomeNet": "None", "netInterestIncome": "None", "interestIncome": "None", "interestExpense": "57277000", "nonInterestIncome": "None", "otherNonOperatingIncome": "None", "depreciation": "None", "depreciationAndAmortization": "26152000", "incomeBeforeTax": "467036000", "incomeTaxExpense": "162803000", "interestAndDebtExpense": "None", "netIncomeFromContinuingOperations": "0", "comprehensiveIncomeNetOfTax": "None", "ebit": "172056000", "ebitda": "198208000", "netIncome": "304233000"}, {"fiscalDateEnding": "2007-09-30", "reportedCurrency": "USD", "grossProfit": "1082850000", "totalRevenue": "1082850000", "costOfRevenue": "707273000", "costofGoodsAndServicesSold": "707273000", "operatingIncome": "353303000", "sellingGeneralAndAdministrative": "432848000", "researchAndDevelopment": "0", "operatingExpenses": "729547000", "investmentIncomeNet": "None", "netInterestIncome": "None", "interestIncome": "None", "interestExpense": "16439000000", "nonInterestIncome": "None", "otherNonOperatingIncome": "None", "depreciation": "None", "depreciationAndAmortization": "22274000", "incomeBeforeTax": "482307000", "incomeTaxExpense": "167846000", "interestAndDebtExpense": "None", "netIncomeFromContinuingOperations": "0", "comprehensiveIncomeNetOfTax": "None", "ebit": "353303000", "ebitda": "375577000", "netIncome": "314461000"}, {"fiscalDateEnding": "2007-06-30", "reportedCurrency": "USD", "grossProfit": "996959000", "totalRevenue": "996959000", "costOfRevenue": "699716000", "costofGoodsAndServicesSold": "699716000", "operatingIncome": "268816000", "sellingGeneralAndAdministrative": "431463000", "researchAndDevelopment": "0", "operatingExpenses": "728143000", "investmentIncomeNet": "None", "netInterestIncome": "None", "interestIncome": "None", "interestExpense": "11170000000", "nonInterestIncome": "None", "otherNonOperatingIncome": "None", "depreciation": "None", "depreciationAndAmortization": "25028000", "incomeBeforeTax": "386299000", "incomeTaxExpense": "134013000", "interestAndDebtExpense": "None", "netIncomeFromContinuingOperations": "0", "comprehensiveIncomeNetOfTax": "None", "ebit": "268816000", "ebitda": "293844000", "netIncome": "252286000"}, {"fiscalDateEnding": "2007-03-31", "reportedCurrency": "USD", "grossProfit": "915103000", "totalRevenue": "915103000", "costOfRevenue": "576977000", "costofGoodsAndServicesSold": "576977000", "operatingIncome": "313938000", "sellingGeneralAndAdministrative": "398526000", "researchAndDevelopment": "0", "operatingExpenses": "601165000", "investmentIncomeNet": "None", "netInterestIncome": "None", "interestIncome": "None", "interestExpense": "14356000000", "nonInterestIncome": "None", "otherNonOperatingIncome": "None", "depreciation": "None", "depreciationAndAmortization": "24188000", "incomeBeforeTax": "335790000", "incomeTaxExpense": "120884000", "interestAndDebtExpense": "None", "netIncomeFromContinuingOperations": "0", "comprehensiveIncomeNetOfTax": "None", "ebit": "313938000", "ebitda": "338126000", "netIncome": "214906000"}, {"fiscalDateEnding": "2006-12-31", "reportedCurrency": "USD", "grossProfit": "839163000", "totalRevenue": "839163000", "costOfRevenue": "752238000", "costofGoodsAndServicesSold": "752238000", "operatingIncome": "45988000", "sellingGeneralAndAdministrative": "376054000", "researchAndDevelopment": "0", "operatingExpenses": "793175000", "investmentIncomeNet": "None", "netInterestIncome": "None", "interestIncome": "None", "interestExpense": "61151000", "nonInterestIncome": "None", "otherNonOperatingIncome": "None", "depreciation": "None", "depreciationAndAmortization": "24730000", "incomeBeforeTax": "69738000", "incomeTaxExpense": "28836000", "interestAndDebtExpense": "None", "netIncomeFromContinuingOperations": "0", "comprehensiveIncomeNetOfTax": "None", "ebit": "45988000", "ebitda": "70718000", "netIncome": "40902000"}, {"fiscalDateEnding": "2006-09-30", "reportedCurrency": "USD", "grossProfit": "901969000", "totalRevenue": "901969000", "costOfRevenue": "602070000", "costofGoodsAndServicesSold": "602070000", "operatingIncome": "274760000", "sellingGeneralAndAdministrative": "392883000", "researchAndDevelopment": "0", "operatingExpenses": "627209000", "investmentIncomeNet": "None", "netInterestIncome": "None", "interestIncome": "None", "interestExpense": "16757000", "nonInterestIncome": "None", "otherNonOperatingIncome": "None", "depreciation": "None", "depreciationAndAmortization": "25139000", "incomeBeforeTax": "292109000", "incomeTaxExpense": "99105000", "interestAndDebtExpense": "None", "netIncomeFromContinuingOperations": "0", "comprehensiveIncomeNetOfTax": "None", "ebit": "274760000", "ebitda": "299899000", "netIncome": "193004000"}, {"fiscalDateEnding": "2006-06-30", "reportedCurrency": "USD", "grossProfit": "846489000", "totalRevenue": "846489000", "costOfRevenue": "672227000", "costofGoodsAndServicesSold": "672227000", "operatingIncome": "-273966000", "sellingGeneralAndAdministrative": "388411000", "researchAndDevelopment": "0", "operatingExpenses": "1120455000", "investmentIncomeNet": "None", "netInterestIncome": "None", "interestIncome": "None", "interestExpense": "16068000", "nonInterestIncome": "None", "otherNonOperatingIncome": "None", "depreciation": "None", "depreciationAndAmortization": "24693000", "incomeBeforeTax": "-260592000", "incomeTaxExpense": "49868000", "interestAndDebtExpense": "None", "netIncomeFromContinuingOperations": "0", "comprehensiveIncomeNetOfTax": "None", "ebit": "-273966000", "ebitda": "-249273000", "netIncome": "-310460000"}, {"fiscalDateEnding": "2006-03-31", "reportedCurrency": "USD", "grossProfit": "738453000", "totalRevenue": "738453000", "costOfRevenue": "530520000", "costofGoodsAndServicesSold": "530520000", "operatingIncome": "182713000", "sellingGeneralAndAdministrative": "347837000", "researchAndDevelopment": "0", "operatingExpenses": "555740000", "investmentIncomeNet": "None", "netInterestIncome": "None", "interestIncome": "None", "interestExpense": "10640000", "nonInterestIncome": "None", "otherNonOperatingIncome": "None", "depreciation": "None", "depreciationAndAmortization": "25220000", "incomeBeforeTax": "192917000", "incomeTaxExpense": "66173000", "interestAndDebtExpense": "None", "netIncomeFromContinuingOperations": "0", "comprehensiveIncomeNetOfTax": "None", "ebit": "182713000", "ebitda": "207933000", "netIncome": "126744000"}, {"fiscalDateEnding": "2005-12-31", "reportedCurrency": "USD", "grossProfit": "734407000", "totalRevenue": "734407000", "costOfRevenue": "741973000", "costofGoodsAndServicesSold": "741973000", "operatingIncome": "-1810037000", "sellingGeneralAndAdministrative": "1351082000", "researchAndDevelopment": "0", "operatingExpenses": "734407000", "investmentIncomeNet": "None", "netInterestIncome": "None", "interestIncome": "None", "interestExpense": "70158000", "nonInterestIncome": "None", "otherNonOperatingIncome": "None", "depreciation": "None", "depreciationAndAmortization": "-83400000", "incomeBeforeTax": "407338000", "incomeTaxExpense": "346471000", "interestAndDebtExpense": "None", "netIncomeFromContinuingOperations": "0", "comprehensiveIncomeNetOfTax": "None", "ebit": "-1726637000", "ebitda": "-1810037000", "netIncome": "66680000"}, {"fiscalDateEnding": "2005-09-30", "reportedCurrency": "USD", "grossProfit": "791605000", "totalRevenue": "734407000", "costOfRevenue": "569254000", "costofGoodsAndServicesSold": "569254000", "operatingIncome": "734407000", "sellingGeneralAndAdministrative": "350064000", "researchAndDevelopment": "0", "operatingExpenses": "734407000", "investmentIncomeNet": "None", "netInterestIncome": "None", "interestIncome": "None", "interestExpense": "17573000", "nonInterestIncome": "None", "otherNonOperatingIncome": "None", "depreciation": "None", "depreciationAndAmortization": "26270000", "incomeBeforeTax": "163957000", "incomeTaxExpense": "57872000", "interestAndDebtExpense": "None", "netIncomeFromContinuingOperations": "0", "comprehensiveIncomeNetOfTax": "None", "ebit": "147893000", "ebitda": "734407000", "netIncome": "66680000"}, {"fiscalDateEnding": "2005-06-30", "reportedCurrency": "USD", "grossProfit": "734407000", "totalRevenue": "734407000", "costOfRevenue": "550765000", "costofGoodsAndServicesSold": "550765000", "operatingIncome": "734407000", "sellingGeneralAndAdministrative": "319187000", "researchAndDevelopment": "0", "operatingExpenses": "734407000", "investmentIncomeNet": "None", "netInterestIncome": "None", "interestIncome": "None", "interestExpense": "17477000", "nonInterestIncome": "None", "otherNonOperatingIncome": "None", "depreciation": "None", "depreciationAndAmortization": "541971000", "incomeBeforeTax": "187394000", "incomeTaxExpense": "67146000", "interestAndDebtExpense": "None", "netIncomeFromContinuingOperations": "0", "comprehensiveIncomeNetOfTax": "None", "ebit": "192436000", "ebitda": "734407000", "netIncome": "66680000"}, {"fiscalDateEnding": "2005-03-31", "reportedCurrency": "USD", "grossProfit": "734407000", "totalRevenue": "734407000", "costOfRevenue": "478295000", "costofGoodsAndServicesSold": "478295000", "operatingIncome": "734407000", "sellingGeneralAndAdministrative": "306616000", "researchAndDevelopment": "0", "operatingExpenses": "734407000", "investmentIncomeNet": "None", "netInterestIncome": "None", "interestIncome": "None", "interestExpense": "16856000", "nonInterestIncome": "None", "otherNonOperatingIncome": "None", "depreciation": "None", "depreciationAndAmortization": "582894000", "incomeBeforeTax": "144195000", "incomeTaxExpense": "50901000", "interestAndDebtExpense": "None", "netIncomeFromContinuingOperations": "0", "comprehensiveIncomeNetOfTax": "None", "ebit": "151513000", "ebitda": "734407000", "netIncome": "66680000"}, {"fiscalDateEnding": "2004-12-31", "reportedCurrency": "USD", "grossProfit": "648332000", "totalRevenue": "648332000", "costOfRevenue": "683832000", "costofGoodsAndServicesSold": "683832000", "operatingIncome": "-1598326000", "sellingGeneralAndAdministrative": "1185837000", "researchAndDevelopment": "0", "operatingExpenses": "648332000", "investmentIncomeNet": "None", "netInterestIncome": "None", "interestIncome": "None", "interestExpense": "69722000", "nonInterestIncome": "None", "otherNonOperatingIncome": "None", "depreciation": "None", "depreciationAndAmortization": "-92100000", "incomeBeforeTax": "323700000", "incomeTaxExpense": "274999000", "interestAndDebtExpense": "None", "netIncomeFromContinuingOperations": "0", "comprehensiveIncomeNetOfTax": "None", "ebit": "-1506226000", "ebitda": "-1598326000", "netIncome": "59515000"}]}