{"symbol": "MPWR", "annualReports": [{"fiscalDateEnding": "2024-12-31", "reportedCurrency": "USD", "grossProfit": "1220870000", "totalRevenue": "2207100000", "costOfRevenue": "986230000", "costofGoodsAndServicesSold": "986230000", "operatingIncome": "539358000", "sellingGeneralAndAdministrative": "356764000", "researchAndDevelopment": "324748000", "operatingExpenses": "681512000", "investmentIncomeNet": "None", "netInterestIncome": "27093000", "interestIncome": "27093000", "interestExpense": "None", "nonInterestIncome": "None", "otherNonOperatingIncome": "None", "depreciation": "None", "depreciationAndAmortization": "36430000", "incomeBeforeTax": "572912000", "incomeTaxExpense": "-1213788000", "interestAndDebtExpense": "None", "netIncomeFromContinuingOperations": "1786700000", "comprehensiveIncomeNetOfTax": "None", "ebit": "539358000", "ebitda": "575788000", "netIncome": "1786700000"}, {"fiscalDateEnding": "2023-12-31", "reportedCurrency": "USD", "grossProfit": "1021119000", "totalRevenue": "1821072000", "costOfRevenue": "799953000", "costofGoodsAndServicesSold": "799953000", "operatingIncome": "481736000", "sellingGeneralAndAdministrative": "266887000", "researchAndDevelopment": "263642999", "operatingExpenses": "539383000", "investmentIncomeNet": "None", "netInterestIncome": "20835000", "interestIncome": "20835000", "interestExpense": "None", "nonInterestIncome": "None", "otherNonOperatingIncome": "None", "depreciation": "None", "depreciationAndAmortization": "40168000", "incomeBeforeTax": "505841000", "incomeTaxExpense": "78467000", "interestAndDebtExpense": "None", "netIncomeFromContinuingOperations": "449559000", "comprehensiveIncomeNetOfTax": "None", "ebit": "481736000", "ebitda": "521904000", "netIncome": "427374000"}, {"fiscalDateEnding": "2022-12-31", "reportedCurrency": "USD", "grossProfit": "1048552000", "totalRevenue": "1794148000", "costOfRevenue": "745596000", "costofGoodsAndServicesSold": "745596000", "operatingIncome": "526785000", "sellingGeneralAndAdministrative": "273595000", "researchAndDevelopment": "240171000", "operatingExpenses": "513766000", "investmentIncomeNet": "None", "netInterestIncome": "14369000", "interestIncome": "14369000", "interestExpense": "14369000", "nonInterestIncome": "None", "otherNonOperatingIncome": "-1848000", "depreciation": "None", "depreciationAndAmortization": "37114000", "incomeBeforeTax": "524937000", "incomeTaxExpense": "87265000", "interestAndDebtExpense": "None", "netIncomeFromContinuingOperations": "437672000", "comprehensiveIncomeNetOfTax": "None", "ebit": "526785000", "ebitda": "563899000", "netIncome": "437672000"}, {"fiscalDateEnding": "2021-12-31", "reportedCurrency": "USD", "grossProfit": "685459000", "totalRevenue": "1207798000", "costOfRevenue": "522339000", "costofGoodsAndServicesSold": "522339000", "operatingIncome": "262417000", "sellingGeneralAndAdministrative": "226190000", "researchAndDevelopment": "190627000", "operatingExpenses": "416817000", "investmentIncomeNet": "None", "netInterestIncome": "11637000", "interestIncome": "11637000", "interestExpense": "26051000", "nonInterestIncome": "None", "otherNonOperatingIncome": "9802000", "depreciation": "None", "depreciationAndAmortization": "28699000", "incomeBeforeTax": "272219000", "incomeTaxExpense": "30196000", "interestAndDebtExpense": "None", "netIncomeFromContinuingOperations": "242023000", "comprehensiveIncomeNetOfTax": "None", "ebit": "262417000", "ebitda": "291116000", "netIncome": "242023000"}, {"fiscalDateEnding": "2020-12-31", "reportedCurrency": "USD", "grossProfit": "465954000", "totalRevenue": "844452000", "costOfRevenue": "378498000", "costofGoodsAndServicesSold": "378498000", "operatingIncome": "158882000", "sellingGeneralAndAdministrative": "161670000", "researchAndDevelopment": "137598000", "operatingExpenses": "299268000", "investmentIncomeNet": "None", "netInterestIncome": "9327000", "interestIncome": "9327000", "interestExpense": "14038000", "nonInterestIncome": "None", "otherNonOperatingIncome": "10460000", "depreciation": "None", "depreciationAndAmortization": "19186000", "incomeBeforeTax": "169342000", "incomeTaxExpense": "4967000", "interestAndDebtExpense": "None", "netIncomeFromContinuingOperations": "164375000", "comprehensiveIncomeNetOfTax": "None", "ebit": "166686000", "ebitda": "185872000", "netIncome": "164375000"}, {"fiscalDateEnding": "2019-12-31", "reportedCurrency": "USD", "grossProfit": "346325000", "totalRevenue": "627921000", "costOfRevenue": "281596000", "costofGoodsAndServicesSold": "281596000", "operatingIncome": "102562000", "sellingGeneralAndAdministrative": "133542000", "researchAndDevelopment": "107757000", "operatingExpenses": "241299000", "investmentIncomeNet": "None", "netInterestIncome": "7305000", "interestIncome": "7305000", "interestExpense": "20497000", "nonInterestIncome": "None", "otherNonOperatingIncome": "10558000", "depreciation": "None", "depreciationAndAmortization": "14867000", "incomeBeforeTax": "113120000", "incomeTaxExpense": "4281000", "interestAndDebtExpense": "None", "netIncomeFromContinuingOperations": "108839000", "comprehensiveIncomeNetOfTax": "None", "ebit": "105026000", "ebitda": "119893000", "netIncome": "108839000"}, {"fiscalDateEnding": "2018-12-31", "reportedCurrency": "USD", "grossProfit": "322668000", "totalRevenue": "582382000", "costOfRevenue": "259714000", "costofGoodsAndServicesSold": "259714000", "operatingIncome": "113488000", "sellingGeneralAndAdministrative": "113803000", "researchAndDevelopment": "93455000", "operatingExpenses": "207258000", "investmentIncomeNet": "None", "netInterestIncome": "6321000", "interestIncome": "6321000", "interestExpense": "0", "nonInterestIncome": "None", "otherNonOperatingIncome": "4994000", "depreciation": "None", "depreciationAndAmortization": "12311000", "incomeBeforeTax": "118482000", "incomeTaxExpense": "13214000", "interestAndDebtExpense": "None", "netIncomeFromContinuingOperations": "105268000", "comprehensiveIncomeNetOfTax": "None", "ebit": "115410000", "ebitda": "127721000", "netIncome": "105268000"}, {"fiscalDateEnding": "2017-12-31", "reportedCurrency": "USD", "grossProfit": "258283000", "totalRevenue": "470929000", "costOfRevenue": "212646000", "costofGoodsAndServicesSold": "212646000", "operatingIncome": "77424000", "sellingGeneralAndAdministrative": "97257000", "researchAndDevelopment": "82359000", "operatingExpenses": "179616000", "investmentIncomeNet": "None", "netInterestIncome": "5353000", "interestIncome": "5353000", "interestExpense": "0", "nonInterestIncome": "None", "otherNonOperatingIncome": "5520000", "depreciation": "None", "depreciationAndAmortization": "16101000", "incomeBeforeTax": "82944000", "incomeTaxExpense": "17741000", "interestAndDebtExpense": "None", "netIncomeFromContinuingOperations": "65203000", "comprehensiveIncomeNetOfTax": "None", "ebit": "78667000", "ebitda": "94768000", "netIncome": "65203000"}, {"fiscalDateEnding": "2016-12-31", "reportedCurrency": "USD", "grossProfit": "210873000", "totalRevenue": "388665000", "costOfRevenue": "177792000", "costofGoodsAndServicesSold": "177792000", "operatingIncome": "54447000", "sellingGeneralAndAdministrative": "83012000", "researchAndDevelopment": "73643000", "operatingExpenses": "156655000", "investmentIncomeNet": "None", "netInterestIncome": "2488000", "interestIncome": "2488000", "interestExpense": "0", "nonInterestIncome": "None", "otherNonOperatingIncome": "2817000", "depreciation": "None", "depreciationAndAmortization": "14674000", "incomeBeforeTax": "57264000", "incomeTaxExpense": "4544000", "interestAndDebtExpense": "None", "netIncomeFromContinuingOperations": "52720000", "comprehensiveIncomeNetOfTax": "None", "ebit": "51318000", "ebitda": "65992000", "netIncome": "52720000"}, {"fiscalDateEnding": "2015-12-31", "reportedCurrency": "USD", "grossProfit": "180169000", "totalRevenue": "333067000", "costOfRevenue": "152898000", "costofGoodsAndServicesSold": "152898000", "operatingIncome": "41070000", "sellingGeneralAndAdministrative": "72312000", "researchAndDevelopment": "65787000", "operatingExpenses": "138099000", "investmentIncomeNet": "None", "netInterestIncome": "None", "interestIncome": "1421000", "interestExpense": "0", "nonInterestIncome": "None", "otherNonOperatingIncome": "1421000", "depreciation": "None", "depreciationAndAmortization": "13783000", "incomeBeforeTax": "42491000", "incomeTaxExpense": "7319000", "interestAndDebtExpense": "None", "netIncomeFromContinuingOperations": "35172000", "comprehensiveIncomeNetOfTax": "None", "ebit": "39563000", "ebitda": "53346000", "netIncome": "35172000"}, {"fiscalDateEnding": "2014-12-31", "reportedCurrency": "USD", "grossProfit": "152618000", "totalRevenue": "282535000", "costOfRevenue": "129917000", "costofGoodsAndServicesSold": "129917000", "operatingIncome": "35300000", "sellingGeneralAndAdministrative": "66755000", "researchAndDevelopment": "58590000", "operatingExpenses": "125345000", "investmentIncomeNet": "None", "netInterestIncome": "None", "interestIncome": "None", "interestExpense": "0", "nonInterestIncome": "None", "otherNonOperatingIncome": "1092000", "depreciation": "None", "depreciationAndAmortization": "13130000", "incomeBeforeTax": "36392000", "incomeTaxExpense": "897000", "interestAndDebtExpense": "None", "netIncomeFromContinuingOperations": "35495000", "comprehensiveIncomeNetOfTax": "None", "ebit": "27873000", "ebitda": "41003000", "netIncome": "35495000"}, {"fiscalDateEnding": "2013-12-31", "reportedCurrency": "USD", "grossProfit": "127901000", "totalRevenue": "238091000", "costOfRevenue": "110190000", "costofGoodsAndServicesSold": "110190000", "operatingIncome": "23915000", "sellingGeneralAndAdministrative": "54624000", "researchAndDevelopment": "49733000", "operatingExpenses": "104357000", "investmentIncomeNet": "None", "netInterestIncome": "None", "interestIncome": "None", "interestExpense": "0", "nonInterestIncome": "None", "otherNonOperatingIncome": "92000", "depreciation": "None", "depreciationAndAmortization": "12160000", "incomeBeforeTax": "24007000", "incomeTaxExpense": "1109000", "interestAndDebtExpense": "None", "netIncomeFromContinuingOperations": "22898000", "comprehensiveIncomeNetOfTax": "None", "ebit": "23544000", "ebitda": "35704000", "netIncome": "22898000"}, {"fiscalDateEnding": "2012-12-31", "reportedCurrency": "USD", "grossProfit": "113148000", "totalRevenue": "213813000", "costOfRevenue": "100665000", "costofGoodsAndServicesSold": "100665000", "operatingIncome": "17279000", "sellingGeneralAndAdministrative": "50018000", "researchAndDevelopment": "48796000", "operatingExpenses": "98814000", "investmentIncomeNet": "None", "netInterestIncome": "None", "interestIncome": "None", "interestExpense": "0", "nonInterestIncome": "None", "otherNonOperatingIncome": "None", "depreciation": "None", "depreciationAndAmortization": "9332000", "incomeBeforeTax": "17890000", "incomeTaxExpense": "2134000", "interestAndDebtExpense": "None", "netIncomeFromContinuingOperations": "None", "comprehensiveIncomeNetOfTax": "None", "ebit": "14334000", "ebitda": "23666000", "netIncome": "15756000"}, {"fiscalDateEnding": "2011-12-31", "reportedCurrency": "USD", "grossProfit": "101594000", "totalRevenue": "196519000", "costOfRevenue": "94925000", "costofGoodsAndServicesSold": "94925000", "operatingIncome": "13417000", "sellingGeneralAndAdministrative": "40280000", "researchAndDevelopment": "44518000", "operatingExpenses": "84798000", "investmentIncomeNet": "None", "netInterestIncome": "None", "interestIncome": "None", "interestExpense": "362000", "nonInterestIncome": "None", "otherNonOperatingIncome": "None", "depreciation": "None", "depreciationAndAmortization": "8732000", "incomeBeforeTax": "13726000", "incomeTaxExpense": "425000", "interestAndDebtExpense": "None", "netIncomeFromContinuingOperations": "13301000", "comprehensiveIncomeNetOfTax": "None", "ebit": "13726000", "ebitda": "22458000", "netIncome": "13301000"}, {"fiscalDateEnding": "2010-12-31", "reportedCurrency": "USD", "grossProfit": "121457000", "totalRevenue": "218840000", "costOfRevenue": "97383000", "costofGoodsAndServicesSold": "97383000", "operatingIncome": "30498000", "sellingGeneralAndAdministrative": "46587000", "researchAndDevelopment": "44372000", "operatingExpenses": "90959000", "investmentIncomeNet": "None", "netInterestIncome": "None", "interestIncome": "None", "interestExpense": "234000", "nonInterestIncome": "None", "otherNonOperatingIncome": "None", "depreciation": "None", "depreciationAndAmortization": "8016000", "incomeBeforeTax": "31420000", "incomeTaxExpense": "1857000", "interestAndDebtExpense": "None", "netIncomeFromContinuingOperations": "None", "comprehensiveIncomeNetOfTax": "None", "ebit": "31420000", "ebitda": "39436000", "netIncome": "29563000"}, {"fiscalDateEnding": "2009-12-31", "reportedCurrency": "USD", "grossProfit": "97678000", "totalRevenue": "165008000", "costOfRevenue": "67330000", "costofGoodsAndServicesSold": "67330000", "operatingIncome": "19530000", "sellingGeneralAndAdministrative": "39853000", "researchAndDevelopment": "38295000", "operatingExpenses": "78148000", "investmentIncomeNet": "None", "netInterestIncome": "None", "interestIncome": "None", "interestExpense": "429000", "nonInterestIncome": "None", "otherNonOperatingIncome": "None", "depreciation": "None", "depreciationAndAmortization": "6573000", "incomeBeforeTax": "20148000", "incomeTaxExpense": "474000", "interestAndDebtExpense": "None", "netIncomeFromContinuingOperations": "None", "comprehensiveIncomeNetOfTax": "None", "ebit": "19530000", "ebitda": "26103000", "netIncome": "19674000"}, {"fiscalDateEnding": "2008-12-31", "reportedCurrency": "USD", "grossProfit": "99327000", "totalRevenue": "160511000", "costOfRevenue": "61184000", "costofGoodsAndServicesSold": "61184000", "operatingIncome": "22507000", "sellingGeneralAndAdministrative": "35256000", "researchAndDevelopment": "34850000", "operatingExpenses": "76820000", "investmentIncomeNet": "None", "netInterestIncome": "None", "interestIncome": "None", "interestExpense": "652000", "nonInterestIncome": "None", "otherNonOperatingIncome": "None", "depreciation": "None", "depreciationAndAmortization": "5725000", "incomeBeforeTax": "25442000", "incomeTaxExpense": "1216000", "interestAndDebtExpense": "None", "netIncomeFromContinuingOperations": "None", "comprehensiveIncomeNetOfTax": "None", "ebit": "22507000", "ebitda": "28232000", "netIncome": "24226000"}, {"fiscalDateEnding": "2007-12-31", "reportedCurrency": "USD", "grossProfit": "85223000", "totalRevenue": "134004000", "costOfRevenue": "48781000", "costofGoodsAndServicesSold": "48781000", "operatingIncome": "9670000", "sellingGeneralAndAdministrative": "29537000", "researchAndDevelopment": "27342000", "operatingExpenses": "75553000", "investmentIncomeNet": "None", "netInterestIncome": "None", "interestIncome": "None", "interestExpense": "0", "nonInterestIncome": "None", "otherNonOperatingIncome": "None", "depreciation": "None", "depreciationAndAmortization": "4184000", "incomeBeforeTax": "14272000", "incomeTaxExpense": "4981000", "interestAndDebtExpense": "None", "netIncomeFromContinuingOperations": "None", "comprehensiveIncomeNetOfTax": "None", "ebit": "9670000", "ebitda": "13854000", "netIncome": "9291000"}, {"fiscalDateEnding": "2006-12-31", "reportedCurrency": "USD", "grossProfit": "66908000", "totalRevenue": "105015000", "costOfRevenue": "38107000", "costofGoodsAndServicesSold": "38107000", "operatingIncome": "1235000", "sellingGeneralAndAdministrative": "27594000", "researchAndDevelopment": "22301000", "operatingExpenses": "65673000", "investmentIncomeNet": "None", "netInterestIncome": "None", "interestIncome": "None", "interestExpense": "273000", "nonInterestIncome": "None", "otherNonOperatingIncome": "None", "depreciation": "None", "depreciationAndAmortization": "14248000", "incomeBeforeTax": "3599000", "incomeTaxExpense": "6462000", "interestAndDebtExpense": "None", "netIncomeFromContinuingOperations": "None", "comprehensiveIncomeNetOfTax": "None", "ebit": "-13013000", "ebitda": "1235000", "netIncome": "-2863000"}, {"fiscalDateEnding": "2005-12-31", "reportedCurrency": "USD", "grossProfit": "63128000", "totalRevenue": "99131000", "costOfRevenue": "36003000", "costofGoodsAndServicesSold": "36003000", "operatingIncome": "6464000", "sellingGeneralAndAdministrative": "41838000", "researchAndDevelopment": "14826000", "operatingExpenses": "56664000", "investmentIncomeNet": "None", "netInterestIncome": "None", "interestIncome": "None", "interestExpense": "0", "nonInterestIncome": "None", "otherNonOperatingIncome": "None", "depreciation": "None", "depreciationAndAmortization": "7103000", "incomeBeforeTax": "8056000", "incomeTaxExpense": "2949000", "interestAndDebtExpense": "None", "netIncomeFromContinuingOperations": "None", "comprehensiveIncomeNetOfTax": "None", "ebit": "-639000", "ebitda": "6464000", "netIncome": "5107000"}], "quarterlyReports": [{"fiscalDateEnding": "2024-12-31", "reportedCurrency": "USD", "grossProfit": "344408000", "totalRevenue": "621665000", "costOfRevenue": "277257000", "costofGoodsAndServicesSold": "277257000", "operatingIncome": "163307000", "sellingGeneralAndAdministrative": "95339000", "researchAndDevelopment": "85762000", "operatingExpenses": "181101000", "investmentIncomeNet": "None", "netInterestIncome": "6744000", "interestIncome": "6744000", "interestExpense": "None", "nonInterestIncome": "None", "otherNonOperatingIncome": "None", "depreciation": "None", "depreciationAndAmortization": "10043000", "incomeBeforeTax": "169531000", "incomeTaxExpense": "-1279832000", "interestAndDebtExpense": "None", "netIncomeFromContinuingOperations": "1449363000", "comprehensiveIncomeNetOfTax": "None", "ebit": "162929000", "ebitda": "172972000", "netIncome": "1449363000"}, {"fiscalDateEnding": "2024-09-30", "reportedCurrency": "USD", "grossProfit": "343443000", "totalRevenue": "620119000", "costOfRevenue": "276676000", "costofGoodsAndServicesSold": "276676000", "operatingIncome": "164028000", "sellingGeneralAndAdministrative": "94364000", "researchAndDevelopment": "85051000", "operatingExpenses": "179415000", "investmentIncomeNet": "None", "netInterestIncome": "6805000", "interestIncome": "6805000", "interestExpense": "None", "nonInterestIncome": "None", "otherNonOperatingIncome": "None", "depreciation": "None", "depreciationAndAmortization": "9445000", "incomeBeforeTax": "174306000", "incomeTaxExpense": "29876000", "interestAndDebtExpense": "None", "netIncomeFromContinuingOperations": "144430000", "comprehensiveIncomeNetOfTax": "None", "ebit": "164028000", "ebitda": "173473000", "netIncome": "144430000"}, {"fiscalDateEnding": "2024-06-30", "reportedCurrency": "USD", "grossProfit": "280578000", "totalRevenue": "507431000", "costOfRevenue": "226853000", "costofGoodsAndServicesSold": "226853000", "operatingIncome": "116536000", "sellingGeneralAndAdministrative": "86097000", "researchAndDevelopment": "77945000", "operatingExpenses": "164042000", "investmentIncomeNet": "None", "netInterestIncome": "6630000", "interestIncome": "6630000", "interestExpense": "None", "nonInterestIncome": "None", "otherNonOperatingIncome": "None", "depreciation": "None", "depreciationAndAmortization": "8691000", "incomeBeforeTax": "124048000", "incomeTaxExpense": "23682000", "interestAndDebtExpense": "None", "netIncomeFromContinuingOperations": "100366000", "comprehensiveIncomeNetOfTax": "None", "ebit": "116536000", "ebitda": "125227000", "netIncome": "100366000"}, {"fiscalDateEnding": "2024-03-31", "reportedCurrency": "USD", "grossProfit": "252441000", "totalRevenue": "457885000", "costOfRevenue": "205444000", "costofGoodsAndServicesSold": "205444000", "operatingIncome": "95487000", "sellingGeneralAndAdministrative": "80964000", "researchAndDevelopment": "75990000", "operatingExpenses": "156954000", "investmentIncomeNet": "None", "netInterestIncome": "6914000", "interestIncome": "6914000", "interestExpense": "None", "nonInterestIncome": "None", "otherNonOperatingIncome": "None", "depreciation": "None", "depreciationAndAmortization": "8250999", "incomeBeforeTax": "105027000", "incomeTaxExpense": "12486000", "interestAndDebtExpense": "None", "netIncomeFromContinuingOperations": "92541000", "comprehensiveIncomeNetOfTax": "None", "ebit": "95487001", "ebitda": "103738000", "netIncome": "92541000"}, {"fiscalDateEnding": "2023-12-31", "reportedCurrency": "USD", "grossProfit": "251123000", "totalRevenue": "454012000", "costOfRevenue": "202889000", "costofGoodsAndServicesSold": "202889000", "operatingIncome": "109569000", "sellingGeneralAndAdministrative": "70095000", "researchAndDevelopment": "71459000", "operatingExpenses": "141554000", "investmentIncomeNet": "None", "netInterestIncome": "6519000", "interestIncome": "6519000", "interestExpense": "5297000", "nonInterestIncome": "None", "otherNonOperatingIncome": "None", "depreciation": "None", "depreciationAndAmortization": "10228000", "incomeBeforeTax": "119545000", "incomeTaxExpense": "22640000", "interestAndDebtExpense": "None", "netIncomeFromContinuingOperations": "96905000", "comprehensiveIncomeNetOfTax": "None", "ebit": "109569000", "ebitda": "119797000", "netIncome": "96905000"}, {"fiscalDateEnding": "2023-09-30", "reportedCurrency": "USD", "grossProfit": "263541000", "totalRevenue": "474867000", "costOfRevenue": "211326000", "costofGoodsAndServicesSold": "211326000", "operatingIncome": "135566000", "sellingGeneralAndAdministrative": "63188000", "researchAndDevelopment": "64787000", "operatingExpenses": "127975000", "investmentIncomeNet": "None", "netInterestIncome": "6071000", "interestIncome": "6071000", "interestExpense": "None", "nonInterestIncome": "None", "otherNonOperatingIncome": "None", "depreciation": "None", "depreciationAndAmortization": "10000000", "incomeBeforeTax": "137855000", "incomeTaxExpense": "16692000", "interestAndDebtExpense": "None", "netIncomeFromContinuingOperations": "121163000", "comprehensiveIncomeNetOfTax": "None", "ebit": "135566000", "ebitda": "145566000", "netIncome": "121163000"}, {"fiscalDateEnding": "2023-06-30", "reportedCurrency": "USD", "grossProfit": "247675000", "totalRevenue": "441128000", "costOfRevenue": "193453000", "costofGoodsAndServicesSold": "193453000", "operatingIncome": "112325000", "sellingGeneralAndAdministrative": "71662000", "researchAndDevelopment": "63688000", "operatingExpenses": "135350000", "investmentIncomeNet": "None", "netInterestIncome": "5965000", "interestIncome": "5965000", "interestExpense": "None", "nonInterestIncome": "None", "otherNonOperatingIncome": "6543000", "depreciation": "None", "depreciationAndAmortization": "9953000", "incomeBeforeTax": "118868000", "incomeTaxExpense": "19364000", "interestAndDebtExpense": "None", "netIncomeFromContinuingOperations": "99504000", "comprehensiveIncomeNetOfTax": "None", "ebit": "112325000", "ebitda": "122278000", "netIncome": "99504000"}, {"fiscalDateEnding": "2023-03-31", "reportedCurrency": "USD", "grossProfit": "258780000", "totalRevenue": "451065000", "costOfRevenue": "192285000", "costofGoodsAndServicesSold": "192285000", "operatingIncome": "124276000", "sellingGeneralAndAdministrative": "70795000", "researchAndDevelopment": "63709000", "operatingExpenses": "134504000", "investmentIncomeNet": "None", "netInterestIncome": "4808000", "interestIncome": "4808000", "interestExpense": "5297000", "nonInterestIncome": "None", "otherNonOperatingIncome": "5297000", "depreciation": "None", "depreciationAndAmortization": "9987000", "incomeBeforeTax": "129573000", "incomeTaxExpense": "19771000", "interestAndDebtExpense": "None", "netIncomeFromContinuingOperations": "109802000", "comprehensiveIncomeNetOfTax": "None", "ebit": "124276000", "ebitda": "134263000", "netIncome": "109802000"}, {"fiscalDateEnding": "2022-12-31", "reportedCurrency": "USD", "grossProfit": "267809000", "totalRevenue": "460012000", "costOfRevenue": "192203000", "costofGoodsAndServicesSold": "192203000", "operatingIncome": "136892000", "sellingGeneralAndAdministrative": "66057000", "researchAndDevelopment": "61674000", "operatingExpenses": "127731000", "investmentIncomeNet": "None", "netInterestIncome": "3991000", "interestIncome": "3991000", "interestExpense": "3991000", "nonInterestIncome": "None", "otherNonOperatingIncome": "3873000", "depreciation": "None", "depreciationAndAmortization": "8765000", "incomeBeforeTax": "140764000", "incomeTaxExpense": "21674000", "interestAndDebtExpense": "None", "netIncomeFromContinuingOperations": "119090000", "comprehensiveIncomeNetOfTax": "None", "ebit": "136892000", "ebitda": "145657000", "netIncome": "119090000"}, {"fiscalDateEnding": "2022-09-30", "reportedCurrency": "USD", "grossProfit": "290902000", "totalRevenue": "495418000", "costOfRevenue": "204516000", "costofGoodsAndServicesSold": "204516000", "operatingIncome": "151871000", "sellingGeneralAndAdministrative": "69717000", "researchAndDevelopment": "67263000", "operatingExpenses": "136980000", "investmentIncomeNet": "None", "netInterestIncome": "3584000", "interestIncome": "3584000", "interestExpense": "3584000", "nonInterestIncome": "None", "otherNonOperatingIncome": "5000", "depreciation": "None", "depreciationAndAmortization": "9674000", "incomeBeforeTax": "151876000", "incomeTaxExpense": "27539000", "interestAndDebtExpense": "None", "netIncomeFromContinuingOperations": "124337000", "comprehensiveIncomeNetOfTax": "None", "ebit": "142197000", "ebitda": "151871000", "netIncome": "124337000"}, {"fiscalDateEnding": "2022-06-30", "reportedCurrency": "USD", "grossProfit": "270961000", "totalRevenue": "461004000", "costOfRevenue": "190043000", "costofGoodsAndServicesSold": "190043000", "operatingIncome": "141888000", "sellingGeneralAndAdministrative": "70668000", "researchAndDevelopment": "57131000", "operatingExpenses": "129073000", "investmentIncomeNet": "None", "netInterestIncome": "3333000", "interestIncome": "3333000", "interestExpense": "3333000", "nonInterestIncome": "None", "otherNonOperatingIncome": "-5092000", "depreciation": "None", "depreciationAndAmortization": "9560000", "incomeBeforeTax": "136796000", "incomeTaxExpense": "22117000", "interestAndDebtExpense": "None", "netIncomeFromContinuingOperations": "114679000", "comprehensiveIncomeNetOfTax": "None", "ebit": "132328000", "ebitda": "141888000", "netIncome": "114679000"}, {"fiscalDateEnding": "2022-03-31", "reportedCurrency": "USD", "grossProfit": "218880000", "totalRevenue": "377714000", "costOfRevenue": "158834000", "costofGoodsAndServicesSold": "158834000", "operatingIncome": "96134000", "sellingGeneralAndAdministrative": "67153000", "researchAndDevelopment": "54104000", "operatingExpenses": "121257000", "investmentIncomeNet": "None", "netInterestIncome": "3461000", "interestIncome": "3461000", "interestExpense": "3461000", "nonInterestIncome": "None", "otherNonOperatingIncome": "-634000", "depreciation": "None", "depreciationAndAmortization": "9115000", "incomeBeforeTax": "95500000", "incomeTaxExpense": "15934000", "interestAndDebtExpense": "None", "netIncomeFromContinuingOperations": "79566000", "comprehensiveIncomeNetOfTax": "None", "ebit": "87019000", "ebitda": "96134000", "netIncome": "79566000"}, {"fiscalDateEnding": "2021-12-31", "reportedCurrency": "USD", "grossProfit": "193873000", "totalRevenue": "336504000", "costOfRevenue": "142631000", "costofGoodsAndServicesSold": "142631000", "operatingIncome": "78571000", "sellingGeneralAndAdministrative": "61208000", "researchAndDevelopment": "54514000", "operatingExpenses": "115722000", "investmentIncomeNet": "None", "netInterestIncome": "3535000", "interestIncome": "3535000", "interestExpense": "3535000", "nonInterestIncome": "None", "otherNonOperatingIncome": "3391000", "depreciation": "None", "depreciationAndAmortization": "8323000", "incomeBeforeTax": "81962000", "incomeTaxExpense": "9291000", "interestAndDebtExpense": "None", "netIncomeFromContinuingOperations": "72671000", "comprehensiveIncomeNetOfTax": "None", "ebit": "78152000", "ebitda": "86475000", "netIncome": "72671000"}, {"fiscalDateEnding": "2021-09-30", "reportedCurrency": "USD", "grossProfit": "186311000", "totalRevenue": "323522000", "costOfRevenue": "137211000", "costofGoodsAndServicesSold": "137211000", "operatingIncome": "77131000", "sellingGeneralAndAdministrative": "56291000", "researchAndDevelopment": "49468000", "operatingExpenses": "105759000", "investmentIncomeNet": "None", "netInterestIncome": "3050000", "interestIncome": "3050000", "interestExpense": "3050000", "nonInterestIncome": "None", "otherNonOperatingIncome": "793000", "depreciation": "None", "depreciationAndAmortization": "7727000", "incomeBeforeTax": "77924000", "incomeTaxExpense": "9154000", "interestAndDebtExpense": "None", "netIncomeFromContinuingOperations": "68770000", "comprehensiveIncomeNetOfTax": "None", "ebit": "80552000", "ebitda": "88279000", "netIncome": "68770000"}, {"fiscalDateEnding": "2021-06-30", "reportedCurrency": "USD", "grossProfit": "164215000", "totalRevenue": "293317000", "costOfRevenue": "129102000", "costofGoodsAndServicesSold": "129102000", "operatingIncome": "60628000", "sellingGeneralAndAdministrative": "57238000", "researchAndDevelopment": "44753000", "operatingExpenses": "101991000", "investmentIncomeNet": "None", "netInterestIncome": "2770000", "interestIncome": "2770000", "interestExpense": "2770000", "nonInterestIncome": "None", "otherNonOperatingIncome": "3031000", "depreciation": "None", "depreciationAndAmortization": "7120000", "incomeBeforeTax": "63659000", "incomeTaxExpense": "8490000", "interestAndDebtExpense": "None", "netIncomeFromContinuingOperations": "55169000", "comprehensiveIncomeNetOfTax": "None", "ebit": "62224000", "ebitda": "69344000", "netIncome": "55169000"}, {"fiscalDateEnding": "2021-03-31", "reportedCurrency": "USD", "grossProfit": "141059000", "totalRevenue": "254455000", "costOfRevenue": "113396000", "costofGoodsAndServicesSold": "113396000", "operatingIncome": "46086000", "sellingGeneralAndAdministrative": "45120000", "researchAndDevelopment": "41892000", "operatingExpenses": "93345000", "investmentIncomeNet": "None", "netInterestIncome": "2282000", "interestIncome": "2282000", "interestExpense": "2282000", "nonInterestIncome": "None", "otherNonOperatingIncome": "2587000", "depreciation": "None", "depreciationAndAmortization": "5529000", "incomeBeforeTax": "48673000", "incomeTaxExpense": "3260000", "interestAndDebtExpense": "None", "netIncomeFromContinuingOperations": "45413000", "comprehensiveIncomeNetOfTax": "None", "ebit": "47714000", "ebitda": "53243000", "netIncome": "45413000"}, {"fiscalDateEnding": "2020-12-31", "reportedCurrency": "USD", "grossProfit": "128874000", "totalRevenue": "233043000", "costOfRevenue": "104169000", "costofGoodsAndServicesSold": "104169000", "operatingIncome": "39963000", "sellingGeneralAndAdministrative": "45120000", "researchAndDevelopment": "42252000", "operatingExpenses": "87372000", "investmentIncomeNet": "None", "netInterestIncome": "2254000", "interestIncome": "2254000", "interestExpense": "2254000", "nonInterestIncome": "None", "otherNonOperatingIncome": "4480000", "depreciation": "None", "depreciationAndAmortization": "5401000", "incomeBeforeTax": "44443000", "incomeTaxExpense": "1556000", "interestAndDebtExpense": "None", "netIncomeFromContinuingOperations": "42886000", "comprehensiveIncomeNetOfTax": "None", "ebit": "41502000", "ebitda": "46903000", "netIncome": "42887000"}, {"fiscalDateEnding": "2020-09-30", "reportedCurrency": "USD", "grossProfit": "143040000", "totalRevenue": "259422000", "costOfRevenue": "116382000", "costofGoodsAndServicesSold": "116382000", "operatingIncome": "59979000", "sellingGeneralAndAdministrative": "43503000", "researchAndDevelopment": "37717000", "operatingExpenses": "81220000", "investmentIncomeNet": "None", "netInterestIncome": "2311000", "interestIncome": "2311000", "interestExpense": "2311000", "nonInterestIncome": "None", "otherNonOperatingIncome": "2494000", "depreciation": "None", "depreciationAndAmortization": "4956000", "incomeBeforeTax": "62473000", "incomeTaxExpense": "6907000", "interestAndDebtExpense": "None", "netIncomeFromContinuingOperations": "55566000", "comprehensiveIncomeNetOfTax": "None", "ebit": "61820000", "ebitda": "66776000", "netIncome": "55566000"}, {"fiscalDateEnding": "2020-06-30", "reportedCurrency": "USD", "grossProfit": "102593000", "totalRevenue": "186209000", "costOfRevenue": "83616000", "costofGoodsAndServicesSold": "83616000", "operatingIncome": "27955000", "sellingGeneralAndAdministrative": "40883000", "researchAndDevelopment": "31673000", "operatingExpenses": "72556000", "investmentIncomeNet": "None", "netInterestIncome": "2388000", "interestIncome": "2388000", "interestExpense": "2388000", "nonInterestIncome": "None", "otherNonOperatingIncome": "5200000", "depreciation": "None", "depreciationAndAmortization": "4501000", "incomeBeforeTax": "33155000", "incomeTaxExpense": "2988000", "interestAndDebtExpense": "None", "netIncomeFromContinuingOperations": "30167000", "comprehensiveIncomeNetOfTax": "None", "ebit": "30037000", "ebitda": "34538000", "netIncome": "30167000"}, {"fiscalDateEnding": "2020-03-31", "reportedCurrency": "USD", "grossProfit": "91447000", "totalRevenue": "165778000", "costOfRevenue": "74331000", "costofGoodsAndServicesSold": "74331000", "operatingIncome": "30986000", "sellingGeneralAndAdministrative": "32164000", "researchAndDevelopment": "25956000", "operatingExpenses": "58120000", "investmentIncomeNet": "None", "netInterestIncome": "2374000", "interestIncome": "2374000", "interestExpense": "2374000", "nonInterestIncome": "None", "otherNonOperatingIncome": "-1714000", "depreciation": "None", "depreciationAndAmortization": "4328000", "incomeBeforeTax": "29272000", "incomeTaxExpense": "-6484000", "interestAndDebtExpense": "None", "netIncomeFromContinuingOperations": "35756000", "comprehensiveIncomeNetOfTax": "None", "ebit": "33327000", "ebitda": "37655000", "netIncome": "35756000"}, {"fiscalDateEnding": "2019-12-31", "reportedCurrency": "USD", "grossProfit": "91936000", "totalRevenue": "166738000", "costOfRevenue": "74802000", "costofGoodsAndServicesSold": "74802000", "operatingIncome": "30694000", "sellingGeneralAndAdministrative": "100303000", "researchAndDevelopment": "27011000", "operatingExpenses": "60251000", "investmentIncomeNet": "None", "netInterestIncome": "2098000", "interestIncome": "2098000", "interestExpense": "2098000", "nonInterestIncome": "None", "otherNonOperatingIncome": "2731000", "depreciation": "None", "depreciationAndAmortization": "4050000", "incomeBeforeTax": "33425000", "incomeTaxExpense": "989000", "interestAndDebtExpense": "None", "netIncomeFromContinuingOperations": "32437000", "comprehensiveIncomeNetOfTax": "None", "ebit": "31685000", "ebitda": "35735000", "netIncome": "32437000"}, {"fiscalDateEnding": "2019-09-30", "reportedCurrency": "USD", "grossProfit": "93158000", "totalRevenue": "168813000", "costOfRevenue": "75655000", "costofGoodsAndServicesSold": "75655000", "operatingIncome": "30032000", "sellingGeneralAndAdministrative": "34692000", "researchAndDevelopment": "27742000", "operatingExpenses": "62434000", "investmentIncomeNet": "None", "netInterestIncome": "1850000", "interestIncome": "1850000", "interestExpense": "None", "nonInterestIncome": "None", "otherNonOperatingIncome": "2257000", "depreciation": "None", "depreciationAndAmortization": "3823000", "incomeBeforeTax": "32289000", "incomeTaxExpense": "2761000", "interestAndDebtExpense": "None", "netIncomeFromContinuingOperations": "29528000", "comprehensiveIncomeNetOfTax": "None", "ebit": "30724000", "ebitda": "34547000", "netIncome": "29528000"}, {"fiscalDateEnding": "2019-06-30", "reportedCurrency": "USD", "grossProfit": "83225000", "totalRevenue": "151007000", "costOfRevenue": "67782000", "costofGoodsAndServicesSold": "67782000", "operatingIncome": "20119000", "sellingGeneralAndAdministrative": "35058000", "researchAndDevelopment": "27545000", "operatingExpenses": "62603000", "investmentIncomeNet": "None", "netInterestIncome": "1661000", "interestIncome": "1661000", "interestExpense": "None", "nonInterestIncome": "None", "otherNonOperatingIncome": "2229000", "depreciation": "None", "depreciationAndAmortization": "3739000", "incomeBeforeTax": "22348000", "incomeTaxExpense": "1655000", "interestAndDebtExpense": "None", "netIncomeFromContinuingOperations": "20693000", "comprehensiveIncomeNetOfTax": "None", "ebit": "20622000", "ebitda": "24361000", "netIncome": "20693000"}, {"fiscalDateEnding": "2019-03-31", "reportedCurrency": "USD", "grossProfit": "78006000", "totalRevenue": "141363000", "costOfRevenue": "63357000", "costofGoodsAndServicesSold": "63357000", "operatingIncome": "21717000", "sellingGeneralAndAdministrative": "30553000", "researchAndDevelopment": "25458000", "operatingExpenses": "56011000", "investmentIncomeNet": "None", "netInterestIncome": "1696000", "interestIncome": "1696000", "interestExpense": "None", "nonInterestIncome": "None", "otherNonOperatingIncome": "3341000", "depreciation": "None", "depreciationAndAmortization": "3255000", "incomeBeforeTax": "25058000", "incomeTaxExpense": "-1123000", "interestAndDebtExpense": "None", "netIncomeFromContinuingOperations": "26181000", "comprehensiveIncomeNetOfTax": "None", "ebit": "23930000", "ebitda": "27185000", "netIncome": "26181000"}, {"fiscalDateEnding": "2018-12-31", "reportedCurrency": "USD", "grossProfit": "84593000", "totalRevenue": "153497000", "costOfRevenue": "68904000", "costofGoodsAndServicesSold": "68904000", "operatingIncome": "33077000", "sellingGeneralAndAdministrative": "28372000", "researchAndDevelopment": "22735000", "operatingExpenses": "51107000", "investmentIncomeNet": "None", "netInterestIncome": "None", "interestIncome": "None", "interestExpense": "393000", "nonInterestIncome": "None", "otherNonOperatingIncome": "-392000", "depreciation": "None", "depreciationAndAmortization": "3253000", "incomeBeforeTax": "32684000", "incomeTaxExpense": "5046000", "interestAndDebtExpense": "None", "netIncomeFromContinuingOperations": "27638000", "comprehensiveIncomeNetOfTax": "None", "ebit": "33486000", "ebitda": "36739000", "netIncome": "27638000"}, {"fiscalDateEnding": "2018-09-30", "reportedCurrency": "USD", "grossProfit": "89018000", "totalRevenue": "159975000", "costOfRevenue": "70957000", "costofGoodsAndServicesSold": "70957000", "operatingIncome": "33493000", "sellingGeneralAndAdministrative": "29552000", "researchAndDevelopment": "25630000", "operatingExpenses": "55182000", "investmentIncomeNet": "None", "netInterestIncome": "None", "interestIncome": "None", "interestExpense": "393000", "nonInterestIncome": "None", "otherNonOperatingIncome": "2714000", "depreciation": "None", "depreciationAndAmortization": "3228000", "incomeBeforeTax": "36207000", "incomeTaxExpense": "4639000", "interestAndDebtExpense": "None", "netIncomeFromContinuingOperations": "31568000", "comprehensiveIncomeNetOfTax": "None", "ebit": "33836000", "ebitda": "37064000", "netIncome": "31568000"}, {"fiscalDateEnding": "2018-06-30", "reportedCurrency": "USD", "grossProfit": "77564000", "totalRevenue": "139761000", "costOfRevenue": "62197000", "costofGoodsAndServicesSold": "62197000", "operatingIncome": "24882000", "sellingGeneralAndAdministrative": "28561000", "researchAndDevelopment": "23481000", "operatingExpenses": "52042000", "investmentIncomeNet": "None", "netInterestIncome": "None", "interestIncome": "None", "interestExpense": "393000", "nonInterestIncome": "None", "otherNonOperatingIncome": "2232000", "depreciation": "None", "depreciationAndAmortization": "3075000", "incomeBeforeTax": "27114000", "incomeTaxExpense": "2908000", "interestAndDebtExpense": "None", "netIncomeFromContinuingOperations": "24206000", "comprehensiveIncomeNetOfTax": "None", "ebit": "25522000", "ebitda": "28597000", "netIncome": "24206000"}, {"fiscalDateEnding": "2018-03-31", "reportedCurrency": "USD", "grossProfit": "71495000", "totalRevenue": "129150000", "costOfRevenue": "57655000", "costofGoodsAndServicesSold": "57655000", "operatingIncome": "22037000", "sellingGeneralAndAdministrative": "27318000", "researchAndDevelopment": "21609000", "operatingExpenses": "48927000", "investmentIncomeNet": "None", "netInterestIncome": "None", "interestIncome": "None", "interestExpense": "393000", "nonInterestIncome": "None", "otherNonOperatingIncome": "440000", "depreciation": "None", "depreciationAndAmortization": "2755000", "incomeBeforeTax": "22477000", "incomeTaxExpense": "621000", "interestAndDebtExpense": "None", "netIncomeFromContinuingOperations": "21856000", "comprehensiveIncomeNetOfTax": "None", "ebit": "22568000", "ebitda": "25323000", "netIncome": "21856000"}, {"fiscalDateEnding": "2017-12-31", "reportedCurrency": "USD", "grossProfit": "71161000", "totalRevenue": "129430000", "costOfRevenue": "58269000", "costofGoodsAndServicesSold": "58269000", "operatingIncome": "25053000", "sellingGeneralAndAdministrative": "24038000", "researchAndDevelopment": "21730000", "operatingExpenses": "45768000", "investmentIncomeNet": "None", "netInterestIncome": "None", "interestIncome": "None", "interestExpense": "4994000", "nonInterestIncome": "None", "otherNonOperatingIncome": "1647000", "depreciation": "None", "depreciationAndAmortization": "4009000", "incomeBeforeTax": "26700000", "incomeTaxExpense": "14629000", "interestAndDebtExpense": "None", "netIncomeFromContinuingOperations": "12070000", "comprehensiveIncomeNetOfTax": "None", "ebit": "25393000", "ebitda": "29402000", "netIncome": "12071000"}, {"fiscalDateEnding": "2017-09-30", "reportedCurrency": "USD", "grossProfit": "70856000", "totalRevenue": "128939000", "costOfRevenue": "58083000", "costofGoodsAndServicesSold": "58083000", "operatingIncome": "23832000", "sellingGeneralAndAdministrative": "25255000", "researchAndDevelopment": "21442000", "operatingExpenses": "46697000", "investmentIncomeNet": "None", "netInterestIncome": "None", "interestIncome": "None", "interestExpense": "0", "nonInterestIncome": "None", "otherNonOperatingIncome": "1255000", "depreciation": "None", "depreciationAndAmortization": "4029000", "incomeBeforeTax": "25087000", "incomeTaxExpense": "1445000", "interestAndDebtExpense": "None", "netIncomeFromContinuingOperations": "23642000", "comprehensiveIncomeNetOfTax": "None", "ebit": "24159000", "ebitda": "28188000", "netIncome": "23642000"}, {"fiscalDateEnding": "2017-06-30", "reportedCurrency": "USD", "grossProfit": "61425000", "totalRevenue": "112198000", "costOfRevenue": "50773000", "costofGoodsAndServicesSold": "50773000", "operatingIncome": "14970000", "sellingGeneralAndAdministrative": "25873000", "researchAndDevelopment": "20292000", "operatingExpenses": "46165000", "investmentIncomeNet": "None", "netInterestIncome": "None", "interestIncome": "None", "interestExpense": "0", "nonInterestIncome": "None", "otherNonOperatingIncome": "1237000", "depreciation": "None", "depreciationAndAmortization": "4019000", "incomeBeforeTax": "16207000", "incomeTaxExpense": "1193000", "interestAndDebtExpense": "None", "netIncomeFromContinuingOperations": "15014000", "comprehensiveIncomeNetOfTax": "None", "ebit": "15260000", "ebitda": "19279000", "netIncome": "15014000"}, {"fiscalDateEnding": "2017-03-31", "reportedCurrency": "USD", "grossProfit": "54842000", "totalRevenue": "100362000", "costOfRevenue": "45520000", "costofGoodsAndServicesSold": "45520000", "operatingIncome": "13570000", "sellingGeneralAndAdministrative": "22092000", "researchAndDevelopment": "18894000", "operatingExpenses": "40986000", "investmentIncomeNet": "None", "netInterestIncome": "None", "interestIncome": "None", "interestExpense": "0", "nonInterestIncome": "None", "otherNonOperatingIncome": "1381000", "depreciation": "None", "depreciationAndAmortization": "4044000", "incomeBeforeTax": "14951000", "incomeTaxExpense": "474000", "interestAndDebtExpense": "None", "netIncomeFromContinuingOperations": "14477000", "comprehensiveIncomeNetOfTax": "None", "ebit": "13856000", "ebitda": "17900000", "netIncome": "14477000"}, {"fiscalDateEnding": "2016-12-31", "reportedCurrency": "USD", "grossProfit": "56511000", "totalRevenue": "103618000", "costOfRevenue": "47107000", "costofGoodsAndServicesSold": "47107000", "operatingIncome": "17542000", "sellingGeneralAndAdministrative": "21316000", "researchAndDevelopment": "17974000", "operatingExpenses": "39290000", "investmentIncomeNet": "None", "netInterestIncome": "None", "interestIncome": "None", "interestExpense": "4994000", "nonInterestIncome": "None", "otherNonOperatingIncome": "897000", "depreciation": "None", "depreciationAndAmortization": "4132000", "incomeBeforeTax": "18439000", "incomeTaxExpense": "1866000", "interestAndDebtExpense": "None", "netIncomeFromContinuingOperations": "16574000", "comprehensiveIncomeNetOfTax": "None", "ebit": "17222000", "ebitda": "21354000", "netIncome": "16574000"}, {"fiscalDateEnding": "2016-09-30", "reportedCurrency": "USD", "grossProfit": "57925000", "totalRevenue": "106456000", "costOfRevenue": "48531000", "costofGoodsAndServicesSold": "48531000", "operatingIncome": "15001000", "sellingGeneralAndAdministrative": "22397000", "researchAndDevelopment": "20472000", "operatingExpenses": "42869000", "investmentIncomeNet": "None", "netInterestIncome": "None", "interestIncome": "None", "interestExpense": "780000", "nonInterestIncome": "None", "otherNonOperatingIncome": "780000", "depreciation": "None", "depreciationAndAmortization": "3669000", "incomeBeforeTax": "15781000", "incomeTaxExpense": "1408000", "interestAndDebtExpense": "None", "netIncomeFromContinuingOperations": "14373000", "comprehensiveIncomeNetOfTax": "None", "ebit": "15056000", "ebitda": "18725000", "netIncome": "14373000"}, {"fiscalDateEnding": "2016-06-30", "reportedCurrency": "USD", "grossProfit": "50926000", "totalRevenue": "94079000", "costOfRevenue": "43153000", "costofGoodsAndServicesSold": "43153000", "operatingIncome": "11527000", "sellingGeneralAndAdministrative": "21531000", "researchAndDevelopment": "17876000", "operatingExpenses": "39407000", "investmentIncomeNet": "None", "netInterestIncome": "None", "interestIncome": "None", "interestExpense": "0", "nonInterestIncome": "None", "otherNonOperatingIncome": "597000", "depreciation": "None", "depreciationAndAmortization": "3553000", "incomeBeforeTax": "12124000", "incomeTaxExpense": "926000", "interestAndDebtExpense": "None", "netIncomeFromContinuingOperations": "11198000", "comprehensiveIncomeNetOfTax": "None", "ebit": "11519000", "ebitda": "15072000", "netIncome": "11198000"}, {"fiscalDateEnding": "2016-03-31", "reportedCurrency": "USD", "grossProfit": "45510000", "totalRevenue": "84512000", "costOfRevenue": "39002000", "costofGoodsAndServicesSold": "39002000", "operatingIncome": "10376000", "sellingGeneralAndAdministrative": "17768000", "researchAndDevelopment": "17321000", "operatingExpenses": "35089000", "investmentIncomeNet": "None", "netInterestIncome": "None", "interestIncome": "None", "interestExpense": "0", "nonInterestIncome": "None", "otherNonOperatingIncome": "543000", "depreciation": "None", "depreciationAndAmortization": "3320000", "incomeBeforeTax": "10919000", "incomeTaxExpense": "344000", "interestAndDebtExpense": "None", "netIncomeFromContinuingOperations": "10575000", "comprehensiveIncomeNetOfTax": "None", "ebit": "10421000", "ebitda": "13741000", "netIncome": "10575000"}, {"fiscalDateEnding": "2015-12-31", "reportedCurrency": "USD", "grossProfit": "46917000", "totalRevenue": "86918000", "costOfRevenue": "40001000", "costofGoodsAndServicesSold": "40001000", "operatingIncome": "11793000", "sellingGeneralAndAdministrative": "18108000", "researchAndDevelopment": "16734000", "operatingExpenses": "34841000", "investmentIncomeNet": "None", "netInterestIncome": "None", "interestIncome": "None", "interestExpense": "4994000", "nonInterestIncome": "None", "otherNonOperatingIncome": "550000", "depreciation": "None", "depreciationAndAmortization": "3305000", "incomeBeforeTax": "12343000", "incomeTaxExpense": "2233000", "interestAndDebtExpense": "None", "netIncomeFromContinuingOperations": "10109000", "comprehensiveIncomeNetOfTax": "None", "ebit": "9568000", "ebitda": "12873000", "netIncome": "10109000"}, {"fiscalDateEnding": "2015-09-30", "reportedCurrency": "USD", "grossProfit": "49440000", "totalRevenue": "91194000", "costOfRevenue": "41754000", "costofGoodsAndServicesSold": "41754000", "operatingIncome": "13310000", "sellingGeneralAndAdministrative": "18722000", "researchAndDevelopment": "17272000", "operatingExpenses": "35994000", "investmentIncomeNet": "None", "netInterestIncome": "None", "interestIncome": "None", "interestExpense": "6000", "nonInterestIncome": "None", "otherNonOperatingIncome": "-6000", "depreciation": "None", "depreciationAndAmortization": "3386000", "incomeBeforeTax": "13304000", "incomeTaxExpense": "2103000", "interestAndDebtExpense": "None", "netIncomeFromContinuingOperations": "11201000", "comprehensiveIncomeNetOfTax": "None", "ebit": "13446000", "ebitda": "16832000", "netIncome": "11201000"}, {"fiscalDateEnding": "2015-06-30", "reportedCurrency": "USD", "grossProfit": "44129000", "totalRevenue": "81416000", "costOfRevenue": "37287000", "costofGoodsAndServicesSold": "37287000", "operatingIncome": "10111000", "sellingGeneralAndAdministrative": "17964000", "researchAndDevelopment": "15743000", "operatingExpenses": "33707000", "investmentIncomeNet": "None", "netInterestIncome": "None", "interestIncome": "None", "interestExpense": "0", "nonInterestIncome": "None", "otherNonOperatingIncome": "235000", "depreciation": "None", "depreciationAndAmortization": "3471000", "incomeBeforeTax": "10346000", "incomeTaxExpense": "2447000", "interestAndDebtExpense": "None", "netIncomeFromContinuingOperations": "7899000", "comprehensiveIncomeNetOfTax": "None", "ebit": "10422000", "ebitda": "13893000", "netIncome": "7899000"}, {"fiscalDateEnding": "2015-03-31", "reportedCurrency": "USD", "grossProfit": "39683000", "totalRevenue": "73538000", "costOfRevenue": "33855000", "costofGoodsAndServicesSold": "33855000", "operatingIncome": "5857000", "sellingGeneralAndAdministrative": "17518000", "researchAndDevelopment": "16038000", "operatingExpenses": "33556000", "investmentIncomeNet": "None", "netInterestIncome": "None", "interestIncome": "None", "interestExpense": "0", "nonInterestIncome": "None", "otherNonOperatingIncome": "642000", "depreciation": "None", "depreciationAndAmortization": "3621000", "incomeBeforeTax": "6499000", "incomeTaxExpense": "536000", "interestAndDebtExpense": "None", "netIncomeFromContinuingOperations": "5963000", "comprehensiveIncomeNetOfTax": "None", "ebit": "6127000", "ebitda": "9748000", "netIncome": "5963000"}, {"fiscalDateEnding": "2014-12-31", "reportedCurrency": "USD", "grossProfit": "40959000", "totalRevenue": "75703000", "costOfRevenue": "34744000", "costofGoodsAndServicesSold": "34744000", "operatingIncome": "9165000", "sellingGeneralAndAdministrative": "16787000", "researchAndDevelopment": "14941000", "operatingExpenses": "31728000", "investmentIncomeNet": "None", "netInterestIncome": "None", "interestIncome": "None", "interestExpense": "0", "nonInterestIncome": "None", "otherNonOperatingIncome": "405000", "depreciation": "None", "depreciationAndAmortization": "3442000", "incomeBeforeTax": "9572000", "incomeTaxExpense": "712000", "interestAndDebtExpense": "None", "netIncomeFromContinuingOperations": "8859000", "comprehensiveIncomeNetOfTax": "None", "ebit": "8652000", "ebitda": "12094000", "netIncome": "8860000"}, {"fiscalDateEnding": "2014-09-30", "reportedCurrency": "USD", "grossProfit": "42463000", "totalRevenue": "78335000", "costOfRevenue": "35872000", "costofGoodsAndServicesSold": "35872000", "operatingIncome": "10446000", "sellingGeneralAndAdministrative": "17006000", "researchAndDevelopment": "14679000", "operatingExpenses": "31685000", "investmentIncomeNet": "None", "netInterestIncome": "None", "interestIncome": "None", "interestExpense": "202000", "nonInterestIncome": "None", "otherNonOperatingIncome": "202000", "depreciation": "None", "depreciationAndAmortization": "3388000", "incomeBeforeTax": "10648000", "incomeTaxExpense": "-573000", "interestAndDebtExpense": "None", "netIncomeFromContinuingOperations": "11221000", "comprehensiveIncomeNetOfTax": "None", "ebit": "10778000", "ebitda": "14166000", "netIncome": "11221000"}, {"fiscalDateEnding": "2014-06-30", "reportedCurrency": "USD", "grossProfit": "37099000", "totalRevenue": "68436000", "costOfRevenue": "31337000", "costofGoodsAndServicesSold": "31337000", "operatingIncome": "6604000", "sellingGeneralAndAdministrative": "16853000", "researchAndDevelopment": "13368000", "operatingExpenses": "30221000", "investmentIncomeNet": "None", "netInterestIncome": "None", "interestIncome": "None", "interestExpense": "0", "nonInterestIncome": "None", "otherNonOperatingIncome": "295000", "depreciation": "None", "depreciationAndAmortization": "3118000", "incomeBeforeTax": "6899000", "incomeTaxExpense": "502000", "interestAndDebtExpense": "None", "netIncomeFromContinuingOperations": "6397000", "comprehensiveIncomeNetOfTax": "None", "ebit": "6878000", "ebitda": "9996000", "netIncome": "6397000"}, {"fiscalDateEnding": "2014-03-31", "reportedCurrency": "USD", "grossProfit": "32097000", "totalRevenue": "60061000", "costOfRevenue": "27964000", "costofGoodsAndServicesSold": "27964000", "operatingIncome": "9085000", "sellingGeneralAndAdministrative": "16109000", "researchAndDevelopment": "15603000", "operatingExpenses": "31712000", "investmentIncomeNet": "None", "netInterestIncome": "None", "interestIncome": "None", "interestExpense": "190000", "nonInterestIncome": "None", "otherNonOperatingIncome": "190000", "depreciation": "None", "depreciationAndAmortization": "3182000", "incomeBeforeTax": "9275000", "incomeTaxExpense": "257000", "interestAndDebtExpense": "None", "netIncomeFromContinuingOperations": "9018000", "comprehensiveIncomeNetOfTax": "None", "ebit": "385000", "ebitda": "3567000", "netIncome": "9018000"}, {"fiscalDateEnding": "2013-12-31", "reportedCurrency": "USD", "grossProfit": "34294000", "totalRevenue": "63560000", "costOfRevenue": "29266000", "costofGoodsAndServicesSold": "29266000", "operatingIncome": "8040000", "sellingGeneralAndAdministrative": "13683000", "researchAndDevelopment": "12487000", "operatingExpenses": "26170000", "investmentIncomeNet": "None", "netInterestIncome": "None", "interestIncome": "None", "interestExpense": "0", "nonInterestIncome": "None", "otherNonOperatingIncome": "-57000", "depreciation": "None", "depreciationAndAmortization": "3200000", "incomeBeforeTax": "7983000", "incomeTaxExpense": "484000", "interestAndDebtExpense": "None", "netIncomeFromContinuingOperations": "7500000", "comprehensiveIncomeNetOfTax": "None", "ebit": "8124000", "ebitda": "11324000", "netIncome": "7499000"}, {"fiscalDateEnding": "2013-09-30", "reportedCurrency": "USD", "grossProfit": "35294000", "totalRevenue": "65347000", "costOfRevenue": "30053000", "costofGoodsAndServicesSold": "30053000", "operatingIncome": "8656000", "sellingGeneralAndAdministrative": "13891000", "researchAndDevelopment": "12643000", "operatingExpenses": "26534000", "investmentIncomeNet": "None", "netInterestIncome": "None", "interestIncome": "None", "interestExpense": "59000", "nonInterestIncome": "None", "otherNonOperatingIncome": "-59000", "depreciation": "None", "depreciationAndAmortization": "3249000", "incomeBeforeTax": "8597000", "incomeTaxExpense": "1187000", "interestAndDebtExpense": "None", "netIncomeFromContinuingOperations": "7410000", "comprehensiveIncomeNetOfTax": "None", "ebit": "8760000", "ebitda": "12009000", "netIncome": "7410000"}, {"fiscalDateEnding": "2013-06-30", "reportedCurrency": "USD", "grossProfit": "30928000", "totalRevenue": "57714000", "costOfRevenue": "26786000", "costofGoodsAndServicesSold": "26786000", "operatingIncome": "4914000", "sellingGeneralAndAdministrative": "13793000", "researchAndDevelopment": "12478000", "operatingExpenses": "26271000", "investmentIncomeNet": "None", "netInterestIncome": "None", "interestIncome": "None", "interestExpense": "0", "nonInterestIncome": "None", "otherNonOperatingIncome": "218000", "depreciation": "None", "depreciationAndAmortization": "3002000", "incomeBeforeTax": "5132000", "incomeTaxExpense": "-357000", "interestAndDebtExpense": "None", "netIncomeFromContinuingOperations": "5489000", "comprehensiveIncomeNetOfTax": "None", "ebit": "4657000", "ebitda": "7659000", "netIncome": "5489000"}, {"fiscalDateEnding": "2013-03-31", "reportedCurrency": "USD", "grossProfit": "27385000", "totalRevenue": "51470000", "costOfRevenue": "24085000", "costofGoodsAndServicesSold": "24085000", "operatingIncome": "2305000", "sellingGeneralAndAdministrative": "13258000", "researchAndDevelopment": "12123000", "operatingExpenses": "25381000", "investmentIncomeNet": "None", "netInterestIncome": "None", "interestIncome": "None", "interestExpense": "10000", "nonInterestIncome": "None", "otherNonOperatingIncome": "-10000", "depreciation": "None", "depreciationAndAmortization": "2709000", "incomeBeforeTax": "2295000", "incomeTaxExpense": "-204000", "interestAndDebtExpense": "None", "netIncomeFromContinuingOperations": "2499000", "comprehensiveIncomeNetOfTax": "None", "ebit": "2004000", "ebitda": "4713000", "netIncome": "2499000"}, {"fiscalDateEnding": "2012-12-31", "reportedCurrency": "USD", "grossProfit": "25553000", "totalRevenue": "48214000", "costOfRevenue": "22661000", "costofGoodsAndServicesSold": "22661000", "operatingIncome": "980000", "sellingGeneralAndAdministrative": "13930000", "researchAndDevelopment": "13243000", "operatingExpenses": "27173000", "investmentIncomeNet": "None", "netInterestIncome": "None", "interestIncome": "None", "interestExpense": "51000", "nonInterestIncome": "None", "otherNonOperatingIncome": "None", "depreciation": "None", "depreciationAndAmortization": "2466000", "incomeBeforeTax": "970000", "incomeTaxExpense": "722000", "interestAndDebtExpense": "None", "netIncomeFromContinuingOperations": "0", "comprehensiveIncomeNetOfTax": "None", "ebit": "-1620000", "ebitda": "846000", "netIncome": "248000"}, {"fiscalDateEnding": "2012-09-30", "reportedCurrency": "USD", "grossProfit": "30013000", "totalRevenue": "56508000", "costOfRevenue": "26495000", "costofGoodsAndServicesSold": "26495000", "operatingIncome": "6320000", "sellingGeneralAndAdministrative": "11955000", "researchAndDevelopment": "11967000", "operatingExpenses": "23693000", "investmentIncomeNet": "None", "netInterestIncome": "None", "interestIncome": "None", "interestExpense": "0", "nonInterestIncome": "None", "otherNonOperatingIncome": "156000", "depreciation": "None", "depreciationAndAmortization": "2413000", "incomeBeforeTax": "6476000", "incomeTaxExpense": "555000", "interestAndDebtExpense": "None", "netIncomeFromContinuingOperations": "5921000", "comprehensiveIncomeNetOfTax": "None", "ebit": "6091000", "ebitda": "8504000", "netIncome": "5921000"}, {"fiscalDateEnding": "2012-06-30", "reportedCurrency": "USD", "grossProfit": "31172000", "totalRevenue": "58607000", "costOfRevenue": "27435000", "costofGoodsAndServicesSold": "27435000", "operatingIncome": "6781000", "sellingGeneralAndAdministrative": "12167000", "researchAndDevelopment": "12468000", "operatingExpenses": "24635000", "investmentIncomeNet": "None", "netInterestIncome": "None", "interestIncome": "None", "interestExpense": "0", "nonInterestIncome": "None", "otherNonOperatingIncome": "359000", "depreciation": "None", "depreciationAndAmortization": "2269000", "incomeBeforeTax": "7140000", "incomeTaxExpense": "548000", "interestAndDebtExpense": "None", "netIncomeFromContinuingOperations": "6592000", "comprehensiveIncomeNetOfTax": "None", "ebit": "6537000", "ebitda": "8806000", "netIncome": "6592000"}, {"fiscalDateEnding": "2012-03-31", "reportedCurrency": "USD", "grossProfit": "26410000", "totalRevenue": "50484000", "costOfRevenue": "24074000", "costofGoodsAndServicesSold": "24074000", "operatingIncome": "3198000", "sellingGeneralAndAdministrative": "11966000", "researchAndDevelopment": "11118000", "operatingExpenses": "23084000", "investmentIncomeNet": "None", "netInterestIncome": "None", "interestIncome": "None", "interestExpense": "51000", "nonInterestIncome": "None", "otherNonOperatingIncome": "157000", "depreciation": "None", "depreciationAndAmortization": "2184000", "incomeBeforeTax": "3304000", "incomeTaxExpense": "309000", "interestAndDebtExpense": "None", "netIncomeFromContinuingOperations": "2995000", "comprehensiveIncomeNetOfTax": "None", "ebit": "3326000", "ebitda": "5510000", "netIncome": "2995000"}, {"fiscalDateEnding": "2011-12-31", "reportedCurrency": "USD", "grossProfit": "24917000", "totalRevenue": "47461000", "costOfRevenue": "22544000", "costofGoodsAndServicesSold": "22544000", "operatingIncome": "2411000", "sellingGeneralAndAdministrative": "10198000", "researchAndDevelopment": "11403000", "operatingExpenses": "21601000", "investmentIncomeNet": "None", "netInterestIncome": "None", "interestIncome": "None", "interestExpense": "324000", "nonInterestIncome": "None", "otherNonOperatingIncome": "None", "depreciation": "None", "depreciationAndAmortization": "2182000", "incomeBeforeTax": "2510000", "incomeTaxExpense": "57000", "interestAndDebtExpense": "None", "netIncomeFromContinuingOperations": "0", "comprehensiveIncomeNetOfTax": "None", "ebit": "5256000", "ebitda": "7438000", "netIncome": "2453000"}, {"fiscalDateEnding": "2011-09-30", "reportedCurrency": "USD", "grossProfit": "27814000", "totalRevenue": "52962000", "costOfRevenue": "25148000", "costofGoodsAndServicesSold": "25148000", "operatingIncome": "5051000", "sellingGeneralAndAdministrative": "10249000", "researchAndDevelopment": "11792000", "operatingExpenses": "22041000", "investmentIncomeNet": "None", "netInterestIncome": "None", "interestIncome": "None", "interestExpense": "100000", "nonInterestIncome": "None", "otherNonOperatingIncome": "103000", "depreciation": "None", "depreciationAndAmortization": "2175000", "incomeBeforeTax": "5054000", "incomeTaxExpense": "-419000", "interestAndDebtExpense": "None", "netIncomeFromContinuingOperations": "5473000", "comprehensiveIncomeNetOfTax": "None", "ebit": "5773000", "ebitda": "7948000", "netIncome": "5473000"}, {"fiscalDateEnding": "2011-06-30", "reportedCurrency": "USD", "grossProfit": "26558000", "totalRevenue": "51628000", "costOfRevenue": "25070000", "costofGoodsAndServicesSold": "25070000", "operatingIncome": "4039000", "sellingGeneralAndAdministrative": "10343000", "researchAndDevelopment": "11237000", "operatingExpenses": "21580000", "investmentIncomeNet": "None", "netInterestIncome": "None", "interestIncome": "None", "interestExpense": "136000", "nonInterestIncome": "None", "otherNonOperatingIncome": "None", "depreciation": "None", "depreciationAndAmortization": "2105000", "incomeBeforeTax": "4063000", "incomeTaxExpense": "581000", "interestAndDebtExpense": "None", "netIncomeFromContinuingOperations": "3482000", "comprehensiveIncomeNetOfTax": "None", "ebit": "3033000", "ebitda": "5138000", "netIncome": "3482000"}, {"fiscalDateEnding": "2011-03-31", "reportedCurrency": "USD", "grossProfit": "22305000", "totalRevenue": "44468000", "costOfRevenue": "22163000", "costofGoodsAndServicesSold": "22163000", "operatingIncome": "1916000", "sellingGeneralAndAdministrative": "10303000", "researchAndDevelopment": "10086000", "operatingExpenses": "20389000", "investmentIncomeNet": "None", "netInterestIncome": "None", "interestIncome": "None", "interestExpense": "88000", "nonInterestIncome": "None", "otherNonOperatingIncome": "None", "depreciation": "None", "depreciationAndAmortization": "2270000", "incomeBeforeTax": "2099000", "incomeTaxExpense": "206000", "interestAndDebtExpense": "None", "netIncomeFromContinuingOperations": "0", "comprehensiveIncomeNetOfTax": "None", "ebit": "2187000", "ebitda": "4457000", "netIncome": "1893000"}, {"fiscalDateEnding": "2010-12-31", "reportedCurrency": "USD", "grossProfit": "23741000", "totalRevenue": "47057000", "costOfRevenue": "23316000", "costofGoodsAndServicesSold": "23316000", "operatingIncome": "3961000", "sellingGeneralAndAdministrative": "9524000", "researchAndDevelopment": "10256000", "operatingExpenses": "19780000", "investmentIncomeNet": "None", "netInterestIncome": "None", "interestIncome": "None", "interestExpense": "163000", "nonInterestIncome": "None", "otherNonOperatingIncome": "None", "depreciation": "None", "depreciationAndAmortization": "2392000", "incomeBeforeTax": "4121000", "incomeTaxExpense": "540000", "interestAndDebtExpense": "None", "netIncomeFromContinuingOperations": "0", "comprehensiveIncomeNetOfTax": "None", "ebit": "3036000", "ebitda": "5428000", "netIncome": "3581000"}, {"fiscalDateEnding": "2010-09-30", "reportedCurrency": "USD", "grossProfit": "35986000", "totalRevenue": "65843000", "costOfRevenue": "29857000", "costofGoodsAndServicesSold": "29857000", "operatingIncome": "13435000", "sellingGeneralAndAdministrative": "11260000", "researchAndDevelopment": "11291000", "operatingExpenses": "22551000", "investmentIncomeNet": "None", "netInterestIncome": "None", "interestIncome": "None", "interestExpense": "159000", "nonInterestIncome": "None", "otherNonOperatingIncome": "None", "depreciation": "None", "depreciationAndAmortization": "2020000", "incomeBeforeTax": "13516000", "incomeTaxExpense": "297000", "interestAndDebtExpense": "None", "netIncomeFromContinuingOperations": "0", "comprehensiveIncomeNetOfTax": "None", "ebit": "13675000", "ebitda": "15695000", "netIncome": "13219000"}, {"fiscalDateEnding": "2010-06-30", "reportedCurrency": "USD", "grossProfit": "32434000", "totalRevenue": "55690000", "costOfRevenue": "23256000", "costofGoodsAndServicesSold": "23256000", "operatingIncome": "6806000", "sellingGeneralAndAdministrative": "13843000", "researchAndDevelopment": "11785000", "operatingExpenses": "25628000", "investmentIncomeNet": "None", "netInterestIncome": "None", "interestIncome": "None", "interestExpense": "4000", "nonInterestIncome": "None", "otherNonOperatingIncome": "None", "depreciation": "None", "depreciationAndAmortization": "1881000", "incomeBeforeTax": "7140000", "incomeTaxExpense": "733000", "interestAndDebtExpense": "None", "netIncomeFromContinuingOperations": "0", "comprehensiveIncomeNetOfTax": "None", "ebit": "7144000", "ebitda": "9025000", "netIncome": "6407000"}, {"fiscalDateEnding": "2010-03-31", "reportedCurrency": "USD", "grossProfit": "29296000", "totalRevenue": "50250000", "costOfRevenue": "20954000", "costofGoodsAndServicesSold": "20954000", "operatingIncome": "6296000", "sellingGeneralAndAdministrative": "11960000", "researchAndDevelopment": "11040000", "operatingExpenses": "23000000", "investmentIncomeNet": "None", "netInterestIncome": "None", "interestIncome": "None", "interestExpense": "0", "nonInterestIncome": "None", "otherNonOperatingIncome": "None", "depreciation": "None", "depreciationAndAmortization": "1723000", "incomeBeforeTax": "6643000", "incomeTaxExpense": "287000", "interestAndDebtExpense": "None", "netIncomeFromContinuingOperations": "0", "comprehensiveIncomeNetOfTax": "None", "ebit": "4920000", "ebitda": "6643000", "netIncome": "6356000"}, {"fiscalDateEnding": "2009-12-31", "reportedCurrency": "USD", "grossProfit": "27339000", "totalRevenue": "46547000", "costOfRevenue": "19208000", "costofGoodsAndServicesSold": "19208000", "operatingIncome": "4421000", "sellingGeneralAndAdministrative": "13286000", "researchAndDevelopment": "10366000", "operatingExpenses": "22918000", "investmentIncomeNet": "None", "netInterestIncome": "None", "interestIncome": "None", "interestExpense": "355000", "nonInterestIncome": "None", "otherNonOperatingIncome": "None", "depreciation": "None", "depreciationAndAmortization": "1706000", "incomeBeforeTax": "4567000", "incomeTaxExpense": "-87000", "interestAndDebtExpense": "None", "netIncomeFromContinuingOperations": "0", "comprehensiveIncomeNetOfTax": "None", "ebit": "3594000", "ebitda": "5300000", "netIncome": "4654000"}, {"fiscalDateEnding": "2009-09-30", "reportedCurrency": "USD", "grossProfit": "29098000", "totalRevenue": "47966000", "costOfRevenue": "18868000", "costofGoodsAndServicesSold": "18868000", "operatingIncome": "13125000", "sellingGeneralAndAdministrative": "9438000", "researchAndDevelopment": "10080000", "operatingExpenses": "15973000", "investmentIncomeNet": "None", "netInterestIncome": "None", "interestIncome": "None", "interestExpense": "76000", "nonInterestIncome": "None", "otherNonOperatingIncome": "None", "depreciation": "None", "depreciationAndAmortization": "1718000", "incomeBeforeTax": "13210000", "incomeTaxExpense": "648000", "interestAndDebtExpense": "None", "netIncomeFromContinuingOperations": "0", "comprehensiveIncomeNetOfTax": "None", "ebit": "13286000", "ebitda": "15004000", "netIncome": "12562000"}, {"fiscalDateEnding": "2009-06-30", "reportedCurrency": "USD", "grossProfit": "24350000", "totalRevenue": "41173000", "costOfRevenue": "16823000", "costofGoodsAndServicesSold": "16823000", "operatingIncome": "3064000", "sellingGeneralAndAdministrative": "9321000", "researchAndDevelopment": "9732000", "operatingExpenses": "19053000", "investmentIncomeNet": "None", "netInterestIncome": "None", "interestIncome": "None", "interestExpense": "185000", "nonInterestIncome": "None", "otherNonOperatingIncome": "None", "depreciation": "None", "depreciationAndAmortization": "1612000", "incomeBeforeTax": "3160000", "incomeTaxExpense": "-26000", "interestAndDebtExpense": "None", "netIncomeFromContinuingOperations": "0", "comprehensiveIncomeNetOfTax": "None", "ebit": "3345000", "ebitda": "4957000", "netIncome": "3186000"}, {"fiscalDateEnding": "2009-03-31", "reportedCurrency": "USD", "grossProfit": "16891000", "totalRevenue": "29322000", "costOfRevenue": "12431000", "costofGoodsAndServicesSold": "12431000", "operatingIncome": "-1080000", "sellingGeneralAndAdministrative": "7808000", "researchAndDevelopment": "8117000", "operatingExpenses": "15925000", "investmentIncomeNet": "None", "netInterestIncome": "None", "interestIncome": "None", "interestExpense": "94000", "nonInterestIncome": "None", "otherNonOperatingIncome": "None", "depreciation": "None", "depreciationAndAmortization": "1537000", "incomeBeforeTax": "-789000", "incomeTaxExpense": "-61000", "interestAndDebtExpense": "None", "netIncomeFromContinuingOperations": "0", "comprehensiveIncomeNetOfTax": "None", "ebit": "-695000", "ebitda": "842000", "netIncome": "-728000"}, {"fiscalDateEnding": "2008-12-31", "reportedCurrency": "USD", "grossProfit": "20145000", "totalRevenue": "34709000", "costOfRevenue": "14564000", "costofGoodsAndServicesSold": "14564000", "operatingIncome": "2239000", "sellingGeneralAndAdministrative": "8056000", "researchAndDevelopment": "9256000", "operatingExpenses": "11192000", "investmentIncomeNet": "None", "netInterestIncome": "None", "interestIncome": "None", "interestExpense": "0", "nonInterestIncome": "None", "otherNonOperatingIncome": "None", "depreciation": "None", "depreciationAndAmortization": "1514000", "incomeBeforeTax": "2753000", "incomeTaxExpense": "-481000", "interestAndDebtExpense": "None", "netIncomeFromContinuingOperations": "0", "comprehensiveIncomeNetOfTax": "None", "ebit": "8953000", "ebitda": "10467000", "netIncome": "3234000"}, {"fiscalDateEnding": "2008-09-30", "reportedCurrency": "USD", "grossProfit": "30690000", "totalRevenue": "48891000", "costOfRevenue": "18201000", "costofGoodsAndServicesSold": "18201000", "operatingIncome": "10620000", "sellingGeneralAndAdministrative": "9560000", "researchAndDevelopment": "9420000", "operatingExpenses": "20070000", "investmentIncomeNet": "None", "netInterestIncome": "None", "interestIncome": "None", "interestExpense": "389000", "nonInterestIncome": "None", "otherNonOperatingIncome": "None", "depreciation": "None", "depreciationAndAmortization": "1455000", "incomeBeforeTax": "10915000", "incomeTaxExpense": "458000", "interestAndDebtExpense": "None", "netIncomeFromContinuingOperations": "0", "comprehensiveIncomeNetOfTax": "None", "ebit": "9165000", "ebitda": "10620000", "netIncome": "10457000"}, {"fiscalDateEnding": "2008-06-30", "reportedCurrency": "USD", "grossProfit": "26127000", "totalRevenue": "41502000", "costOfRevenue": "15375000", "costofGoodsAndServicesSold": "15375000", "operatingIncome": "4319000", "sellingGeneralAndAdministrative": "8912000", "researchAndDevelopment": "8602000", "operatingExpenses": "21808000", "investmentIncomeNet": "None", "netInterestIncome": "None", "interestIncome": "None", "interestExpense": "112000", "nonInterestIncome": "None", "otherNonOperatingIncome": "None", "depreciation": "None", "depreciationAndAmortization": "1425000", "incomeBeforeTax": "5017000", "incomeTaxExpense": "417000", "interestAndDebtExpense": "None", "netIncomeFromContinuingOperations": "0", "comprehensiveIncomeNetOfTax": "None", "ebit": "2894000", "ebitda": "4319000", "netIncome": "4600000"}, {"fiscalDateEnding": "2008-03-31", "reportedCurrency": "USD", "grossProfit": "22365000", "totalRevenue": "35409000", "costOfRevenue": "13044000", "costofGoodsAndServicesSold": "13044000", "operatingIncome": "5329000", "sellingGeneralAndAdministrative": "8728000", "researchAndDevelopment": "7572000", "operatingExpenses": "17036000", "investmentIncomeNet": "None", "netInterestIncome": "None", "interestIncome": "None", "interestExpense": "6000", "nonInterestIncome": "None", "otherNonOperatingIncome": "None", "depreciation": "None", "depreciationAndAmortization": "1331000", "incomeBeforeTax": "6757000", "incomeTaxExpense": "822000", "interestAndDebtExpense": "None", "netIncomeFromContinuingOperations": "0", "comprehensiveIncomeNetOfTax": "None", "ebit": "3998000", "ebitda": "5329000", "netIncome": "5935000"}, {"fiscalDateEnding": "2007-12-31", "reportedCurrency": "USD", "grossProfit": "24580000", "totalRevenue": "38487000", "costOfRevenue": "13907000", "costofGoodsAndServicesSold": "13907000", "operatingIncome": "7895000", "sellingGeneralAndAdministrative": "8150000", "researchAndDevelopment": "7493000", "operatingExpenses": "16685000", "investmentIncomeNet": "None", "netInterestIncome": "None", "interestIncome": "None", "interestExpense": "0", "nonInterestIncome": "None", "otherNonOperatingIncome": "None", "depreciation": "None", "depreciationAndAmortization": "1222000", "incomeBeforeTax": "9119000", "incomeTaxExpense": "1784000", "interestAndDebtExpense": "None", "netIncomeFromContinuingOperations": "0", "comprehensiveIncomeNetOfTax": "None", "ebit": "7895000", "ebitda": "9117000", "netIncome": "7335000"}, {"fiscalDateEnding": "2007-09-30", "reportedCurrency": "USD", "grossProfit": "25526000", "totalRevenue": "40188000", "costOfRevenue": "14662000", "costofGoodsAndServicesSold": "14662000", "operatingIncome": "8514000", "sellingGeneralAndAdministrative": "8071000", "researchAndDevelopment": "7489000", "operatingExpenses": "17012000", "investmentIncomeNet": "None", "netInterestIncome": "None", "interestIncome": "None", "interestExpense": "8000", "nonInterestIncome": "None", "otherNonOperatingIncome": "None", "depreciation": "None", "depreciationAndAmortization": "1090000", "incomeBeforeTax": "9745000", "incomeTaxExpense": "1475000", "interestAndDebtExpense": "None", "netIncomeFromContinuingOperations": "0", "comprehensiveIncomeNetOfTax": "None", "ebit": "7424000", "ebitda": "8514000", "netIncome": "8993000"}, {"fiscalDateEnding": "2007-06-30", "reportedCurrency": "USD", "grossProfit": "19585000", "totalRevenue": "30833000", "costOfRevenue": "11248000", "costofGoodsAndServicesSold": "11248000", "operatingIncome": "-7294000", "sellingGeneralAndAdministrative": "7119000", "researchAndDevelopment": "6428000", "operatingExpenses": "26879000", "investmentIncomeNet": "None", "netInterestIncome": "None", "interestIncome": "None", "interestExpense": "22000", "nonInterestIncome": "None", "otherNonOperatingIncome": "None", "depreciation": "None", "depreciationAndAmortization": "997000", "incomeBeforeTax": "-6147000", "incomeTaxExpense": "227000", "interestAndDebtExpense": "None", "netIncomeFromContinuingOperations": "0", "comprehensiveIncomeNetOfTax": "None", "ebit": "-7294000", "ebitda": "-6297000", "netIncome": "-6374000"}, {"fiscalDateEnding": "2007-03-31", "reportedCurrency": "USD", "grossProfit": "15533000", "totalRevenue": "24496000", "costOfRevenue": "8963000", "costofGoodsAndServicesSold": "8963000", "operatingIncome": "557000", "sellingGeneralAndAdministrative": "6197000", "researchAndDevelopment": "5932000", "operatingExpenses": "14976000", "investmentIncomeNet": "None", "netInterestIncome": "None", "interestIncome": "None", "interestExpense": "7000", "nonInterestIncome": "None", "otherNonOperatingIncome": "None", "depreciation": "None", "depreciationAndAmortization": "875000", "incomeBeforeTax": "1557000", "incomeTaxExpense": "1495000", "interestAndDebtExpense": "None", "netIncomeFromContinuingOperations": "0", "comprehensiveIncomeNetOfTax": "None", "ebit": "-318000", "ebitda": "557000", "netIncome": "62000"}, {"fiscalDateEnding": "2006-12-31", "reportedCurrency": "USD", "grossProfit": "16877000", "totalRevenue": "26396000", "costOfRevenue": "9519000", "costofGoodsAndServicesSold": "9519000", "operatingIncome": "1248000", "sellingGeneralAndAdministrative": "6591000", "researchAndDevelopment": "5910000", "operatingExpenses": "15629000", "investmentIncomeNet": "None", "netInterestIncome": "None", "interestIncome": "None", "interestExpense": "0", "nonInterestIncome": "None", "otherNonOperatingIncome": "None", "depreciation": "None", "depreciationAndAmortization": "12285000", "incomeBeforeTax": "1976000", "incomeTaxExpense": "3618000", "interestAndDebtExpense": "None", "netIncomeFromContinuingOperations": "0", "comprehensiveIncomeNetOfTax": "None", "ebit": "1248000", "ebitda": "13533000", "netIncome": "-1642000"}, {"fiscalDateEnding": "2006-09-30", "reportedCurrency": "USD", "grossProfit": "17873000", "totalRevenue": "27255000", "costOfRevenue": "9382000", "costofGoodsAndServicesSold": "9382000", "operatingIncome": "-666000", "sellingGeneralAndAdministrative": "6877000", "researchAndDevelopment": "5897000", "operatingExpenses": "18539000", "investmentIncomeNet": "None", "netInterestIncome": "None", "interestIncome": "None", "interestExpense": "71000", "nonInterestIncome": "None", "otherNonOperatingIncome": "None", "depreciation": "None", "depreciationAndAmortization": "699000", "incomeBeforeTax": "-75000", "incomeTaxExpense": "1797000", "interestAndDebtExpense": "None", "netIncomeFromContinuingOperations": "0", "comprehensiveIncomeNetOfTax": "None", "ebit": "-666000", "ebitda": "33000", "netIncome": "-1872000"}, {"fiscalDateEnding": "2006-06-30", "reportedCurrency": "USD", "grossProfit": "16768000", "totalRevenue": "26601000", "costOfRevenue": "9833000", "costofGoodsAndServicesSold": "9833000", "operatingIncome": "1821000", "sellingGeneralAndAdministrative": "6699000", "researchAndDevelopment": "5427000", "operatingExpenses": "14947000", "investmentIncomeNet": "None", "netInterestIncome": "None", "interestIncome": "None", "interestExpense": "110000", "nonInterestIncome": "None", "otherNonOperatingIncome": "None", "depreciation": "None", "depreciationAndAmortization": "716000", "incomeBeforeTax": "2337000", "incomeTaxExpense": "1278000", "interestAndDebtExpense": "None", "netIncomeFromContinuingOperations": "0", "comprehensiveIncomeNetOfTax": "None", "ebit": "1105000", "ebitda": "1821000", "netIncome": "1059000"}, {"fiscalDateEnding": "2006-03-31", "reportedCurrency": "USD", "grossProfit": "15390000", "totalRevenue": "24763000", "costOfRevenue": "9373000", "costofGoodsAndServicesSold": "9373000", "operatingIncome": "-1168000", "sellingGeneralAndAdministrative": "7427000", "researchAndDevelopment": "5067000", "operatingExpenses": "16558000", "investmentIncomeNet": "None", "netInterestIncome": "None", "interestIncome": "None", "interestExpense": "70000", "nonInterestIncome": "None", "otherNonOperatingIncome": "None", "depreciation": "None", "depreciationAndAmortization": "548000", "incomeBeforeTax": "-639000", "incomeTaxExpense": "-231000", "interestAndDebtExpense": "None", "netIncomeFromContinuingOperations": "0", "comprehensiveIncomeNetOfTax": "None", "ebit": "-1168000", "ebitda": "-620000", "netIncome": "-408000"}, {"fiscalDateEnding": "2005-12-31", "reportedCurrency": "USD", "grossProfit": "20814000", "totalRevenue": "32531000", "costOfRevenue": "11717000", "costofGoodsAndServicesSold": "11717000", "operatingIncome": "14050000", "sellingGeneralAndAdministrative": "15295000", "researchAndDevelopment": "3469000", "operatingExpenses": "6764000", "investmentIncomeNet": "None", "netInterestIncome": "None", "interestIncome": "None", "interestExpense": "0", "nonInterestIncome": "None", "otherNonOperatingIncome": "None", "depreciation": "None", "depreciationAndAmortization": "1689000", "incomeBeforeTax": "14708000", "incomeTaxExpense": "5451000", "interestAndDebtExpense": "None", "netIncomeFromContinuingOperations": "0", "comprehensiveIncomeNetOfTax": "None", "ebit": "14050000", "ebitda": "15739000", "netIncome": "9257000"}, {"fiscalDateEnding": "2005-09-30", "reportedCurrency": "USD", "grossProfit": "19110000", "totalRevenue": "29706000", "costOfRevenue": "10596000", "costofGoodsAndServicesSold": "10596000", "operatingIncome": "6572000", "sellingGeneralAndAdministrative": "8388000", "researchAndDevelopment": "4150000", "operatingExpenses": "12538000", "investmentIncomeNet": "None", "netInterestIncome": "None", "interestIncome": "None", "interestExpense": "0", "nonInterestIncome": "None", "otherNonOperatingIncome": "None", "depreciation": "None", "depreciationAndAmortization": "1148000", "incomeBeforeTax": "6899000", "incomeTaxExpense": "2914000", "interestAndDebtExpense": "None", "netIncomeFromContinuingOperations": "0", "comprehensiveIncomeNetOfTax": "None", "ebit": "6572000", "ebitda": "7720000", "netIncome": "3985000"}, {"fiscalDateEnding": "2005-06-30", "reportedCurrency": "USD", "grossProfit": "14102000", "totalRevenue": "22257000", "costOfRevenue": "8155000", "costofGoodsAndServicesSold": "8155000", "operatingIncome": "-11944000", "sellingGeneralAndAdministrative": "10127000", "researchAndDevelopment": "3919000", "operatingExpenses": "26046000", "investmentIncomeNet": "None", "netInterestIncome": "None", "interestIncome": "None", "interestExpense": "0", "nonInterestIncome": "None", "otherNonOperatingIncome": "None", "depreciation": "None", "depreciationAndAmortization": "2158053", "incomeBeforeTax": "-11668000", "incomeTaxExpense": "-4955000", "interestAndDebtExpense": "None", "netIncomeFromContinuingOperations": "0", "comprehensiveIncomeNetOfTax": "None", "ebit": "101000", "ebitda": "2259053", "netIncome": "-6713000"}, {"fiscalDateEnding": "2005-03-31", "reportedCurrency": "USD", "grossProfit": "9101595", "totalRevenue": "14637009", "costOfRevenue": "5535414", "costofGoodsAndServicesSold": "5535414", "operatingIncome": "-2214373", "sellingGeneralAndAdministrative": "8912073", "researchAndDevelopment": "2403895", "operatingExpenses": "11315968", "investmentIncomeNet": "None", "netInterestIncome": "None", "interestIncome": "None", "interestExpense": "41199000", "nonInterestIncome": "None", "otherNonOperatingIncome": "None", "depreciation": "None", "depreciationAndAmortization": "2107947", "incomeBeforeTax": "-1882968", "incomeTaxExpense": "-461000", "interestAndDebtExpense": "None", "netIncomeFromContinuingOperations": "0", "comprehensiveIncomeNetOfTax": "None", "ebit": "-3876947", "ebitda": "-1769000", "netIncome": "-1421968"}, {"fiscalDateEnding": "2004-12-31", "reportedCurrency": "USD", "grossProfit": "9142170", "totalRevenue": "14799199", "costOfRevenue": "5657029", "costofGoodsAndServicesSold": "5657029", "operatingIncome": "-745529", "sellingGeneralAndAdministrative": "7619979", "researchAndDevelopment": "2267720", "operatingExpenses": "9887699", "investmentIncomeNet": "None", "netInterestIncome": "None", "interestIncome": "None", "interestExpense": "93118000", "nonInterestIncome": "None", "otherNonOperatingIncome": "None", "depreciation": "None", "depreciationAndAmortization": "3441753", "incomeBeforeTax": "-5452025000", "incomeTaxExpense": "182225000", "interestAndDebtExpense": "None", "netIncomeFromContinuingOperations": "0", "comprehensiveIncomeNetOfTax": "None", "ebit": "-745529", "ebitda": "2696224", "netIncome": "319392"}]}