{"symbol": "EXPE", "annualReports": [{"fiscalDateEnding": "2024-12-31", "reportedCurrency": "USD", "grossProfit": "12248000000", "totalRevenue": "13691000000", "costOfRevenue": "1443000000", "costofGoodsAndServicesSold": "1443000000", "operatingIncome": "1319000000", "sellingGeneralAndAdministrative": "805000000", "researchAndDevelopment": "1314000000", "operatingExpenses": "10929000000", "investmentIncomeNet": "None", "netInterestIncome": "-11000000", "interestIncome": "235000000", "interestExpense": "246000000", "nonInterestIncome": "None", "otherNonOperatingIncome": "None", "depreciation": "None", "depreciationAndAmortization": "838000000", "incomeBeforeTax": "1542000000", "incomeTaxExpense": "318000000", "interestAndDebtExpense": "None", "netIncomeFromContinuingOperations": "1224000000", "comprehensiveIncomeNetOfTax": "None", "ebit": "1788000000", "ebitda": "2626000000", "netIncome": "1234000000"}, {"fiscalDateEnding": "2023-12-31", "reportedCurrency": "USD", "grossProfit": "11266000000", "totalRevenue": "12839000000", "costOfRevenue": "1573000000", "costofGoodsAndServicesSold": "1573000000", "operatingIncome": "1033000000", "sellingGeneralAndAdministrative": "771000000", "researchAndDevelopment": "1358000000", "operatingExpenses": "10210000000", "investmentIncomeNet": "None", "netInterestIncome": "-55000000", "interestIncome": "189000000", "interestExpense": "245000000", "nonInterestIncome": "None", "otherNonOperatingIncome": "None", "depreciation": "None", "depreciationAndAmortization": "807000000", "incomeBeforeTax": "1018000000", "incomeTaxExpense": "330000000", "interestAndDebtExpense": "None", "netIncomeFromContinuingOperations": "727000000", "comprehensiveIncomeNetOfTax": "None", "ebit": "1263000000", "ebitda": "2070000000", "netIncome": "797000000"}, {"fiscalDateEnding": "2022-12-31", "reportedCurrency": "USD", "grossProfit": "10010000000", "totalRevenue": "11667000000", "costOfRevenue": "1657000000", "costofGoodsAndServicesSold": "1657000000", "operatingIncome": "864000000", "sellingGeneralAndAdministrative": "748000000", "researchAndDevelopment": "1181000000", "operatingExpenses": "8821000000", "investmentIncomeNet": "None", "netInterestIncome": "-217000000", "interestIncome": "60000000", "interestExpense": "277000000", "nonInterestIncome": "None", "otherNonOperatingIncome": "-270000000", "depreciation": "None", "depreciationAndAmortization": "792000000", "incomeBeforeTax": "538000000", "incomeTaxExpense": "195000000", "interestAndDebtExpense": "None", "netIncomeFromContinuingOperations": "343000000", "comprehensiveIncomeNetOfTax": "None", "ebit": "815000000", "ebitda": "1607000000", "netIncome": "352000000"}, {"fiscalDateEnding": "2021-12-31", "reportedCurrency": "USD", "grossProfit": "7054000000", "totalRevenue": "8598000000", "costOfRevenue": "1522000000", "costofGoodsAndServicesSold": "1522000000", "operatingIncome": "186000000", "sellingGeneralAndAdministrative": "705000000", "researchAndDevelopment": "1074000000", "operatingExpenses": "6814000000", "investmentIncomeNet": "None", "netInterestIncome": "-342000000", "interestIncome": "9000000", "interestExpense": "351000000", "nonInterestIncome": "None", "otherNonOperatingIncome": "127000000", "depreciation": "None", "depreciationAndAmortization": "814000000", "incomeBeforeTax": "-38000000", "incomeTaxExpense": "53000000", "interestAndDebtExpense": "None", "netIncomeFromContinuingOperations": "15000000", "comprehensiveIncomeNetOfTax": "None", "ebit": "262000000", "ebitda": "1076000000", "netIncome": "12000000"}, {"fiscalDateEnding": "2020-12-31", "reportedCurrency": "USD", "grossProfit": "3519000000", "totalRevenue": "5199000000", "costOfRevenue": "1649000000", "costofGoodsAndServicesSold": "1649000000", "operatingIncome": "-2719000000", "sellingGeneralAndAdministrative": "597000000", "researchAndDevelopment": "1010000000", "operatingExpenses": "5046000000", "investmentIncomeNet": "None", "netInterestIncome": "-342000000", "interestIncome": "18000000", "interestExpense": "360000000", "nonInterestIncome": "None", "otherNonOperatingIncome": "-72000000", "depreciation": "None", "depreciationAndAmortization": "1068000000", "incomeBeforeTax": "-3151000000", "incomeTaxExpense": "-423000000", "interestAndDebtExpense": "None", "netIncomeFromContinuingOperations": "-2728000000", "comprehensiveIncomeNetOfTax": "None", "ebit": "-1496000000", "ebitda": "-428000000", "netIncome": "-2612000000"}, {"fiscalDateEnding": "2019-12-31", "reportedCurrency": "USD", "grossProfit": "9904000000", "totalRevenue": "12067000000", "costOfRevenue": "2066000000", "costofGoodsAndServicesSold": "2066000000", "operatingIncome": "903000000", "sellingGeneralAndAdministrative": "847000000", "researchAndDevelopment": "1763000000", "operatingExpenses": "8943000000", "investmentIncomeNet": "None", "netInterestIncome": "-114000000", "interestIncome": "59000000", "interestExpense": "173000000", "nonInterestIncome": "None", "otherNonOperatingIncome": "None", "depreciation": "None", "depreciationAndAmortization": "910000000", "incomeBeforeTax": "775000000", "incomeTaxExpense": "203000000", "interestAndDebtExpense": "None", "netIncomeFromContinuingOperations": "572000000", "comprehensiveIncomeNetOfTax": "None", "ebit": "941000000", "ebitda": "1851000000", "netIncome": "565000000"}, {"fiscalDateEnding": "2018-12-31", "reportedCurrency": "USD", "grossProfit": "9258000000", "totalRevenue": "11223000000", "costOfRevenue": "1965000000", "costofGoodsAndServicesSold": "1965000000", "operatingIncome": "714000000", "sellingGeneralAndAdministrative": "808000000", "researchAndDevelopment": "1617000000", "operatingExpenses": "8475000000", "investmentIncomeNet": "None", "netInterestIncome": "-119000000", "interestIncome": "71000000", "interestExpense": "190000000", "nonInterestIncome": "None", "otherNonOperatingIncome": "-39000000", "depreciation": "None", "depreciationAndAmortization": "959000000", "incomeBeforeTax": "485000000", "incomeTaxExpense": "87000000", "interestAndDebtExpense": "None", "netIncomeFromContinuingOperations": "398000000", "comprehensiveIncomeNetOfTax": "None", "ebit": "675000000", "ebitda": "1634000000", "netIncome": "406000000"}, {"fiscalDateEnding": "2017-12-31", "reportedCurrency": "USD", "grossProfit": "8303313000", "totalRevenue": "10059844000", "costOfRevenue": "1756531000", "costofGoodsAndServicesSold": "1756531000", "operatingIncome": "625138000", "sellingGeneralAndAdministrative": "675961000", "researchAndDevelopment": "1386787000", "operatingExpenses": "7636025000", "investmentIncomeNet": "None", "netInterestIncome": "-147575000", "interestIncome": "34137000", "interestExpense": "181712000", "nonInterestIncome": "None", "otherNonOperatingIncome": "-26662000", "depreciation": "None", "depreciationAndAmortization": "889544000", "incomeBeforeTax": "416764000", "incomeTaxExpense": "45405000", "interestAndDebtExpense": "None", "netIncomeFromContinuingOperations": "371359000", "comprehensiveIncomeNetOfTax": "None", "ebit": "598476000", "ebitda": "1488020000", "netIncome": "377964000"}, {"fiscalDateEnding": "2016-12-31", "reportedCurrency": "USD", "grossProfit": "7176866000", "totalRevenue": "8773564000", "costOfRevenue": "1596698000", "costofGoodsAndServicesSold": "1596698000", "operatingIncome": "461702000", "sellingGeneralAndAdministrative": "678292000", "researchAndDevelopment": "1235019000", "operatingExpenses": "6597869000", "investmentIncomeNet": "None", "netInterestIncome": "-153422000", "interestIncome": "19726000", "interestExpense": "173148000", "nonInterestIncome": "None", "otherNonOperatingIncome": "-11954000", "depreciation": "None", "depreciationAndAmortization": "794202000", "incomeBeforeTax": "276600000", "incomeTaxExpense": "15315000", "interestAndDebtExpense": "None", "netIncomeFromContinuingOperations": "261285000", "comprehensiveIncomeNetOfTax": "None", "ebit": "449748000", "ebitda": "1243950000", "netIncome": "281848000"}, {"fiscalDateEnding": "2015-12-31", "reportedCurrency": "USD", "grossProfit": "5362758000", "totalRevenue": "6672317000", "costOfRevenue": "1309559000", "costofGoodsAndServicesSold": "1309559000", "operatingIncome": "413566000", "sellingGeneralAndAdministrative": "573913000", "researchAndDevelopment": "830244000", "operatingExpenses": "4948908000", "investmentIncomeNet": "None", "netInterestIncome": "None", "interestIncome": "7326000", "interestExpense": "126195000", "nonInterestIncome": "None", "otherNonOperatingIncome": "638591000", "depreciation": "None", "depreciationAndAmortization": "500345000", "incomeBeforeTax": "925962000", "incomeTaxExpense": "203214000", "interestAndDebtExpense": "None", "netIncomeFromContinuingOperations": "722748000", "comprehensiveIncomeNetOfTax": "None", "ebit": "1044950000", "ebitda": "1545295000", "netIncome": "764465000"}, {"fiscalDateEnding": "2014-12-31", "reportedCurrency": "USD", "grossProfit": "4584404000", "totalRevenue": "5763485000", "costOfRevenue": "1179081000", "costofGoodsAndServicesSold": "1179081000", "operatingIncome": "517764000", "sellingGeneralAndAdministrative": "425373000", "researchAndDevelopment": "686154000", "operatingExpenses": "3999471000", "investmentIncomeNet": "None", "netInterestIncome": "None", "interestIncome": "None", "interestExpense": "98089000", "nonInterestIncome": "None", "otherNonOperatingIncome": "44966000", "depreciation": "None", "depreciationAndAmortization": "345432000", "incomeBeforeTax": "464641000", "incomeTaxExpense": "91691000", "interestAndDebtExpense": "None", "netIncomeFromContinuingOperations": "372950000", "comprehensiveIncomeNetOfTax": "None", "ebit": "559730000", "ebitda": "905162000", "netIncome": "398097000"}, {"fiscalDateEnding": "2013-12-31", "reportedCurrency": "USD", "grossProfit": "3733225000", "totalRevenue": "4771259000", "costOfRevenue": "1038034000", "costofGoodsAndServicesSold": "1038034000", "operatingIncome": "366060000", "sellingGeneralAndAdministrative": "377078000", "researchAndDevelopment": "577820000", "operatingExpenses": "3222774000", "investmentIncomeNet": "None", "netInterestIncome": "None", "interestIncome": "None", "interestExpense": "87358000", "nonInterestIncome": "None", "otherNonOperatingIncome": "21991000", "depreciation": "None", "depreciationAndAmortization": "283475000", "incomeBeforeTax": "300693000", "incomeTaxExpense": "84335000", "interestAndDebtExpense": "None", "netIncomeFromContinuingOperations": "216358000", "comprehensiveIncomeNetOfTax": "None", "ebit": "385051000", "ebitda": "668526000", "netIncome": "232850000"}, {"fiscalDateEnding": "2012-12-31", "reportedCurrency": "USD", "grossProfit": "3131743000", "totalRevenue": "4030347000", "costOfRevenue": "898604000", "costofGoodsAndServicesSold": "898604000", "operatingIncome": "431724000", "sellingGeneralAndAdministrative": "345354000", "researchAndDevelopment": "484898000", "operatingExpenses": "2582994000", "investmentIncomeNet": "None", "netInterestIncome": "None", "interestIncome": "None", "interestExpense": "87788000", "nonInterestIncome": "None", "otherNonOperatingIncome": "6121000", "depreciation": "None", "depreciationAndAmortization": "195952000", "incomeBeforeTax": "350057000", "incomeTaxExpense": "47078000", "interestAndDebtExpense": "None", "netIncomeFromContinuingOperations": "302979000", "comprehensiveIncomeNetOfTax": "None", "ebit": "437845000", "ebitda": "633797000", "netIncome": "280171000"}, {"fiscalDateEnding": "2011-12-31", "reportedCurrency": "USD", "grossProfit": "2687737000", "totalRevenue": "3449009000", "costOfRevenue": "761272000", "costofGoodsAndServicesSold": "761272000", "operatingIncome": "479609000", "sellingGeneralAndAdministrative": "330563000", "researchAndDevelopment": "380999000", "operatingExpenses": "2208128000", "investmentIncomeNet": "None", "netInterestIncome": "None", "interestIncome": "None", "interestExpense": "90718000", "nonInterestIncome": "None", "otherNonOperatingIncome": "13181000", "depreciation": "None", "depreciationAndAmortization": "154934000", "incomeBeforeTax": "402072000", "incomeTaxExpense": "75731000", "interestAndDebtExpense": "None", "netIncomeFromContinuingOperations": "326341000", "comprehensiveIncomeNetOfTax": "None", "ebit": "492790000", "ebitda": "647724000", "netIncome": "472294000"}, {"fiscalDateEnding": "2010-12-31", "reportedCurrency": "USD", "grossProfit": "2655277000", "totalRevenue": "3348109000", "costOfRevenue": "692832000", "costofGoodsAndServicesSold": "692832000", "operatingIncome": "731915000", "sellingGeneralAndAdministrative": "314109000", "researchAndDevelopment": "362447000", "operatingExpenses": "1917820000", "investmentIncomeNet": "None", "netInterestIncome": "None", "interestIncome": "None", "interestExpense": "101291000", "nonInterestIncome": "None", "otherNonOperatingIncome": "-10056000", "depreciation": "None", "depreciationAndAmortization": "155525000", "incomeBeforeTax": "620568000", "incomeTaxExpense": "195008000", "interestAndDebtExpense": "None", "netIncomeFromContinuingOperations": "425560000", "comprehensiveIncomeNetOfTax": "None", "ebit": "464787000", "ebitda": "620312000", "netIncome": "421500000"}, {"fiscalDateEnding": "2009-12-31", "reportedCurrency": "USD", "grossProfit": "2348175000", "totalRevenue": "2955426000", "costOfRevenue": "607251000", "costofGoodsAndServicesSold": "607251000", "operatingIncome": "571414000", "sellingGeneralAndAdministrative": "290484000", "researchAndDevelopment": "319708000", "operatingExpenses": "1742593000", "investmentIncomeNet": "None", "netInterestIncome": "None", "interestIncome": "None", "interestExpense": "84233000", "nonInterestIncome": "None", "otherNonOperatingIncome": "None", "depreciation": "None", "depreciationAndAmortization": "202124000", "incomeBeforeTax": "458023000", "incomeTaxExpense": "154400000", "interestAndDebtExpense": "None", "netIncomeFromContinuingOperations": "None", "comprehensiveIncomeNetOfTax": "None", "ebit": "480595000", "ebitda": "682719000", "netIncome": "299526000"}, {"fiscalDateEnding": "2008-12-31", "reportedCurrency": "USD", "grossProfit": "2302269000", "totalRevenue": "2937013000", "costOfRevenue": "634744000", "costofGoodsAndServicesSold": "634744000", "operatingIncome": "-2428953000", "sellingGeneralAndAdministrative": "355431000", "researchAndDevelopment": "208952000", "operatingExpenses": "1735222000", "investmentIncomeNet": "None", "netInterestIncome": "None", "interestIncome": "None", "interestExpense": "71984000", "nonInterestIncome": "None", "otherNonOperatingIncome": "None", "depreciation": "None", "depreciationAndAmortization": "207527000", "incomeBeforeTax": "-2514704000", "incomeTaxExpense": "5966000", "interestAndDebtExpense": "None", "netIncomeFromContinuingOperations": "None", "comprehensiveIncomeNetOfTax": "None", "ebit": "-2442720000", "ebitda": "-2235193000", "netIncome": "-2517763000"}, {"fiscalDateEnding": "2007-12-31", "reportedCurrency": "USD", "grossProfit": "2102931000", "totalRevenue": "2665332000", "costOfRevenue": "562401000", "costofGoodsAndServicesSold": "562401000", "operatingIncome": "529069000", "sellingGeneralAndAdministrative": "1313810000", "researchAndDevelopment": "182483000", "operatingExpenses": "1573862000", "investmentIncomeNet": "None", "netInterestIncome": "None", "interestIncome": "None", "interestExpense": "52896000", "nonInterestIncome": "None", "otherNonOperatingIncome": "None", "depreciation": "None", "depreciationAndAmortization": "199944000", "incomeBeforeTax": "496984000", "incomeTaxExpense": "203114000", "interestAndDebtExpense": "None", "netIncomeFromContinuingOperations": "None", "comprehensiveIncomeNetOfTax": "None", "ebit": "487031000", "ebitda": "686975000", "netIncome": "295864000"}, {"fiscalDateEnding": "2006-12-31", "reportedCurrency": "USD", "grossProfit": "1734948000", "totalRevenue": "2237586000", "costOfRevenue": "502638000", "costofGoodsAndServicesSold": "502638000", "operatingIncome": "351329000", "sellingGeneralAndAdministrative": "1075844000", "researchAndDevelopment": "140371000", "operatingExpenses": "1383619000", "investmentIncomeNet": "None", "netInterestIncome": "None", "interestIncome": "None", "interestExpense": "17266000", "nonInterestIncome": "None", "otherNonOperatingIncome": "None", "depreciation": "None", "depreciationAndAmortization": "249468000", "incomeBeforeTax": "384898000", "incomeTaxExpense": "139451000", "interestAndDebtExpense": "None", "netIncomeFromContinuingOperations": "None", "comprehensiveIncomeNetOfTax": "None", "ebit": "101861000", "ebitda": "351329000", "netIncome": "244934000"}, {"fiscalDateEnding": "2005-12-31", "reportedCurrency": "USD", "grossProfit": "1648739000", "totalRevenue": "2119455000", "costOfRevenue": "470716000", "costofGoodsAndServicesSold": "470716000", "operatingIncome": "397052000", "sellingGeneralAndAdministrative": "909018000", "researchAndDevelopment": "112280000", "operatingExpenses": "1251687000", "investmentIncomeNet": "None", "netInterestIncome": "None", "interestIncome": "None", "interestExpense": "0", "nonInterestIncome": "None", "otherNonOperatingIncome": "None", "depreciation": "None", "depreciationAndAmortization": "280834000", "incomeBeforeTax": "413871000", "incomeTaxExpense": "185977000", "interestAndDebtExpense": "None", "netIncomeFromContinuingOperations": "None", "comprehensiveIncomeNetOfTax": "None", "ebit": "116218000", "ebitda": "397052000", "netIncome": "228730000"}], "quarterlyReports": [{"fiscalDateEnding": "2024-12-31", "reportedCurrency": "USD", "grossProfit": "2849000000", "totalRevenue": "3184000000", "costOfRevenue": "335000000", "costofGoodsAndServicesSold": "335000000", "operatingIncome": "216000000", "sellingGeneralAndAdministrative": "210000000", "researchAndDevelopment": "322000000", "operatingExpenses": "2633000000", "investmentIncomeNet": "None", "netInterestIncome": "-12000000", "interestIncome": "50000000", "interestExpense": "62000000", "nonInterestIncome": "None", "otherNonOperatingIncome": "None", "depreciation": "None", "depreciationAndAmortization": "212000000", "incomeBeforeTax": "335000000", "incomeTaxExpense": "34000000", "interestAndDebtExpense": "None", "netIncomeFromContinuingOperations": "301000000", "comprehensiveIncomeNetOfTax": "None", "ebit": "397000000", "ebitda": "609000000", "netIncome": "299000000"}, {"fiscalDateEnding": "2024-09-30", "reportedCurrency": "USD", "grossProfit": "3672000000", "totalRevenue": "4060000000", "costOfRevenue": "388000000", "costofGoodsAndServicesSold": "388000000", "operatingIncome": "762000000", "sellingGeneralAndAdministrative": "229000000", "researchAndDevelopment": "320000000", "operatingExpenses": "2910000000", "investmentIncomeNet": "None", "netInterestIncome": "6000000", "interestIncome": "67000000", "interestExpense": "61000000", "nonInterestIncome": "None", "otherNonOperatingIncome": "None", "depreciation": "None", "depreciationAndAmortization": "211000000", "incomeBeforeTax": "874000000", "incomeTaxExpense": "190000000", "interestAndDebtExpense": "None", "netIncomeFromContinuingOperations": "684000000", "comprehensiveIncomeNetOfTax": "None", "ebit": "935000000", "ebitda": "1146000000", "netIncome": "684000000"}, {"fiscalDateEnding": "2024-06-30", "reportedCurrency": "USD", "grossProfit": "2991000000", "totalRevenue": "3558000000", "costOfRevenue": "567000000", "costofGoodsAndServicesSold": "567000000", "operatingIncome": "469000000", "sellingGeneralAndAdministrative": "180000000", "researchAndDevelopment": "331000000", "operatingExpenses": "2522000000", "investmentIncomeNet": "None", "netInterestIncome": "6000000", "interestIncome": "67000000", "interestExpense": "61000000", "nonInterestIncome": "None", "otherNonOperatingIncome": "None", "depreciation": "None", "depreciationAndAmortization": "205000000", "incomeBeforeTax": "488000000", "incomeTaxExpense": "113000000", "interestAndDebtExpense": "None", "netIncomeFromContinuingOperations": "375000000", "comprehensiveIncomeNetOfTax": "None", "ebit": "549000000", "ebitda": "754000000", "netIncome": "386000000"}, {"fiscalDateEnding": "2024-03-31", "reportedCurrency": "USD", "grossProfit": "2321000000", "totalRevenue": "2889000000", "costOfRevenue": "568000000", "costofGoodsAndServicesSold": "568000000", "operatingIncome": "-62000000", "sellingGeneralAndAdministrative": "186000000", "researchAndDevelopment": "341000000", "operatingExpenses": "2383000000", "investmentIncomeNet": "None", "netInterestIncome": "-11000000", "interestIncome": "51000000", "interestExpense": "62000000", "nonInterestIncome": "None", "otherNonOperatingIncome": "None", "depreciation": "None", "depreciationAndAmortization": "210000000", "incomeBeforeTax": "-155000000", "incomeTaxExpense": "-19000000", "interestAndDebtExpense": "None", "netIncomeFromContinuingOperations": "-136000000", "comprehensiveIncomeNetOfTax": "None", "ebit": "-93000000", "ebitda": "117000000", "netIncome": "-135000000"}, {"fiscalDateEnding": "2023-12-31", "reportedCurrency": "USD", "grossProfit": "-3560000000", "totalRevenue": "2887000000", "costOfRevenue": "6447000000", "costofGoodsAndServicesSold": "6447000000", "operatingIncome": "104000000", "sellingGeneralAndAdministrative": "199000000", "researchAndDevelopment": "357000000", "operatingExpenses": "-3780000000", "investmentIncomeNet": "None", "netInterestIncome": "-16000000", "interestIncome": "45000000", "interestExpense": "61000000", "nonInterestIncome": "None", "otherNonOperatingIncome": "None", "depreciation": "None", "depreciationAndAmortization": "208000000", "incomeBeforeTax": "171000000", "incomeTaxExpense": "35000000", "interestAndDebtExpense": "None", "netIncomeFromContinuingOperations": "136000000", "comprehensiveIncomeNetOfTax": "None", "ebit": "232000000", "ebitda": "440000000", "netIncome": "132000000"}, {"fiscalDateEnding": "2023-09-30", "reportedCurrency": "USD", "grossProfit": "3517000000", "totalRevenue": "3929000000", "costOfRevenue": "412000000", "costofGoodsAndServicesSold": "412000000", "operatingIncome": "607000000", "sellingGeneralAndAdministrative": "194000000", "researchAndDevelopment": "340000000", "operatingExpenses": "2598000000", "investmentIncomeNet": "None", "netInterestIncome": "-6000000", "interestIncome": "56000000", "interestExpense": "62000000", "nonInterestIncome": "None", "otherNonOperatingIncome": "None", "depreciation": "None", "depreciationAndAmortization": "208000000", "incomeBeforeTax": "444000000", "incomeTaxExpense": "139000000", "interestAndDebtExpense": "None", "netIncomeFromContinuingOperations": "305000000", "comprehensiveIncomeNetOfTax": "None", "ebit": "506000000", "ebitda": "714000000", "netIncome": "425000000"}, {"fiscalDateEnding": "2023-06-30", "reportedCurrency": "USD", "grossProfit": "2951000000", "totalRevenue": "3358000000", "costOfRevenue": "407000000", "costofGoodsAndServicesSold": "407000000", "operatingIncome": "443000000", "sellingGeneralAndAdministrative": "194000000", "researchAndDevelopment": "344000000", "operatingExpenses": "2507000000", "investmentIncomeNet": "None", "netInterestIncome": "2000000", "interestIncome": "63000000", "interestExpense": "61000000", "nonInterestIncome": "None", "otherNonOperatingIncome": "82000000", "depreciation": "None", "depreciationAndAmortization": "199000000", "incomeBeforeTax": "464000000", "incomeTaxExpense": "77000000", "interestAndDebtExpense": "None", "netIncomeFromContinuingOperations": "387000000", "comprehensiveIncomeNetOfTax": "None", "ebit": "525000000", "ebitda": "724000000", "netIncome": "385000000"}, {"fiscalDateEnding": "2023-03-31", "reportedCurrency": "USD", "grossProfit": "2251000000", "totalRevenue": "2665000000", "costOfRevenue": "414000000", "costofGoodsAndServicesSold": "414000000", "operatingIncome": "5000000", "sellingGeneralAndAdministrative": "184000000", "researchAndDevelopment": "317000000", "operatingExpenses": "2367000000", "investmentIncomeNet": "None", "netInterestIncome": "-18000000", "interestIncome": "43000000", "interestExpense": "61000000", "nonInterestIncome": "None", "otherNonOperatingIncome": "121000000", "depreciation": "None", "depreciationAndAmortization": "192000000", "incomeBeforeTax": "-61000000", "incomeTaxExpense": "79000000", "interestAndDebtExpense": "None", "netIncomeFromContinuingOperations": "-140000000", "comprehensiveIncomeNetOfTax": "None", "ebit": "0", "ebitda": "192000000", "netIncome": "-140000000"}, {"fiscalDateEnding": "2022-12-31", "reportedCurrency": "USD", "grossProfit": "2206000000", "totalRevenue": "2618000000", "costOfRevenue": "412000000", "costofGoodsAndServicesSold": "412000000", "operatingIncome": "239000000", "sellingGeneralAndAdministrative": "186000000", "researchAndDevelopment": "317000000", "operatingExpenses": "2078000000", "investmentIncomeNet": "None", "netInterestIncome": "-33000000", "interestIncome": "27000000", "interestExpense": "60000000", "nonInterestIncome": "None", "otherNonOperatingIncome": "115000000", "depreciation": "None", "depreciationAndAmortization": "199000000", "incomeBeforeTax": "183000000", "incomeTaxExpense": "8000000", "interestAndDebtExpense": "None", "netIncomeFromContinuingOperations": "175000000", "comprehensiveIncomeNetOfTax": "None", "ebit": "243000000", "ebitda": "442000000", "netIncome": "177000000"}, {"fiscalDateEnding": "2022-09-30", "reportedCurrency": "USD", "grossProfit": "3164000000", "totalRevenue": "3619000000", "costOfRevenue": "455000000", "costofGoodsAndServicesSold": "455000000", "operatingIncome": "747000000", "sellingGeneralAndAdministrative": "187000000", "researchAndDevelopment": "310000000", "operatingExpenses": "2365000000", "investmentIncomeNet": "None", "netInterestIncome": "-43000000", "interestIncome": "20000000", "interestExpense": "63000000", "nonInterestIncome": "None", "otherNonOperatingIncome": "6000000", "depreciation": "None", "depreciationAndAmortization": "199000000", "incomeBeforeTax": "690000000", "incomeTaxExpense": "214000000", "interestAndDebtExpense": "None", "netIncomeFromContinuingOperations": "476000000", "comprehensiveIncomeNetOfTax": "None", "ebit": "753000000", "ebitda": "952000000", "netIncome": "482000000"}, {"fiscalDateEnding": "2022-06-30", "reportedCurrency": "USD", "grossProfit": "2762000000", "totalRevenue": "3181000000", "costOfRevenue": "419000000", "costofGoodsAndServicesSold": "419000000", "operatingIncome": "1000000", "sellingGeneralAndAdministrative": "189000000", "researchAndDevelopment": "284000000", "operatingExpenses": "2386000000", "investmentIncomeNet": "None", "netInterestIncome": "-63000000", "interestIncome": "10000000", "interestExpense": "73000000", "nonInterestIncome": "None", "otherNonOperatingIncome": "-399000000", "depreciation": "None", "depreciationAndAmortization": "197000000", "incomeBeforeTax": "-127000000", "incomeTaxExpense": "58000000", "interestAndDebtExpense": "None", "netIncomeFromContinuingOperations": "-185000000", "comprehensiveIncomeNetOfTax": "None", "ebit": "-54000000", "ebitda": "143000000", "netIncome": "-185000000"}, {"fiscalDateEnding": "2022-03-31", "reportedCurrency": "USD", "grossProfit": "1878000000", "totalRevenue": "2249000000", "costOfRevenue": "371000000", "costofGoodsAndServicesSold": "371000000", "operatingIncome": "-106000000", "sellingGeneralAndAdministrative": "186000000", "researchAndDevelopment": "270000000", "operatingExpenses": "1992000000", "investmentIncomeNet": "None", "netInterestIncome": "-78000000", "interestIncome": "3000000", "interestExpense": "81000000", "nonInterestIncome": "None", "otherNonOperatingIncome": "8000000", "depreciation": "None", "depreciationAndAmortization": "197000000", "incomeBeforeTax": "-208000000", "incomeTaxExpense": "-85000000", "interestAndDebtExpense": "None", "netIncomeFromContinuingOperations": "-123000000", "comprehensiveIncomeNetOfTax": "None", "ebit": "-127000000", "ebitda": "70000000", "netIncome": "-123000000"}, {"fiscalDateEnding": "2021-12-31", "reportedCurrency": "USD", "grossProfit": "1884000000", "totalRevenue": "2279000000", "costOfRevenue": "395000000", "costofGoodsAndServicesSold": "395000000", "operatingIncome": "163000000", "sellingGeneralAndAdministrative": "183000000", "researchAndDevelopment": "274000000", "operatingExpenses": "1700000000", "investmentIncomeNet": "None", "netInterestIncome": "-80000000", "interestIncome": "4000000", "interestExpense": "84000000", "nonInterestIncome": "None", "otherNonOperatingIncome": "392000000", "depreciation": "None", "depreciationAndAmortization": "199000000", "incomeBeforeTax": "471000000", "incomeTaxExpense": "76000000", "interestAndDebtExpense": "None", "netIncomeFromContinuingOperations": "395000000", "comprehensiveIncomeNetOfTax": "None", "ebit": "555000000", "ebitda": "754000000", "netIncome": "386000000"}, {"fiscalDateEnding": "2021-09-30", "reportedCurrency": "USD", "grossProfit": "2520000000", "totalRevenue": "2962000000", "costOfRevenue": "442000000", "costofGoodsAndServicesSold": "442000000", "operatingIncome": "524000000", "sellingGeneralAndAdministrative": "182000000", "researchAndDevelopment": "277000000", "operatingExpenses": "1974000000", "investmentIncomeNet": "None", "netInterestIncome": "-84000000", "interestIncome": "2000000", "interestExpense": "86000000", "nonInterestIncome": "None", "otherNonOperatingIncome": "27000000", "depreciation": "None", "depreciationAndAmortization": "201000000", "incomeBeforeTax": "465000000", "incomeTaxExpense": "87000000", "interestAndDebtExpense": "None", "netIncomeFromContinuingOperations": "378000000", "comprehensiveIncomeNetOfTax": "None", "ebit": "551000000", "ebitda": "752000000", "netIncome": "376000000"}, {"fiscalDateEnding": "2021-06-30", "reportedCurrency": "USD", "grossProfit": "1737000000", "totalRevenue": "2111000000", "costOfRevenue": "374000000", "costofGoodsAndServicesSold": "374000000", "operatingIncome": "-132000000", "sellingGeneralAndAdministrative": "184000000", "researchAndDevelopment": "276000000", "operatingExpenses": "1864000000", "investmentIncomeNet": "None", "netInterestIncome": "-82000000", "interestIncome": "1000000", "interestExpense": "83000000", "nonInterestIncome": "None", "otherNonOperatingIncome": "-9000000", "depreciation": "None", "depreciationAndAmortization": "205000000", "incomeBeforeTax": "-224000000", "incomeTaxExpense": "-47000000", "interestAndDebtExpense": "None", "netIncomeFromContinuingOperations": "-177000000", "comprehensiveIncomeNetOfTax": "None", "ebit": "-141000000", "ebitda": "64000000", "netIncome": "-172000000"}, {"fiscalDateEnding": "2021-03-31", "reportedCurrency": "USD", "grossProfit": "935000000", "totalRevenue": "1246000000", "costOfRevenue": "311000000", "costofGoodsAndServicesSold": "311000000", "operatingIncome": "-369000000", "sellingGeneralAndAdministrative": "156000000", "researchAndDevelopment": "247000000", "operatingExpenses": "1276000000", "investmentIncomeNet": "None", "netInterestIncome": "-96000000", "interestIncome": "2000000", "interestExpense": "98000000", "nonInterestIncome": "None", "otherNonOperatingIncome": "-283000000", "depreciation": "None", "depreciationAndAmortization": "209000000", "incomeBeforeTax": "-750000000", "incomeTaxExpense": "-169000000", "interestAndDebtExpense": "None", "netIncomeFromContinuingOperations": "-581000000", "comprehensiveIncomeNetOfTax": "None", "ebit": "-652000000", "ebitda": "-443000000", "netIncome": "-578000000"}, {"fiscalDateEnding": "2020-12-31", "reportedCurrency": "USD", "grossProfit": "633000000", "totalRevenue": "920000000", "costOfRevenue": "287000000", "costofGoodsAndServicesSold": "287000000", "operatingIncome": "-463000000", "sellingGeneralAndAdministrative": "124000000", "researchAndDevelopment": "223000000", "operatingExpenses": "1070000000", "investmentIncomeNet": "None", "netInterestIncome": "-100000000", "interestIncome": "2000000", "interestExpense": "102000000", "nonInterestIncome": "None", "otherNonOperatingIncome": "None", "depreciation": "None", "depreciationAndAmortization": "387000000", "incomeBeforeTax": "-495000000", "incomeTaxExpense": "-104000000", "interestAndDebtExpense": "None", "netIncomeFromContinuingOperations": "-391000000", "comprehensiveIncomeNetOfTax": "None", "ebit": "-568000000", "ebitda": "-181000000", "netIncome": "-383000000"}, {"fiscalDateEnding": "2020-09-30", "reportedCurrency": "USD", "grossProfit": "1129000000", "totalRevenue": "1504000000", "costOfRevenue": "375000000", "costofGoodsAndServicesSold": "375000000", "operatingIncome": "-113000000", "sellingGeneralAndAdministrative": "134000000", "researchAndDevelopment": "224000000", "operatingExpenses": "1107000000", "investmentIncomeNet": "None", "netInterestIncome": "-110000000", "interestIncome": "3000000", "interestExpense": "113000000", "nonInterestIncome": "None", "otherNonOperatingIncome": "2000000", "depreciation": "None", "depreciationAndAmortization": "220000000", "incomeBeforeTax": "-224000000", "incomeTaxExpense": "-24000000", "interestAndDebtExpense": "None", "netIncomeFromContinuingOperations": "-200000000", "comprehensiveIncomeNetOfTax": "None", "ebit": "-111000000", "ebitda": "109000000", "netIncome": "-192000000"}, {"fiscalDateEnding": "2020-06-30", "reportedCurrency": "USD", "grossProfit": "177000000", "totalRevenue": "566000000", "costOfRevenue": "389000000", "costofGoodsAndServicesSold": "389000000", "operatingIncome": "-849000000", "sellingGeneralAndAdministrative": "152000000", "researchAndDevelopment": "255000000", "operatingExpenses": "935000000", "investmentIncomeNet": "None", "netInterestIncome": "-92000000", "interestIncome": "3000000", "interestExpense": "95000000", "nonInterestIncome": "None", "otherNonOperatingIncome": "-9000000", "depreciation": "None", "depreciationAndAmortization": "232000000", "incomeBeforeTax": "-953000000", "incomeTaxExpense": "-213000000", "interestAndDebtExpense": "None", "netIncomeFromContinuingOperations": "-740000000", "comprehensiveIncomeNetOfTax": "None", "ebit": "-858000000", "ebitda": "-626000000", "netIncome": "-736000000"}, {"fiscalDateEnding": "2020-03-31", "reportedCurrency": "USD", "grossProfit": "1580000000", "totalRevenue": "2209000000", "costOfRevenue": "629000000", "costofGoodsAndServicesSold": "629000000", "operatingIncome": "-1294000000", "sellingGeneralAndAdministrative": "187000000", "researchAndDevelopment": "308000000", "operatingExpenses": "1934000000", "investmentIncomeNet": "None", "netInterestIncome": "-40000000", "interestIncome": "10000000", "interestExpense": "50000000", "nonInterestIncome": "None", "otherNonOperatingIncome": "None", "depreciation": "None", "depreciationAndAmortization": "229000000", "incomeBeforeTax": "-1479000000", "incomeTaxExpense": "-82000000", "interestAndDebtExpense": "None", "netIncomeFromContinuingOperations": "-1397000000", "comprehensiveIncomeNetOfTax": "None", "ebit": "-1429000000", "ebitda": "-1200000000", "netIncome": "-1301000000"}, {"fiscalDateEnding": "2019-12-31", "reportedCurrency": "USD", "grossProfit": "2188000000", "totalRevenue": "2747000000", "costOfRevenue": "559000000", "costofGoodsAndServicesSold": "559000000", "operatingIncome": "160000000", "sellingGeneralAndAdministrative": "225000000", "researchAndDevelopment": "459000000", "operatingExpenses": "2011000000", "investmentIncomeNet": "None", "netInterestIncome": "-39000000", "interestIncome": "14000000", "interestExpense": "53000000", "nonInterestIncome": "None", "otherNonOperatingIncome": "None", "depreciation": "None", "depreciationAndAmortization": "226000000", "incomeBeforeTax": "120000000", "incomeTaxExpense": "42000000", "interestAndDebtExpense": "None", "netIncomeFromContinuingOperations": "78000000", "comprehensiveIncomeNetOfTax": "None", "ebit": "173000000", "ebitda": "399000000", "netIncome": "76000000"}, {"fiscalDateEnding": "2019-09-30", "reportedCurrency": "USD", "grossProfit": "2989000000", "totalRevenue": "3558000000", "costOfRevenue": "569000000", "costofGoodsAndServicesSold": "569000000", "operatingIncome": "609000000", "sellingGeneralAndAdministrative": "217000000", "researchAndDevelopment": "440000000", "operatingExpenses": "2367000000", "investmentIncomeNet": "None", "netInterestIncome": "-23000000", "interestIncome": "17000000", "interestExpense": "40000000", "nonInterestIncome": "None", "otherNonOperatingIncome": "-8000000", "depreciation": "None", "depreciationAndAmortization": "50000000", "incomeBeforeTax": "561000000", "incomeTaxExpense": "154000000", "interestAndDebtExpense": "None", "netIncomeFromContinuingOperations": "407000000", "comprehensiveIncomeNetOfTax": "None", "ebit": "779000000", "ebitda": "829000000", "netIncome": "409000000"}, {"fiscalDateEnding": "2019-06-30", "reportedCurrency": "USD", "grossProfit": "2631000000", "totalRevenue": "3153000000", "costOfRevenue": "522000000", "costofGoodsAndServicesSold": "522000000", "operatingIncome": "265000000", "sellingGeneralAndAdministrative": "214000000", "researchAndDevelopment": "435000000", "operatingExpenses": "2358000000", "investmentIncomeNet": "None", "netInterestIncome": "-22000000", "interestIncome": "17000000", "interestExpense": "39000000", "nonInterestIncome": "None", "otherNonOperatingIncome": "9000000", "depreciation": "None", "depreciationAndAmortization": "228000000", "incomeBeforeTax": "235000000", "incomeTaxExpense": "48000000", "interestAndDebtExpense": "None", "netIncomeFromContinuingOperations": "187000000", "comprehensiveIncomeNetOfTax": "None", "ebit": "274000000", "ebitda": "502000000", "netIncome": "183000000"}, {"fiscalDateEnding": "2019-03-31", "reportedCurrency": "USD", "grossProfit": "2096000000", "totalRevenue": "2609000000", "costOfRevenue": "513000000", "costofGoodsAndServicesSold": "513000000", "operatingIncome": "-131000000", "sellingGeneralAndAdministrative": "191000000", "researchAndDevelopment": "429000000", "operatingExpenses": "2207000000", "investmentIncomeNet": "None", "netInterestIncome": "-30000000", "interestIncome": "22000000", "interestExpense": "41000000", "nonInterestIncome": "None", "otherNonOperatingIncome": "31000000", "depreciation": "None", "depreciationAndAmortization": "228000000", "incomeBeforeTax": "-141000000", "incomeTaxExpense": "-41000000", "interestAndDebtExpense": "None", "netIncomeFromContinuingOperations": "-100000000", "comprehensiveIncomeNetOfTax": "None", "ebit": "-100000000", "ebitda": "128000000", "netIncome": "-103000000"}, {"fiscalDateEnding": "2018-12-31", "reportedCurrency": "USD", "grossProfit": "2083000000", "totalRevenue": "2559000000", "costOfRevenue": "476000000", "costofGoodsAndServicesSold": "476000000", "operatingIncome": "96000000", "sellingGeneralAndAdministrative": "211000000", "researchAndDevelopment": "417000000", "operatingExpenses": "1905000000", "investmentIncomeNet": "None", "netInterestIncome": "None", "interestIncome": "None", "interestExpense": "41000000", "nonInterestIncome": "None", "otherNonOperatingIncome": "1000000", "depreciation": "None", "depreciationAndAmortization": "279000000", "incomeBeforeTax": "56000000", "incomeTaxExpense": "31000000", "interestAndDebtExpense": "None", "netIncomeFromContinuingOperations": "25000000", "comprehensiveIncomeNetOfTax": "None", "ebit": "97000000", "ebitda": "376000000", "netIncome": "17000000"}, {"fiscalDateEnding": "2018-09-30", "reportedCurrency": "USD", "grossProfit": "2772000000", "totalRevenue": "3276000000", "costOfRevenue": "504000000", "costofGoodsAndServicesSold": "504000000", "operatingIncome": "672000000", "sellingGeneralAndAdministrative": "202000000", "researchAndDevelopment": "404000000", "operatingExpenses": "2178000000", "investmentIncomeNet": "None", "netInterestIncome": "None", "interestIncome": "None", "interestExpense": "47000000", "nonInterestIncome": "None", "otherNonOperatingIncome": "-13000000", "depreciation": "None", "depreciationAndAmortization": "242000000", "incomeBeforeTax": "612000000", "incomeTaxExpense": "81000000", "interestAndDebtExpense": "None", "netIncomeFromContinuingOperations": "531000000", "comprehensiveIncomeNetOfTax": "None", "ebit": "659000000", "ebitda": "901000000", "netIncome": "525000000"}, {"fiscalDateEnding": "2018-06-30", "reportedCurrency": "USD", "grossProfit": "2382000000", "totalRevenue": "2880000000", "costOfRevenue": "498000000", "costofGoodsAndServicesSold": "498000000", "operatingIncome": "111000000", "sellingGeneralAndAdministrative": "196000000", "researchAndDevelopment": "400000000", "operatingExpenses": "2209000000", "investmentIncomeNet": "None", "netInterestIncome": "None", "interestIncome": "None", "interestExpense": "51000000", "nonInterestIncome": "None", "otherNonOperatingIncome": "-74000000", "depreciation": "None", "depreciationAndAmortization": "241000000", "incomeBeforeTax": "-14000000", "incomeTaxExpense": "-5000000", "interestAndDebtExpense": "None", "netIncomeFromContinuingOperations": "-9000000", "comprehensiveIncomeNetOfTax": "None", "ebit": "37000000", "ebitda": "278000000", "netIncome": "1000000"}, {"fiscalDateEnding": "2018-03-31", "reportedCurrency": "USD", "grossProfit": "2021000000", "totalRevenue": "2508000000", "costOfRevenue": "487000000", "costofGoodsAndServicesSold": "487000000", "operatingIncome": "-165000000", "sellingGeneralAndAdministrative": "199000000", "researchAndDevelopment": "396000000", "operatingExpenses": "2183000000", "investmentIncomeNet": "None", "netInterestIncome": "None", "interestIncome": "None", "interestExpense": "51000000", "nonInterestIncome": "None", "otherNonOperatingIncome": "47000000", "depreciation": "None", "depreciationAndAmortization": "239000000", "incomeBeforeTax": "-169000000", "incomeTaxExpense": "-20000000", "interestAndDebtExpense": "None", "netIncomeFromContinuingOperations": "-149000000", "comprehensiveIncomeNetOfTax": "None", "ebit": "-118000000", "ebitda": "121000000", "netIncome": "-137000000"}, {"fiscalDateEnding": "2017-12-31", "reportedCurrency": "USD", "grossProfit": "1881930000", "totalRevenue": "2319208000", "costOfRevenue": "437278000", "costofGoodsAndServicesSold": "437278000", "operatingIncome": "113475000", "sellingGeneralAndAdministrative": "197558000", "researchAndDevelopment": "372156000", "operatingExpenses": "1764851000", "investmentIncomeNet": "None", "netInterestIncome": "None", "interestIncome": "None", "interestExpense": "52073000", "nonInterestIncome": "None", "otherNonOperatingIncome": "14504000", "depreciation": "None", "depreciationAndAmortization": "236834000", "incomeBeforeTax": "75906000", "incomeTaxExpense": "23031000", "interestAndDebtExpense": "None", "netIncomeFromContinuingOperations": "52875000", "comprehensiveIncomeNetOfTax": "None", "ebit": "127979000", "ebitda": "364813000", "netIncome": "55159000"}, {"fiscalDateEnding": "2017-09-30", "reportedCurrency": "USD", "grossProfit": "2507289000", "totalRevenue": "2965848000", "costOfRevenue": "458559000", "costofGoodsAndServicesSold": "458559000", "operatingIncome": "481728000", "sellingGeneralAndAdministrative": "141298000", "researchAndDevelopment": "350061000", "operatingExpenses": "2023077000", "investmentIncomeNet": "None", "netInterestIncome": "None", "interestIncome": "None", "interestExpense": "44001000", "nonInterestIncome": "None", "otherNonOperatingIncome": "-22296000", "depreciation": "None", "depreciationAndAmortization": "227155000", "incomeBeforeTax": "415431000", "incomeTaxExpense": "66078000", "interestAndDebtExpense": "None", "netIncomeFromContinuingOperations": "349353000", "comprehensiveIncomeNetOfTax": "None", "ebit": "459432000", "ebitda": "686587000", "netIncome": "352238000"}, {"fiscalDateEnding": "2017-06-30", "reportedCurrency": "USD", "grossProfit": "2147045000", "totalRevenue": "2586052000", "costOfRevenue": "439007000", "costofGoodsAndServicesSold": "439007000", "operatingIncome": "102768000", "sellingGeneralAndAdministrative": "178952000", "researchAndDevelopment": "342530000", "operatingExpenses": "2031168000", "investmentIncomeNet": "None", "netInterestIncome": "None", "interestIncome": "None", "interestExpense": "42661000", "nonInterestIncome": "None", "otherNonOperatingIncome": "-3425000", "depreciation": "None", "depreciationAndAmortization": "217331000", "incomeBeforeTax": "56682000", "incomeTaxExpense": "3012000", "interestAndDebtExpense": "None", "netIncomeFromContinuingOperations": "53670000", "comprehensiveIncomeNetOfTax": "None", "ebit": "99343000", "ebitda": "316674000", "netIncome": "56689000"}, {"fiscalDateEnding": "2017-03-31", "reportedCurrency": "USD", "grossProfit": "1767049000", "totalRevenue": "2188736000", "costOfRevenue": "421687000", "costofGoodsAndServicesSold": "421687000", "operatingIncome": "-72833000", "sellingGeneralAndAdministrative": "158153000", "researchAndDevelopment": "322040000", "operatingExpenses": "1816929000", "investmentIncomeNet": "None", "netInterestIncome": "None", "interestIncome": "None", "interestExpense": "42977000", "nonInterestIncome": "None", "otherNonOperatingIncome": "-15445000", "depreciation": "None", "depreciationAndAmortization": "208224000", "incomeBeforeTax": "-131255000", "incomeTaxExpense": "-46716000", "interestAndDebtExpense": "None", "netIncomeFromContinuingOperations": "-84539000", "comprehensiveIncomeNetOfTax": "None", "ebit": "-191428000", "ebitda": "16796000", "netIncome": "-86122000"}, {"fiscalDateEnding": "2016-12-31", "reportedCurrency": "USD", "grossProfit": "1721988000", "totalRevenue": "2092829000", "costOfRevenue": "370841000", "costofGoodsAndServicesSold": "370841000", "operatingIncome": "147186000", "sellingGeneralAndAdministrative": "173897000", "researchAndDevelopment": "324098000", "operatingExpenses": "1534572000", "investmentIncomeNet": "None", "netInterestIncome": "None", "interestIncome": "None", "interestExpense": "42875000", "nonInterestIncome": "None", "otherNonOperatingIncome": "10815000", "depreciation": "None", "depreciationAndAmortization": "198109000", "incomeBeforeTax": "115126000", "incomeTaxExpense": "30244000", "interestAndDebtExpense": "None", "netIncomeFromContinuingOperations": "98154000", "comprehensiveIncomeNetOfTax": "None", "ebit": "158001000", "ebitda": "356110000", "netIncome": "79457000"}, {"fiscalDateEnding": "2016-09-30", "reportedCurrency": "USD", "grossProfit": "2163998000", "totalRevenue": "2580905000", "costOfRevenue": "416907000", "costofGoodsAndServicesSold": "416907000", "operatingIncome": "386152000", "sellingGeneralAndAdministrative": "165829000", "researchAndDevelopment": "301446000", "operatingExpenses": "1748876000", "investmentIncomeNet": "None", "netInterestIncome": "None", "interestIncome": "None", "interestExpense": "43374000", "nonInterestIncome": "None", "otherNonOperatingIncome": "-3223000", "depreciation": "None", "depreciationAndAmortization": "200635000", "incomeBeforeTax": "339555000", "incomeTaxExpense": "60627000", "interestAndDebtExpense": "None", "netIncomeFromContinuingOperations": "278928000", "comprehensiveIncomeNetOfTax": "None", "ebit": "382929000", "ebitda": "583564000", "netIncome": "279331000"}, {"fiscalDateEnding": "2016-06-30", "reportedCurrency": "USD", "grossProfit": "1789489000", "totalRevenue": "2195869000", "costOfRevenue": "406380000", "costofGoodsAndServicesSold": "406380000", "operatingIncome": "25662000", "sellingGeneralAndAdministrative": "192555000", "researchAndDevelopment": "317921000", "operatingExpenses": "1749650000", "investmentIncomeNet": "None", "netInterestIncome": "None", "interestIncome": "None", "interestExpense": "42939000", "nonInterestIncome": "None", "otherNonOperatingIncome": "5082000", "depreciation": "None", "depreciationAndAmortization": "200204000", "incomeBeforeTax": "-12195000", "incomeTaxExpense": "-18202000", "interestAndDebtExpense": "None", "netIncomeFromContinuingOperations": "6007000", "comprehensiveIncomeNetOfTax": "None", "ebit": "30744000", "ebitda": "230948000", "netIncome": "31649000"}, {"fiscalDateEnding": "2016-03-31", "reportedCurrency": "USD", "grossProfit": "1501120000", "totalRevenue": "1903961000", "costOfRevenue": "402841000", "costofGoodsAndServicesSold": "402841000", "operatingIncome": "-102355000", "sellingGeneralAndAdministrative": "147809000", "researchAndDevelopment": "293283000", "operatingExpenses": "1571698000", "investmentIncomeNet": "None", "netInterestIncome": "None", "interestIncome": "None", "interestExpense": "43960000", "nonInterestIncome": "None", "otherNonOperatingIncome": "-24628000", "depreciation": "None", "depreciationAndAmortization": "195254000", "incomeBeforeTax": "-170943000", "incomeTaxExpense": "-49139000", "interestAndDebtExpense": "None", "netIncomeFromContinuingOperations": "-121804000", "comprehensiveIncomeNetOfTax": "None", "ebit": "-65521000", "ebitda": "129733000", "netIncome": "-121861000"}, {"fiscalDateEnding": "2015-12-31", "reportedCurrency": "USD", "grossProfit": "1360074000", "totalRevenue": "1698567000", "costOfRevenue": "338493000", "costofGoodsAndServicesSold": "338493000", "operatingIncome": "29477000", "sellingGeneralAndAdministrative": "185954000", "researchAndDevelopment": "250570000", "operatingExpenses": "1305803000", "investmentIncomeNet": "None", "netInterestIncome": "None", "interestIncome": "None", "interestExpense": "36427000", "nonInterestIncome": "None", "otherNonOperatingIncome": "1017000", "depreciation": "None", "depreciationAndAmortization": "176145000", "incomeBeforeTax": "-5933000", "incomeTaxExpense": "6953000", "interestAndDebtExpense": "None", "netIncomeFromContinuingOperations": "-12886000", "comprehensiveIncomeNetOfTax": "None", "ebit": "30494000", "ebitda": "206639000", "netIncome": "-12538000"}, {"fiscalDateEnding": "2015-09-30", "reportedCurrency": "USD", "grossProfit": "1609687000", "totalRevenue": "1937753000", "costOfRevenue": "328066000", "costofGoodsAndServicesSold": "328066000", "operatingIncome": "344998000", "sellingGeneralAndAdministrative": "130168000", "researchAndDevelopment": "202703000", "operatingExpenses": "1307560000", "investmentIncomeNet": "None", "netInterestIncome": "None", "interestIncome": "None", "interestExpense": "33259000", "nonInterestIncome": "None", "otherNonOperatingIncome": "30448000", "depreciation": "None", "depreciationAndAmortization": "118556000", "incomeBeforeTax": "342187000", "incomeTaxExpense": "65950000", "interestAndDebtExpense": "None", "netIncomeFromContinuingOperations": "276237000", "comprehensiveIncomeNetOfTax": "None", "ebit": "332575000", "ebitda": "451131000", "netIncome": "283216000"}, {"fiscalDateEnding": "2015-06-30", "reportedCurrency": "USD", "grossProfit": "1341518000", "totalRevenue": "1662600000", "costOfRevenue": "321082000", "costofGoodsAndServicesSold": "321082000", "operatingIncome": "90092000", "sellingGeneralAndAdministrative": "141394000", "researchAndDevelopment": "186516000", "operatingExpenses": "1240270000", "investmentIncomeNet": "None", "netInterestIncome": "None", "interestIncome": "None", "interestExpense": "28515000", "nonInterestIncome": "None", "otherNonOperatingIncome": "496480000", "depreciation": "None", "depreciationAndAmortization": "26880000", "incomeBeforeTax": "558057000", "incomeTaxExpense": "131221000", "interestAndDebtExpense": "None", "netIncomeFromContinuingOperations": "426836000", "comprehensiveIncomeNetOfTax": "None", "ebit": "88918000", "ebitda": "115798000", "netIncome": "449644000"}, {"fiscalDateEnding": "2015-03-31", "reportedCurrency": "USD", "grossProfit": "1051479000", "totalRevenue": "1373397000", "costOfRevenue": "321918000", "costofGoodsAndServicesSold": "321918000", "operatingIncome": "-51001000", "sellingGeneralAndAdministrative": "116397000", "researchAndDevelopment": "190455000", "operatingExpenses": "1095275000", "investmentIncomeNet": "None", "netInterestIncome": "None", "interestIncome": "None", "interestExpense": "27994000", "nonInterestIncome": "None", "otherNonOperatingIncome": "110646000", "depreciation": "None", "depreciationAndAmortization": "99487000", "incomeBeforeTax": "31651000", "incomeTaxExpense": "-910000", "interestAndDebtExpense": "None", "netIncomeFromContinuingOperations": "32561000", "comprehensiveIncomeNetOfTax": "None", "ebit": "59645000", "ebitda": "159132000", "netIncome": "44143000"}, {"fiscalDateEnding": "2014-12-31", "reportedCurrency": "USD", "grossProfit": "1071725000", "totalRevenue": "1355978000", "costOfRevenue": "284253000", "costofGoodsAndServicesSold": "284253000", "operatingIncome": "94706000", "sellingGeneralAndAdministrative": "118789000", "researchAndDevelopment": "181350000", "operatingExpenses": "948693000", "investmentIncomeNet": "None", "netInterestIncome": "None", "interestIncome": "None", "interestExpense": "28406000", "nonInterestIncome": "None", "otherNonOperatingIncome": "21696000", "depreciation": "None", "depreciationAndAmortization": "94996000", "incomeBeforeTax": "87996000", "incomeTaxExpense": "31717000", "interestAndDebtExpense": "None", "netIncomeFromContinuingOperations": "56279000", "comprehensiveIncomeNetOfTax": "None", "ebit": "116402000", "ebitda": "211398000", "netIncome": "65969000"}, {"fiscalDateEnding": "2014-09-30", "reportedCurrency": "USD", "grossProfit": "1412796000", "totalRevenue": "1712504000", "costOfRevenue": "299708000", "costofGoodsAndServicesSold": "299708000", "operatingIncome": "296836000", "sellingGeneralAndAdministrative": "104999000", "researchAndDevelopment": "172754000", "operatingExpenses": "1112072000", "investmentIncomeNet": "None", "netInterestIncome": "None", "interestIncome": "None", "interestExpense": "25558000", "nonInterestIncome": "None", "otherNonOperatingIncome": "18247000", "depreciation": "None", "depreciationAndAmortization": "85988000", "incomeBeforeTax": "289525000", "incomeTaxExpense": "38904000", "interestAndDebtExpense": "None", "netIncomeFromContinuingOperations": "250621000", "comprehensiveIncomeNetOfTax": "None", "ebit": "315083000", "ebitda": "401071000", "netIncome": "257059000"}, {"fiscalDateEnding": "2014-06-30", "reportedCurrency": "USD", "grossProfit": "1194131000", "totalRevenue": "1494632000", "costOfRevenue": "300501000", "costofGoodsAndServicesSold": "300501000", "operatingIncome": "129220000", "sellingGeneralAndAdministrative": "102540000", "researchAndDevelopment": "169075000", "operatingExpenses": "1033495000", "investmentIncomeNet": "None", "netInterestIncome": "None", "interestIncome": "None", "interestExpense": "22321000", "nonInterestIncome": "None", "otherNonOperatingIncome": "-294000", "depreciation": "None", "depreciationAndAmortization": "83822000", "incomeBeforeTax": "106605000", "incomeTaxExpense": "20751000", "interestAndDebtExpense": "None", "netIncomeFromContinuingOperations": "85854000", "comprehensiveIncomeNetOfTax": "None", "ebit": "128926000", "ebitda": "212748000", "netIncome": "89373000"}, {"fiscalDateEnding": "2014-03-31", "reportedCurrency": "USD", "grossProfit": "905752000", "totalRevenue": "1200371000", "costOfRevenue": "294619000", "costofGoodsAndServicesSold": "294619000", "operatingIncome": "-2998000", "sellingGeneralAndAdministrative": "99045000", "researchAndDevelopment": "162975000", "operatingExpenses": "905211000", "investmentIncomeNet": "None", "netInterestIncome": "None", "interestIncome": "None", "interestExpense": "21804000", "nonInterestIncome": "None", "otherNonOperatingIncome": "5317000", "depreciation": "None", "depreciationAndAmortization": "80626000", "incomeBeforeTax": "-19485000", "incomeTaxExpense": "319000", "interestAndDebtExpense": "None", "netIncomeFromContinuingOperations": "-19804000", "comprehensiveIncomeNetOfTax": "None", "ebit": "2319000", "ebitda": "82945000", "netIncome": "-14304000"}, {"fiscalDateEnding": "2013-12-31", "reportedCurrency": "USD", "grossProfit": "903487000", "totalRevenue": "1152015000", "costOfRevenue": "248528000", "costofGoodsAndServicesSold": "248528000", "operatingIncome": "138711000", "sellingGeneralAndAdministrative": "100460000", "researchAndDevelopment": "155039000", "operatingExpenses": "761535000", "investmentIncomeNet": "None", "netInterestIncome": "None", "interestIncome": "None", "interestExpense": "22015000", "nonInterestIncome": "None", "otherNonOperatingIncome": "3765000", "depreciation": "None", "depreciationAndAmortization": "80584000", "incomeBeforeTax": "120461000", "incomeTaxExpense": "26474000", "interestAndDebtExpense": "None", "netIncomeFromContinuingOperations": "93987000", "comprehensiveIncomeNetOfTax": "None", "ebit": "142476000", "ebitda": "223060000", "netIncome": "94717000"}, {"fiscalDateEnding": "2013-09-30", "reportedCurrency": "USD", "grossProfit": "1125542000", "totalRevenue": "1401860000", "costOfRevenue": "276318000", "costofGoodsAndServicesSold": "276318000", "operatingIncome": "238691000", "sellingGeneralAndAdministrative": "92351000", "researchAndDevelopment": "143816000", "operatingExpenses": "879977000", "investmentIncomeNet": "None", "netInterestIncome": "None", "interestIncome": "None", "interestExpense": "21966000", "nonInterestIncome": "None", "otherNonOperatingIncome": "-4645000", "depreciation": "None", "depreciationAndAmortization": "71479000", "incomeBeforeTax": "212080000", "incomeTaxExpense": "45356000", "interestAndDebtExpense": "None", "netIncomeFromContinuingOperations": "166724000", "comprehensiveIncomeNetOfTax": "None", "ebit": "240920000", "ebitda": "312399000", "netIncome": "170859000"}, {"fiscalDateEnding": "2013-06-30", "reportedCurrency": "USD", "grossProfit": "942410000", "totalRevenue": "1205017000", "costOfRevenue": "262607000", "costofGoodsAndServicesSold": "262607000", "operatingIncome": "94286000", "sellingGeneralAndAdministrative": "91891000", "researchAndDevelopment": "140682000", "operatingExpenses": "841878000", "investmentIncomeNet": "None", "netInterestIncome": "None", "interestIncome": "None", "interestExpense": "21629000", "nonInterestIncome": "None", "otherNonOperatingIncome": "14766000", "depreciation": "None", "depreciationAndAmortization": "69976000", "incomeBeforeTax": "87423000", "incomeTaxExpense": "24408000", "interestAndDebtExpense": "None", "netIncomeFromContinuingOperations": "63015000", "comprehensiveIncomeNetOfTax": "None", "ebit": "109052000", "ebitda": "179028000", "netIncome": "71500000"}, {"fiscalDateEnding": "2013-03-31", "reportedCurrency": "USD", "grossProfit": "761786000", "totalRevenue": "1012367000", "costOfRevenue": "250581000", "costofGoodsAndServicesSold": "250581000", "operatingIncome": "-105628000", "sellingGeneralAndAdministrative": "92376000", "researchAndDevelopment": "138283000", "operatingExpenses": "739384000", "investmentIncomeNet": "None", "netInterestIncome": "None", "interestIncome": "None", "interestExpense": "21748000", "nonInterestIncome": "None", "otherNonOperatingIncome": "8105000", "depreciation": "None", "depreciationAndAmortization": "61436000", "incomeBeforeTax": "-119271000", "incomeTaxExpense": "-11903000", "interestAndDebtExpense": "None", "netIncomeFromContinuingOperations": "-107368000", "comprehensiveIncomeNetOfTax": "None", "ebit": "-97523000", "ebitda": "-36087000", "netIncome": "-104226000"}, {"fiscalDateEnding": "2012-12-31", "reportedCurrency": "USD", "grossProfit": "749727000", "totalRevenue": "974859000", "costOfRevenue": "225132000", "costofGoodsAndServicesSold": "225132000", "operatingIncome": "1510000", "sellingGeneralAndAdministrative": "98418000", "researchAndDevelopment": "134344000", "operatingExpenses": "636576000", "investmentIncomeNet": "None", "netInterestIncome": "None", "interestIncome": "None", "interestExpense": "22306000", "nonInterestIncome": "None", "otherNonOperatingIncome": "4824000", "depreciation": "None", "depreciationAndAmortization": "57571000", "incomeBeforeTax": "-15972000", "incomeTaxExpense": "-23067000", "interestAndDebtExpense": "None", "netIncomeFromContinuingOperations": "7095000", "comprehensiveIncomeNetOfTax": "None", "ebit": "6334000", "ebitda": "63905000", "netIncome": "6734000"}, {"fiscalDateEnding": "2012-09-30", "reportedCurrency": "USD", "grossProfit": "955387000", "totalRevenue": "1199020000", "costOfRevenue": "243633000", "costofGoodsAndServicesSold": "243633000", "operatingIncome": "227090000", "sellingGeneralAndAdministrative": "87450000", "researchAndDevelopment": "125617000", "operatingExpenses": "728297000", "investmentIncomeNet": "None", "netInterestIncome": "None", "interestIncome": "None", "interestExpense": "22101000", "nonInterestIncome": "None", "otherNonOperatingIncome": "-651000", "depreciation": "None", "depreciationAndAmortization": "19776000", "incomeBeforeTax": "204338000", "incomeTaxExpense": "36150000", "interestAndDebtExpense": "None", "netIncomeFromContinuingOperations": "168188000", "comprehensiveIncomeNetOfTax": "None", "ebit": "260011000", "ebitda": "279787000", "netIncome": "171477000"}, {"fiscalDateEnding": "2012-06-30", "reportedCurrency": "USD", "grossProfit": "810239000", "totalRevenue": "1039980000", "costOfRevenue": "229741000", "costofGoodsAndServicesSold": "229741000", "operatingIncome": "154441000", "sellingGeneralAndAdministrative": "86568000", "researchAndDevelopment": "116026000", "operatingExpenses": "655798000", "investmentIncomeNet": "None", "netInterestIncome": "None", "interestIncome": "None", "interestExpense": "21989000", "nonInterestIncome": "None", "otherNonOperatingIncome": "2412000", "depreciation": "None", "depreciationAndAmortization": "80869000", "incomeBeforeTax": "134864000", "incomeTaxExpense": "28755000", "interestAndDebtExpense": "None", "netIncomeFromContinuingOperations": "106109000", "comprehensiveIncomeNetOfTax": "None", "ebit": "123281000", "ebitda": "204150000", "netIncome": "105241000"}, {"fiscalDateEnding": "2012-03-31", "reportedCurrency": "USD", "grossProfit": "616390000", "totalRevenue": "816488000", "costOfRevenue": "200098000", "costofGoodsAndServicesSold": "200098000", "operatingIncome": "48683000", "sellingGeneralAndAdministrative": "78578000", "researchAndDevelopment": "108911000", "operatingExpenses": "567707000", "investmentIncomeNet": "None", "netInterestIncome": "None", "interestIncome": "None", "interestExpense": "21392000", "nonInterestIncome": "None", "otherNonOperatingIncome": "-464000", "depreciation": "None", "depreciationAndAmortization": "37736000", "incomeBeforeTax": "26827000", "incomeTaxExpense": "5240000", "interestAndDebtExpense": "None", "netIncomeFromContinuingOperations": "21587000", "comprehensiveIncomeNetOfTax": "None", "ebit": "48219000", "ebitda": "85955000", "netIncome": "-3281000"}, {"fiscalDateEnding": "2011-12-31", "reportedCurrency": "USD", "grossProfit": "287154000", "totalRevenue": "462363000", "costOfRevenue": "175209000", "costofGoodsAndServicesSold": "175209000", "operatingIncome": "-144954000", "sellingGeneralAndAdministrative": "1527383000", "researchAndDevelopment": "50777000", "operatingExpenses": "433900000", "investmentIncomeNet": "None", "netInterestIncome": "None", "interestIncome": "None", "interestExpense": "3814000", "nonInterestIncome": "None", "otherNonOperatingIncome": "1502000", "depreciation": "None", "depreciationAndAmortization": "21105000", "incomeBeforeTax": "-139638000", "incomeTaxExpense": "-62474000", "interestAndDebtExpense": "None", "netIncomeFromContinuingOperations": "-77164000", "comprehensiveIncomeNetOfTax": "None", "ebit": "-143452000", "ebitda": "-122347000", "netIncome": "70328000"}, {"fiscalDateEnding": "2011-09-30", "reportedCurrency": "USD", "grossProfit": "931158000", "totalRevenue": "1140835000", "costOfRevenue": "209677000", "costofGoodsAndServicesSold": "209677000", "operatingIncome": "289353000", "sellingGeneralAndAdministrative": "108175000", "researchAndDevelopment": "116877000", "operatingExpenses": "641113000", "investmentIncomeNet": "None", "netInterestIncome": "None", "interestIncome": "None", "interestExpense": "32049000", "nonInterestIncome": "None", "otherNonOperatingIncome": "13881000", "depreciation": "None", "depreciationAndAmortization": "49380000", "incomeBeforeTax": "271185000", "incomeTaxExpense": "60779000", "interestAndDebtExpense": "None", "netIncomeFromContinuingOperations": "210406000", "comprehensiveIncomeNetOfTax": "None", "ebit": "218648000", "ebitda": "268028000", "netIncome": "209534000"}, {"fiscalDateEnding": "2011-06-30", "reportedCurrency": "USD", "grossProfit": "825090000", "totalRevenue": "1023634000", "costOfRevenue": "198544000", "costofGoodsAndServicesSold": "198544000", "operatingIncome": "226969000", "sellingGeneralAndAdministrative": "86945000", "researchAndDevelopment": "110161000", "operatingExpenses": "598121000", "investmentIncomeNet": "None", "netInterestIncome": "None", "interestIncome": "None", "interestExpense": "31218000", "nonInterestIncome": "None", "otherNonOperatingIncome": "589000", "depreciation": "None", "depreciationAndAmortization": "43211000", "incomeBeforeTax": "196340000", "incomeTaxExpense": "55450000", "interestAndDebtExpense": "None", "netIncomeFromContinuingOperations": "140890000", "comprehensiveIncomeNetOfTax": "None", "ebit": "138108000", "ebitda": "181319000", "netIncome": "140393000"}, {"fiscalDateEnding": "2011-03-31", "reportedCurrency": "USD", "grossProfit": "644335000", "totalRevenue": "822177000", "costOfRevenue": "177842000", "costofGoodsAndServicesSold": "177842000", "operatingIncome": "108241000", "sellingGeneralAndAdministrative": "82701000", "researchAndDevelopment": "103184000", "operatingExpenses": "534994000", "investmentIncomeNet": "None", "netInterestIncome": "None", "interestIncome": "None", "interestExpense": "31265000", "nonInterestIncome": "None", "otherNonOperatingIncome": "-2791000", "depreciation": "None", "depreciationAndAmortization": "41238000", "incomeBeforeTax": "74185000", "incomeTaxExpense": "21976000", "interestAndDebtExpense": "None", "netIncomeFromContinuingOperations": "52209000", "comprehensiveIncomeNetOfTax": "None", "ebit": "112767000", "ebitda": "154005000", "netIncome": "52039000"}, {"fiscalDateEnding": "2010-12-31", "reportedCurrency": "USD", "grossProfit": "632172000", "totalRevenue": "808370000", "costOfRevenue": "176198000", "costofGoodsAndServicesSold": "176198000", "operatingIncome": "149247000", "sellingGeneralAndAdministrative": "88365000", "researchAndDevelopment": "94939000", "operatingExpenses": "477383000", "investmentIncomeNet": "None", "netInterestIncome": "None", "interestIncome": "None", "interestExpense": "32886000", "nonInterestIncome": "None", "otherNonOperatingIncome": "None", "depreciation": "None", "depreciationAndAmortization": "43422000", "incomeBeforeTax": "114307000", "incomeTaxExpense": "42723000", "interestAndDebtExpense": "None", "netIncomeFromContinuingOperations": "0", "comprehensiveIncomeNetOfTax": "None", "ebit": "147193000", "ebitda": "190615000", "netIncome": "71293000"}, {"fiscalDateEnding": "2010-09-30", "reportedCurrency": "USD", "grossProfit": "797827000", "totalRevenue": "987860000", "costOfRevenue": "190033000", "costofGoodsAndServicesSold": "190033000", "operatingIncome": "276804000", "sellingGeneralAndAdministrative": "75581000", "researchAndDevelopment": "93297000", "operatingExpenses": "521023000", "investmentIncomeNet": "None", "netInterestIncome": "None", "interestIncome": "None", "interestExpense": "26993000", "nonInterestIncome": "None", "otherNonOperatingIncome": "-11203000", "depreciation": "None", "depreciationAndAmortization": "8126000", "incomeBeforeTax": "238608000", "incomeTaxExpense": "60584000", "interestAndDebtExpense": "None", "netIncomeFromContinuingOperations": "178024000", "comprehensiveIncomeNetOfTax": "None", "ebit": "296276000", "ebitda": "304402000", "netIncome": "176550000"}, {"fiscalDateEnding": "2010-06-30", "reportedCurrency": "USD", "grossProfit": "665389000", "totalRevenue": "833960000", "costOfRevenue": "168571000", "costofGoodsAndServicesSold": "168571000", "operatingIncome": "193690000", "sellingGeneralAndAdministrative": "79105000", "researchAndDevelopment": "87420000", "operatingExpenses": "471699000", "investmentIncomeNet": "None", "netInterestIncome": "None", "interestIncome": "None", "interestExpense": "20209000", "nonInterestIncome": "None", "otherNonOperatingIncome": "2038000", "depreciation": "None", "depreciationAndAmortization": "38659000", "incomeBeforeTax": "175519000", "incomeTaxExpense": "60166000", "interestAndDebtExpense": "None", "netIncomeFromContinuingOperations": "115353000", "comprehensiveIncomeNetOfTax": "None", "ebit": "195728000", "ebitda": "234387000", "netIncome": "114262000"}, {"fiscalDateEnding": "2010-03-31", "reportedCurrency": "USD", "grossProfit": "559889000", "totalRevenue": "717919000", "costOfRevenue": "158030000", "costofGoodsAndServicesSold": "158030000", "operatingIncome": "112174000", "sellingGeneralAndAdministrative": "71058000", "researchAndDevelopment": "86791000", "operatingExpenses": "447715000", "investmentIncomeNet": "None", "netInterestIncome": "None", "interestIncome": "None", "interestExpense": "21203000", "nonInterestIncome": "None", "otherNonOperatingIncome": "None", "depreciation": "None", "depreciationAndAmortization": "34643000", "incomeBeforeTax": "92134000", "incomeTaxExpense": "31535000", "interestAndDebtExpense": "None", "netIncomeFromContinuingOperations": "0", "comprehensiveIncomeNetOfTax": "None", "ebit": "113337000", "ebitda": "147980000", "netIncome": "59395000"}, {"fiscalDateEnding": "2009-12-31", "reportedCurrency": "USD", "grossProfit": "551978000", "totalRevenue": "697518000", "costOfRevenue": "145540000", "costofGoodsAndServicesSold": "145540000", "operatingIncome": "140851000", "sellingGeneralAndAdministrative": "82030000", "researchAndDevelopment": "85518000", "operatingExpenses": "405556000", "investmentIncomeNet": "None", "netInterestIncome": "None", "interestIncome": "None", "interestExpense": "20603000", "nonInterestIncome": "None", "otherNonOperatingIncome": "None", "depreciation": "None", "depreciationAndAmortization": "52158000", "incomeBeforeTax": "116618000", "incomeTaxExpense": "12405000", "interestAndDebtExpense": "None", "netIncomeFromContinuingOperations": "0", "comprehensiveIncomeNetOfTax": "None", "ebit": "137221000", "ebitda": "189379000", "netIncome": "102226000"}, {"fiscalDateEnding": "2009-09-30", "reportedCurrency": "USD", "grossProfit": "682992000", "totalRevenue": "852428000", "costOfRevenue": "169436000", "costofGoodsAndServicesSold": "169436000", "operatingIncome": "222974000", "sellingGeneralAndAdministrative": "73165000", "researchAndDevelopment": "78637000", "operatingExpenses": "446237000", "investmentIncomeNet": "None", "netInterestIncome": "None", "interestIncome": "None", "interestExpense": "21180000", "nonInterestIncome": "None", "otherNonOperatingIncome": "None", "depreciation": "None", "depreciationAndAmortization": "50018000", "incomeBeforeTax": "198198000", "incomeTaxExpense": "80385000", "interestAndDebtExpense": "None", "netIncomeFromContinuingOperations": "0", "comprehensiveIncomeNetOfTax": "None", "ebit": "204859000", "ebitda": "254877000", "netIncome": "117014000"}, {"fiscalDateEnding": "2009-06-30", "reportedCurrency": "USD", "grossProfit": "621006000", "totalRevenue": "769768000", "costOfRevenue": "148762000", "costofGoodsAndServicesSold": "148762000", "operatingIncome": "114642000", "sellingGeneralAndAdministrative": "67380000", "researchAndDevelopment": "77881000", "operatingExpenses": "500266000", "investmentIncomeNet": "None", "netInterestIncome": "None", "interestIncome": "None", "interestExpense": "20805000", "nonInterestIncome": "None", "otherNonOperatingIncome": "None", "depreciation": "None", "depreciationAndAmortization": "9302000", "incomeBeforeTax": "76181000", "incomeTaxExpense": "34338000", "interestAndDebtExpense": "None", "netIncomeFromContinuingOperations": "0", "comprehensiveIncomeNetOfTax": "None", "ebit": "121779000", "ebitda": "131081000", "netIncome": "40902000"}, {"fiscalDateEnding": "2009-03-31", "reportedCurrency": "USD", "grossProfit": "492199000", "totalRevenue": "635712000", "costOfRevenue": "143513000", "costofGoodsAndServicesSold": "143513000", "operatingIncome": "92947000", "sellingGeneralAndAdministrative": "67909000", "researchAndDevelopment": "77672000", "operatingExpenses": "390534000", "investmentIncomeNet": "None", "netInterestIncome": "None", "interestIncome": "None", "interestExpense": "21645000", "nonInterestIncome": "None", "otherNonOperatingIncome": "None", "depreciation": "None", "depreciationAndAmortization": "52277000", "incomeBeforeTax": "67026000", "incomeTaxExpense": "27272000", "interestAndDebtExpense": "None", "netIncomeFromContinuingOperations": "0", "comprehensiveIncomeNetOfTax": "None", "ebit": "70099000", "ebitda": "122376000", "netIncome": "39384000"}, {"fiscalDateEnding": "2008-12-31", "reportedCurrency": "USD", "grossProfit": "483885000", "totalRevenue": "620811000", "costOfRevenue": "136926000", "costofGoodsAndServicesSold": "136926000", "operatingIncome": "-2889078000", "sellingGeneralAndAdministrative": "307639000", "researchAndDevelopment": "52426000", "operatingExpenses": "376963000", "investmentIncomeNet": "None", "netInterestIncome": "None", "interestIncome": "None", "interestExpense": "71984000", "nonInterestIncome": "None", "otherNonOperatingIncome": "None", "depreciation": "None", "depreciationAndAmortization": "52027000", "incomeBeforeTax": "-2918328000", "incomeTaxExpense": "-158173000", "interestAndDebtExpense": "None", "netIncomeFromContinuingOperations": "0", "comprehensiveIncomeNetOfTax": "None", "ebit": "-2902845000", "ebitda": "-2850818000", "netIncome": "-2759982000"}, {"fiscalDateEnding": "2008-09-30", "reportedCurrency": "USD", "grossProfit": "656336000", "totalRevenue": "833337000", "costOfRevenue": "177001000", "costofGoodsAndServicesSold": "177001000", "operatingIncome": "199586000", "sellingGeneralAndAdministrative": "389443000", "researchAndDevelopment": "51480000", "operatingExpenses": "456750000", "investmentIncomeNet": "None", "netInterestIncome": "None", "interestIncome": "None", "interestExpense": "20061000", "nonInterestIncome": "None", "otherNonOperatingIncome": "None", "depreciation": "None", "depreciationAndAmortization": "50765000", "incomeBeforeTax": "163710000", "incomeTaxExpense": "69223000", "interestAndDebtExpense": "None", "netIncomeFromContinuingOperations": "0", "comprehensiveIncomeNetOfTax": "None", "ebit": "183771000", "ebitda": "234536000", "netIncome": "94824000"}, {"fiscalDateEnding": "2008-06-30", "reportedCurrency": "USD", "grossProfit": "626174000", "totalRevenue": "795048000", "costOfRevenue": "168874000", "costofGoodsAndServicesSold": "168874000", "operatingIncome": "170541000", "sellingGeneralAndAdministrative": "384229000", "researchAndDevelopment": "52744000", "operatingExpenses": "455633000", "investmentIncomeNet": "None", "netInterestIncome": "None", "interestIncome": "None", "interestExpense": "13342000", "nonInterestIncome": "None", "otherNonOperatingIncome": "None", "depreciation": "None", "depreciationAndAmortization": "51810000", "incomeBeforeTax": "161174000", "incomeTaxExpense": "65944000", "interestAndDebtExpense": "None", "netIncomeFromContinuingOperations": "0", "comprehensiveIncomeNetOfTax": "None", "ebit": "174516000", "ebitda": "226326000", "netIncome": "96089000"}, {"fiscalDateEnding": "2008-03-31", "reportedCurrency": "USD", "grossProfit": "535874000", "totalRevenue": "687817000", "costOfRevenue": "151943000", "costofGoodsAndServicesSold": "151943000", "operatingIncome": "89998000", "sellingGeneralAndAdministrative": "375523000", "researchAndDevelopment": "52302000", "operatingExpenses": "445876000", "investmentIncomeNet": "None", "netInterestIncome": "None", "interestIncome": "None", "interestExpense": "15700000", "nonInterestIncome": "None", "otherNonOperatingIncome": "None", "depreciation": "None", "depreciationAndAmortization": "52925000", "incomeBeforeTax": "78740000", "incomeTaxExpense": "28972000", "interestAndDebtExpense": "None", "netIncomeFromContinuingOperations": "0", "comprehensiveIncomeNetOfTax": "None", "ebit": "94440000", "ebitda": "147365000", "netIncome": "51306000"}, {"fiscalDateEnding": "2007-12-31", "reportedCurrency": "USD", "grossProfit": "518898000", "totalRevenue": "665302000", "costOfRevenue": "146404000", "costofGoodsAndServicesSold": "146404000", "operatingIncome": "128338000", "sellingGeneralAndAdministrative": "321035000", "researchAndDevelopment": "51268000", "operatingExpenses": "390560000", "investmentIncomeNet": "None", "netInterestIncome": "None", "interestIncome": "None", "interestExpense": "52896000", "nonInterestIncome": "None", "otherNonOperatingIncome": "None", "depreciation": "None", "depreciationAndAmortization": "53002000", "incomeBeforeTax": "114015000", "incomeTaxExpense": "49884000", "interestAndDebtExpense": "None", "netIncomeFromContinuingOperations": "0", "comprehensiveIncomeNetOfTax": "None", "ebit": "128338000", "ebitda": "181340000", "netIncome": "65357000"}, {"fiscalDateEnding": "2007-09-30", "reportedCurrency": "USD", "grossProfit": "608543000", "totalRevenue": "759596000", "costOfRevenue": "151053000", "costofGoodsAndServicesSold": "151053000", "operatingIncome": "179772000", "sellingGeneralAndAdministrative": "362706000", "researchAndDevelopment": "47452000", "operatingExpenses": "428771000", "investmentIncomeNet": "None", "netInterestIncome": "None", "interestIncome": "None", "interestExpense": "13940000", "nonInterestIncome": "None", "otherNonOperatingIncome": "None", "depreciation": "None", "depreciationAndAmortization": "48361000", "incomeBeforeTax": "164826000", "incomeTaxExpense": "65542000", "interestAndDebtExpense": "None", "netIncomeFromContinuingOperations": "0", "comprehensiveIncomeNetOfTax": "None", "ebit": "131411000", "ebitda": "179772000", "netIncome": "99595000"}, {"fiscalDateEnding": "2007-06-30", "reportedCurrency": "USD", "grossProfit": "546277000", "totalRevenue": "689923000", "costOfRevenue": "143646000", "costofGoodsAndServicesSold": "143646000", "operatingIncome": "153625000", "sellingGeneralAndAdministrative": "331638000", "researchAndDevelopment": "41511000", "operatingExpenses": "392652000", "investmentIncomeNet": "None", "netInterestIncome": "None", "interestIncome": "None", "interestExpense": "9902000", "nonInterestIncome": "None", "otherNonOperatingIncome": "None", "depreciation": "None", "depreciationAndAmortization": "47137000", "incomeBeforeTax": "160211000", "incomeTaxExpense": "64076000", "interestAndDebtExpense": "None", "netIncomeFromContinuingOperations": "0", "comprehensiveIncomeNetOfTax": "None", "ebit": "106488000", "ebitda": "153625000", "netIncome": "96136000"}, {"fiscalDateEnding": "2007-03-31", "reportedCurrency": "USD", "grossProfit": "429213000", "totalRevenue": "550511000", "costOfRevenue": "121298000", "costofGoodsAndServicesSold": "121298000", "operatingIncome": "67334000", "sellingGeneralAndAdministrative": "340683000", "researchAndDevelopment": "42252000", "operatingExpenses": "361879000", "investmentIncomeNet": "None", "netInterestIncome": "None", "interestIncome": "None", "interestExpense": "11176000", "nonInterestIncome": "None", "otherNonOperatingIncome": "None", "depreciation": "None", "depreciationAndAmortization": "51444000", "incomeBeforeTax": "57932000", "incomeTaxExpense": "23612000", "interestAndDebtExpense": "None", "netIncomeFromContinuingOperations": "0", "comprehensiveIncomeNetOfTax": "None", "ebit": "15890000", "ebitda": "67334000", "netIncome": "34776000"}, {"fiscalDateEnding": "2006-12-31", "reportedCurrency": "USD", "grossProfit": "409507000", "totalRevenue": "531288000", "costOfRevenue": "121781000", "costofGoodsAndServicesSold": "121781000", "operatingIncome": "99540000", "sellingGeneralAndAdministrative": "250496000", "researchAndDevelopment": "35505000", "operatingExpenses": "309967000", "investmentIncomeNet": "None", "netInterestIncome": "None", "interestIncome": "None", "interestExpense": "17266000", "nonInterestIncome": "None", "otherNonOperatingIncome": "None", "depreciation": "None", "depreciationAndAmortization": "59649000", "incomeBeforeTax": "102958000", "incomeTaxExpense": "35928000", "interestAndDebtExpense": "None", "netIncomeFromContinuingOperations": "0", "comprehensiveIncomeNetOfTax": "None", "ebit": "99540000", "ebitda": "159189000", "netIncome": "67140000"}, {"fiscalDateEnding": "2006-09-30", "reportedCurrency": "USD", "grossProfit": "480848000", "totalRevenue": "613942000", "costOfRevenue": "133094000", "costofGoodsAndServicesSold": "133094000", "operatingIncome": "89292000", "sellingGeneralAndAdministrative": "281242000", "researchAndDevelopment": "36034000", "operatingExpenses": "391556000", "investmentIncomeNet": "None", "netInterestIncome": "None", "interestIncome": "None", "interestExpense": "4857000", "nonInterestIncome": "None", "otherNonOperatingIncome": "None", "depreciation": "None", "depreciationAndAmortization": "56880000", "incomeBeforeTax": "97058000", "incomeTaxExpense": "37707000", "interestAndDebtExpense": "None", "netIncomeFromContinuingOperations": "0", "comprehensiveIncomeNetOfTax": "None", "ebit": "32412000", "ebitda": "89292000", "netIncome": "58977000"}, {"fiscalDateEnding": "2006-06-30", "reportedCurrency": "USD", "grossProfit": "470009000", "totalRevenue": "598458000", "costOfRevenue": "128449000", "costofGoodsAndServicesSold": "128449000", "operatingIncome": "136255000", "sellingGeneralAndAdministrative": "269719000", "researchAndDevelopment": "33288000", "operatingExpenses": "333754000", "investmentIncomeNet": "None", "netInterestIncome": "None", "interestIncome": "None", "interestExpense": "475000", "nonInterestIncome": "None", "otherNonOperatingIncome": "None", "depreciation": "None", "depreciationAndAmortization": "59593000", "incomeBeforeTax": "153280000", "incomeTaxExpense": "56158000", "interestAndDebtExpense": "None", "netIncomeFromContinuingOperations": "0", "comprehensiveIncomeNetOfTax": "None", "ebit": "76662000", "ebitda": "136255000", "netIncome": "95482000"}, {"fiscalDateEnding": "2006-03-31", "reportedCurrency": "USD", "grossProfit": "374584000", "totalRevenue": "493898000", "costOfRevenue": "119314000", "costofGoodsAndServicesSold": "119314000", "operatingIncome": "26242000", "sellingGeneralAndAdministrative": "309931000", "researchAndDevelopment": "35544000", "operatingExpenses": "348342000", "investmentIncomeNet": "None", "netInterestIncome": "None", "interestIncome": "None", "interestExpense": "1898000", "nonInterestIncome": "None", "otherNonOperatingIncome": "None", "depreciation": "None", "depreciationAndAmortization": "73346000", "incomeBeforeTax": "31602000", "incomeTaxExpense": "9658000", "interestAndDebtExpense": "None", "netIncomeFromContinuingOperations": "0", "comprehensiveIncomeNetOfTax": "None", "ebit": "-47104000", "ebitda": "26242000", "netIncome": "23335000"}, {"fiscalDateEnding": "2005-12-31", "reportedCurrency": "USD", "grossProfit": "384507000", "totalRevenue": "494749000", "costOfRevenue": "110242000", "costofGoodsAndServicesSold": "110242000", "operatingIncome": "85709000", "sellingGeneralAndAdministrative": "139287000", "researchAndDevelopment": "112280000", "operatingExpenses": "298798000", "investmentIncomeNet": "None", "netInterestIncome": "None", "interestIncome": "None", "interestExpense": "1416000", "nonInterestIncome": "None", "otherNonOperatingIncome": "None", "depreciation": "None", "depreciationAndAmortization": "59807000", "incomeBeforeTax": "66586000", "incomeTaxExpense": "42082000", "interestAndDebtExpense": "None", "netIncomeFromContinuingOperations": "0", "comprehensiveIncomeNetOfTax": "None", "ebit": "85709000", "ebitda": "145516000", "netIncome": "25234000"}, {"fiscalDateEnding": "2005-09-30", "reportedCurrency": "USD", "grossProfit": "456581000", "totalRevenue": "584653000", "costOfRevenue": "128072000", "costofGoodsAndServicesSold": "128072000", "operatingIncome": "148639000", "sellingGeneralAndAdministrative": "273057000", "researchAndDevelopment": "28741000", "operatingExpenses": "307942000", "investmentIncomeNet": "None", "netInterestIncome": "None", "interestIncome": "None", "interestExpense": "310000", "nonInterestIncome": "None", "otherNonOperatingIncome": "None", "depreciation": "None", "depreciationAndAmortization": "197522000", "incomeBeforeTax": "150560000", "incomeTaxExpense": "69026000", "interestAndDebtExpense": "None", "netIncomeFromContinuingOperations": "0", "comprehensiveIncomeNetOfTax": "None", "ebit": "-48883000", "ebitda": "148639000", "netIncome": "82035000"}, {"fiscalDateEnding": "2005-06-30", "reportedCurrency": "USD", "grossProfit": "425523000", "totalRevenue": "555007000", "costOfRevenue": "129484000", "costofGoodsAndServicesSold": "129484000", "operatingIncome": "96379000", "sellingGeneralAndAdministrative": "101263000", "researchAndDevelopment": "0", "operatingExpenses": "329144000", "investmentIncomeNet": "None", "netInterestIncome": "None", "interestIncome": "None", "interestExpense": "74000", "nonInterestIncome": "None", "otherNonOperatingIncome": "None", "depreciation": "None", "depreciationAndAmortization": "12077000", "incomeBeforeTax": "119567000", "incomeTaxExpense": "45484000", "interestAndDebtExpense": "None", "netIncomeFromContinuingOperations": "0", "comprehensiveIncomeNetOfTax": "None", "ebit": "84302000", "ebitda": "96379000", "netIncome": "73432000"}, {"fiscalDateEnding": "2005-03-31", "reportedCurrency": "USD", "grossProfit": "370943000", "totalRevenue": "485046000", "costOfRevenue": "114103000", "costofGoodsAndServicesSold": "114103000", "operatingIncome": "66325000", "sellingGeneralAndAdministrative": "92931000", "researchAndDevelopment": "0", "operatingExpenses": "304618000", "investmentIncomeNet": "None", "netInterestIncome": "None", "interestIncome": "None", "interestExpense": "0", "nonInterestIncome": "None", "otherNonOperatingIncome": "None", "depreciation": "None", "depreciationAndAmortization": "11428000", "incomeBeforeTax": "77158000", "incomeTaxExpense": "29385000", "interestAndDebtExpense": "None", "netIncomeFromContinuingOperations": "0", "comprehensiveIncomeNetOfTax": "None", "ebit": "85960000", "ebitda": "97388000", "netIncome": "48029000"}, {"fiscalDateEnding": "2004-12-31", "reportedCurrency": "USD", "grossProfit": "320250000", "totalRevenue": "438999000", "costOfRevenue": "118749000", "costofGoodsAndServicesSold": "118749000", "operatingIncome": "70013000", "sellingGeneralAndAdministrative": "240049000", "researchAndDevelopment": "0", "operatingExpenses": "250237000", "investmentIncomeNet": "None", "netInterestIncome": "None", "interestIncome": "None", "interestExpense": "453000", "nonInterestIncome": "None", "otherNonOperatingIncome": "None", "depreciation": "None", "depreciationAndAmortization": "71979000", "incomeBeforeTax": "72566000", "incomeTaxExpense": "28634000", "interestAndDebtExpense": "None", "netIncomeFromContinuingOperations": "0", "comprehensiveIncomeNetOfTax": "None", "ebit": "102875000", "ebitda": "174854000", "netIncome": "44120000"}]}