{"symbol": "PPL", "annualReports": [{"fiscalDateEnding": "2024-12-31", "reportedCurrency": "USD", "grossProfit": "5072000000", "totalRevenue": "8462000000", "costOfRevenue": "3390000000", "costofGoodsAndServicesSold": "3390000000", "operatingIncome": "1740000000", "sellingGeneralAndAdministrative": "None", "researchAndDevelopment": "None", "operatingExpenses": "6722000000", "investmentIncomeNet": "None", "netInterestIncome": "-705000000", "interestIncome": "33000000", "interestExpense": "738000000", "nonInterestIncome": "None", "otherNonOperatingIncome": "None", "depreciation": "None", "depreciationAndAmortization": "1357000000", "incomeBeforeTax": "1116000000", "incomeTaxExpense": "228000000", "interestAndDebtExpense": "None", "netIncomeFromContinuingOperations": "888000000", "comprehensiveIncomeNetOfTax": "None", "ebit": "1854000000", "ebitda": "3211000000", "netIncome": "888000000"}, {"fiscalDateEnding": "2023-12-31", "reportedCurrency": "USD", "grossProfit": "3276000000", "totalRevenue": "8312000000", "costOfRevenue": "5036000000", "costofGoodsAndServicesSold": "5036000000", "operatingIncome": "1630000000", "sellingGeneralAndAdministrative": "40000000", "researchAndDevelopment": "None", "operatingExpenses": "1646000000", "investmentIncomeNet": "None", "netInterestIncome": "-618000000", "interestIncome": "32000000", "interestExpense": "666000000", "nonInterestIncome": "None", "otherNonOperatingIncome": "None", "depreciation": "None", "depreciationAndAmortization": "1335000000", "incomeBeforeTax": "924000000", "incomeTaxExpense": "184000000", "interestAndDebtExpense": "None", "netIncomeFromContinuingOperations": "775000000", "comprehensiveIncomeNetOfTax": "None", "ebit": "1596000000", "ebitda": "2931000000", "netIncome": "740000000"}, {"fiscalDateEnding": "2022-12-31", "reportedCurrency": "USD", "grossProfit": "2887000000", "totalRevenue": "7902000000", "costOfRevenue": "5015000000", "costofGoodsAndServicesSold": "5015000000", "operatingIncome": "1374000000", "sellingGeneralAndAdministrative": "47000000", "researchAndDevelopment": "None", "operatingExpenses": "1513000000", "investmentIncomeNet": "None", "netInterestIncome": "-509000000", "interestIncome": "4000000", "interestExpense": "513000000", "nonInterestIncome": "None", "otherNonOperatingIncome": "54000000", "depreciation": "None", "depreciationAndAmortization": "1239000000", "incomeBeforeTax": "915000000", "incomeTaxExpense": "201000000", "interestAndDebtExpense": "None", "netIncomeFromContinuingOperations": "714000000", "comprehensiveIncomeNetOfTax": "None", "ebit": "1423000000", "ebitda": "2662000000", "netIncome": "756000000"}, {"fiscalDateEnding": "2021-12-31", "reportedCurrency": "USD", "grossProfit": "2713000000", "totalRevenue": "5783000000", "costOfRevenue": "3070000000", "costofGoodsAndServicesSold": "3070000000", "operatingIncome": "1424000000", "sellingGeneralAndAdministrative": "21000000", "researchAndDevelopment": "None", "operatingExpenses": "1289000000", "investmentIncomeNet": "None", "netInterestIncome": "-906000000", "interestIncome": "906000000", "interestExpense": "918000000", "nonInterestIncome": "None", "otherNonOperatingIncome": "15000000", "depreciation": "None", "depreciationAndAmortization": "1137000000", "incomeBeforeTax": "521000000", "incomeTaxExpense": "503000000", "interestAndDebtExpense": "None", "netIncomeFromContinuingOperations": "18000000", "comprehensiveIncomeNetOfTax": "None", "ebit": "1448000000", "ebitda": "2585000000", "netIncome": "18000000"}, {"fiscalDateEnding": "2020-12-31", "reportedCurrency": "USD", "grossProfit": "4397000000", "totalRevenue": "7607000000", "costOfRevenue": "3210000000", "costofGoodsAndServicesSold": "3210000000", "operatingIncome": "2803000000", "sellingGeneralAndAdministrative": "2000000", "researchAndDevelopment": "None", "operatingExpenses": "1594000000", "investmentIncomeNet": "None", "netInterestIncome": "-991000000", "interestIncome": "10000000", "interestExpense": "1001000000", "nonInterestIncome": "None", "otherNonOperatingIncome": "169000000", "depreciation": "None", "depreciationAndAmortization": "1095000000", "incomeBeforeTax": "1971000000", "incomeTaxExpense": "502000000", "interestAndDebtExpense": "None", "netIncomeFromContinuingOperations": "1469000000", "comprehensiveIncomeNetOfTax": "None", "ebit": "1575000000", "ebitda": "2670000000", "netIncome": "1469000000"}, {"fiscalDateEnding": "2019-12-31", "reportedCurrency": "USD", "grossProfit": "4352000000", "totalRevenue": "7769000000", "costOfRevenue": "3417000000", "costofGoodsAndServicesSold": "3417000000", "operatingIncome": "2840000000", "sellingGeneralAndAdministrative": "316000000", "researchAndDevelopment": "None", "operatingExpenses": "1512000000", "investmentIncomeNet": "None", "netInterestIncome": "-978000000", "interestIncome": "16000000", "interestExpense": "994000000", "nonInterestIncome": "None", "otherNonOperatingIncome": "309000000", "depreciation": "None", "depreciationAndAmortization": "1299000000", "incomeBeforeTax": "2155000000", "incomeTaxExpense": "409000000", "interestAndDebtExpense": "None", "netIncomeFromContinuingOperations": "1746000000", "comprehensiveIncomeNetOfTax": "None", "ebit": "3135000000", "ebitda": "4434000000", "netIncome": "1746000000"}, {"fiscalDateEnding": "2018-12-31", "reportedCurrency": "USD", "grossProfit": "4258000000", "totalRevenue": "7785000000", "costOfRevenue": "3527000000", "costofGoodsAndServicesSold": "3527000000", "operatingIncome": "2852000000", "sellingGeneralAndAdministrative": "257000000", "researchAndDevelopment": "0", "operatingExpenses": "1406000000", "investmentIncomeNet": "None", "netInterestIncome": "-957000000", "interestIncome": "6000000", "interestExpense": "963000000", "nonInterestIncome": "None", "otherNonOperatingIncome": "396000000", "depreciation": "None", "depreciationAndAmortization": "1192000000", "incomeBeforeTax": "2285000000", "incomeTaxExpense": "458000000", "interestAndDebtExpense": "None", "netIncomeFromContinuingOperations": "1827000000", "comprehensiveIncomeNetOfTax": "None", "ebit": "3236000000", "ebitda": "4428000000", "netIncome": "1827000000"}, {"fiscalDateEnding": "2017-12-31", "reportedCurrency": "USD", "grossProfit": "4368000000", "totalRevenue": "7447000000", "costOfRevenue": "3079000000", "costofGoodsAndServicesSold": "3079000000", "operatingIncome": "3068000000", "sellingGeneralAndAdministrative": "167000000", "researchAndDevelopment": "0", "operatingExpenses": "1300000000", "investmentIncomeNet": "None", "netInterestIncome": "-899000000", "interestIncome": "2000000", "interestExpense": "901000000", "nonInterestIncome": "None", "otherNonOperatingIncome": "-255000000", "depreciation": "None", "depreciationAndAmortization": "1126000000", "incomeBeforeTax": "1912000000", "incomeTaxExpense": "784000000", "interestAndDebtExpense": "None", "netIncomeFromContinuingOperations": "1128000000", "comprehensiveIncomeNetOfTax": "None", "ebit": "2798000000", "ebitda": "3924000000", "netIncome": "1128000000"}, {"fiscalDateEnding": "2016-12-31", "reportedCurrency": "USD", "grossProfit": "4275000000", "totalRevenue": "7517000000", "costOfRevenue": "3242000000", "costofGoodsAndServicesSold": "3242000000", "operatingIncome": "3048000000", "sellingGeneralAndAdministrative": "112000000", "researchAndDevelopment": "0", "operatingExpenses": "1227000000", "investmentIncomeNet": "None", "netInterestIncome": "-885000000", "interestIncome": "3000000", "interestExpense": "888000000", "nonInterestIncome": "None", "otherNonOperatingIncome": "390000000", "depreciation": "None", "depreciationAndAmortization": "1030000000", "incomeBeforeTax": "2550000000", "incomeTaxExpense": "648000000", "interestAndDebtExpense": "None", "netIncomeFromContinuingOperations": "1902000000", "comprehensiveIncomeNetOfTax": "None", "ebit": "3427000000", "ebitda": "4457000000", "netIncome": "1902000000"}, {"fiscalDateEnding": "2015-12-31", "reportedCurrency": "USD", "grossProfit": "4013000000", "totalRevenue": "7669000000", "costOfRevenue": "3656000000", "costofGoodsAndServicesSold": "3656000000", "operatingIncome": "2831000000", "sellingGeneralAndAdministrative": "112000000", "researchAndDevelopment": "0", "operatingExpenses": "1182000000", "investmentIncomeNet": "None", "netInterestIncome": "None", "interestIncome": "871000000", "interestExpense": "871000000", "nonInterestIncome": "None", "otherNonOperatingIncome": "None", "depreciation": "None", "depreciationAndAmortization": "942000000", "incomeBeforeTax": "2068000000", "incomeTaxExpense": "465000000", "interestAndDebtExpense": "None", "netIncomeFromContinuingOperations": "1603000000", "comprehensiveIncomeNetOfTax": "None", "ebit": "2836000000", "ebitda": "3778000000", "netIncome": "682000000"}, {"fiscalDateEnding": "2014-12-31", "reportedCurrency": "USD", "grossProfit": "4866000000", "totalRevenue": "11499000000", "costOfRevenue": "6633000000", "costofGoodsAndServicesSold": "6633000000", "operatingIncome": "3272000000", "sellingGeneralAndAdministrative": "0", "researchAndDevelopment": "0", "operatingExpenses": "1594000000", "investmentIncomeNet": "None", "netInterestIncome": "None", "interestIncome": "None", "interestExpense": "1024000000", "nonInterestIncome": "None", "otherNonOperatingIncome": "None", "depreciation": "None", "depreciationAndAmortization": "1465000000", "incomeBeforeTax": "2364000000", "incomeTaxExpense": "781000000", "interestAndDebtExpense": "None", "netIncomeFromContinuingOperations": "1437000000", "comprehensiveIncomeNetOfTax": "None", "ebit": "2393000000", "ebitda": "3858000000", "netIncome": "1737000000"}, {"fiscalDateEnding": "2013-12-31", "reportedCurrency": "USD", "grossProfit": "4561000000", "totalRevenue": "11860000000", "costOfRevenue": "7299000000", "costofGoodsAndServicesSold": "7299000000", "operatingIncome": "2339000000", "sellingGeneralAndAdministrative": "0", "researchAndDevelopment": "0", "operatingExpenses": "1525000000", "investmentIncomeNet": "None", "netInterestIncome": "None", "interestIncome": "None", "interestExpense": "1006000000", "nonInterestIncome": "None", "otherNonOperatingIncome": "-23000000", "depreciation": "None", "depreciationAndAmortization": "1383000000", "incomeBeforeTax": "1309000000", "incomeTaxExpense": "180000000", "interestAndDebtExpense": "None", "netIncomeFromContinuingOperations": "1129000000", "comprehensiveIncomeNetOfTax": "None", "ebit": "2077000000", "ebitda": "3460000000", "netIncome": "1130000000"}, {"fiscalDateEnding": "2012-12-31", "reportedCurrency": "USD", "grossProfit": "4575000000", "totalRevenue": "12286000000", "costOfRevenue": "7711000000", "costofGoodsAndServicesSold": "7711000000", "operatingIncome": "3109000000", "sellingGeneralAndAdministrative": "0", "researchAndDevelopment": "0", "operatingExpenses": "1466000000", "investmentIncomeNet": "None", "netInterestIncome": "None", "interestIncome": "None", "interestExpense": "961000000", "nonInterestIncome": "None", "otherNonOperatingIncome": "None", "depreciation": "None", "depreciationAndAmortization": "1286000000", "incomeBeforeTax": "2082000000", "incomeTaxExpense": "545000000", "interestAndDebtExpense": "None", "netIncomeFromContinuingOperations": "None", "comprehensiveIncomeNetOfTax": "None", "ebit": "2960000000", "ebitda": "4246000000", "netIncome": "1526000000"}, {"fiscalDateEnding": "2011-12-31", "reportedCurrency": "USD", "grossProfit": "7054000000", "totalRevenue": "12737000000", "costOfRevenue": "5683000000", "costofGoodsAndServicesSold": "5683000000", "operatingIncome": "3026000000", "sellingGeneralAndAdministrative": "0", "researchAndDevelopment": "0", "operatingExpenses": "4028000000", "investmentIncomeNet": "None", "netInterestIncome": "None", "interestIncome": "None", "interestExpense": "912000000", "nonInterestIncome": "None", "otherNonOperatingIncome": "None", "depreciation": "None", "depreciationAndAmortization": "1215000000", "incomeBeforeTax": "2112000000", "incomeTaxExpense": "655000000", "interestAndDebtExpense": "None", "netIncomeFromContinuingOperations": "None", "comprehensiveIncomeNetOfTax": "None", "ebit": "3099000000", "ebitda": "4314000000", "netIncome": "1442000000"}, {"fiscalDateEnding": "2010-12-31", "reportedCurrency": "USD", "grossProfit": "8469000000", "totalRevenue": "12191000000", "costOfRevenue": "3722000000", "costofGoodsAndServicesSold": "3722000000", "operatingIncome": "1866000000", "sellingGeneralAndAdministrative": "0", "researchAndDevelopment": "0", "operatingExpenses": "2550000000", "investmentIncomeNet": "None", "netInterestIncome": "None", "interestIncome": "None", "interestExpense": "593000000", "nonInterestIncome": "None", "otherNonOperatingIncome": "None", "depreciation": "None", "depreciationAndAmortization": "786000000", "incomeBeforeTax": "1239000000", "incomeTaxExpense": "263000000", "interestAndDebtExpense": "None", "netIncomeFromContinuingOperations": "None", "comprehensiveIncomeNetOfTax": "None", "ebit": "1900000000", "ebitda": "2686000000", "netIncome": "938000000"}, {"fiscalDateEnding": "2009-12-31", "reportedCurrency": "USD", "grossProfit": "3438000000", "totalRevenue": "7556000000", "costOfRevenue": "4118000000", "costofGoodsAndServicesSold": "4118000000", "operatingIncome": "961000000", "sellingGeneralAndAdministrative": "0", "researchAndDevelopment": "0", "operatingExpenses": "2477000000", "investmentIncomeNet": "None", "netInterestIncome": "None", "interestIncome": "None", "interestExpense": "396000000", "nonInterestIncome": "None", "otherNonOperatingIncome": "None", "depreciation": "None", "depreciationAndAmortization": "471000000", "incomeBeforeTax": "596000000", "incomeTaxExpense": "130000000", "interestAndDebtExpense": "None", "netIncomeFromContinuingOperations": "None", "comprehensiveIncomeNetOfTax": "None", "ebit": "961000000", "ebitda": "1432000000", "netIncome": "407000000"}, {"fiscalDateEnding": "2008-12-31", "reportedCurrency": "USD", "grossProfit": "4773000000", "totalRevenue": "8044000000", "costOfRevenue": "3271000000", "costofGoodsAndServicesSold": "3271000000", "operatingIncome": "1819000000", "sellingGeneralAndAdministrative": "None", "researchAndDevelopment": "None", "operatingExpenses": "2954000000", "investmentIncomeNet": "None", "netInterestIncome": "None", "interestIncome": "None", "interestExpense": "459000000", "nonInterestIncome": "None", "otherNonOperatingIncome": "None", "depreciation": "None", "depreciationAndAmortization": "844000000", "incomeBeforeTax": "1380000000", "incomeTaxExpense": "440000000", "interestAndDebtExpense": "None", "netIncomeFromContinuingOperations": "None", "comprehensiveIncomeNetOfTax": "None", "ebit": "1429000000", "ebitda": "2273000000", "netIncome": "948000000"}, {"fiscalDateEnding": "2007-12-31", "reportedCurrency": "USD", "grossProfit": "4872000000", "totalRevenue": "6498000000", "costOfRevenue": "1626000000", "costofGoodsAndServicesSold": "1626000000", "operatingIncome": "1683000000", "sellingGeneralAndAdministrative": "None", "researchAndDevelopment": "None", "operatingExpenses": "3189000000", "investmentIncomeNet": "None", "netInterestIncome": "None", "interestIncome": "None", "interestExpense": "474000000", "nonInterestIncome": "None", "otherNonOperatingIncome": "None", "depreciation": "None", "depreciationAndAmortization": "891000000", "incomeBeforeTax": "1301000000", "incomeTaxExpense": "270000000", "interestAndDebtExpense": "None", "netIncomeFromContinuingOperations": "None", "comprehensiveIncomeNetOfTax": "None", "ebit": "792000000", "ebitda": "1683000000", "netIncome": "1306000000"}, {"fiscalDateEnding": "2006-12-31", "reportedCurrency": "USD", "grossProfit": "4680000000", "totalRevenue": "6899000000", "costOfRevenue": "2219000000", "costofGoodsAndServicesSold": "2219000000", "operatingIncome": "1613000000", "sellingGeneralAndAdministrative": "None", "researchAndDevelopment": "None", "operatingExpenses": "3067000000", "investmentIncomeNet": "None", "netInterestIncome": "None", "interestIncome": "None", "interestExpense": "482000000", "nonInterestIncome": "None", "otherNonOperatingIncome": "None", "depreciation": "None", "depreciationAndAmortization": "755000000", "incomeBeforeTax": "1160000000", "incomeTaxExpense": "275000000", "interestAndDebtExpense": "None", "netIncomeFromContinuingOperations": "None", "comprehensiveIncomeNetOfTax": "None", "ebit": "1509000000", "ebitda": "2264000000", "netIncome": "865000000"}, {"fiscalDateEnding": "2005-12-31", "reportedCurrency": "USD", "grossProfit": "4363000000", "totalRevenue": "6219000000", "costOfRevenue": "1856000000", "costofGoodsAndServicesSold": "1856000000", "operatingIncome": "1346000000", "sellingGeneralAndAdministrative": "None", "researchAndDevelopment": "None", "operatingExpenses": "3017000000", "investmentIncomeNet": "None", "netInterestIncome": "None", "interestIncome": "None", "interestExpense": "508000000", "nonInterestIncome": "None", "otherNonOperatingIncome": "None", "depreciation": "None", "depreciationAndAmortization": "721000000", "incomeBeforeTax": "858000000", "incomeTaxExpense": "121000000", "interestAndDebtExpense": "None", "netIncomeFromContinuingOperations": "None", "comprehensiveIncomeNetOfTax": "None", "ebit": "1317000000", "ebitda": "2038000000", "netIncome": "678000000"}], "quarterlyReports": [{"fiscalDateEnding": "2024-12-31", "reportedCurrency": "USD", "grossProfit": "1348000000", "totalRevenue": "2211000000", "costOfRevenue": "863000000", "costofGoodsAndServicesSold": "863000000", "operatingIncome": "377000000", "sellingGeneralAndAdministrative": "None", "researchAndDevelopment": "None", "operatingExpenses": "1834000000", "investmentIncomeNet": "None", "netInterestIncome": "-181000000", "interestIncome": "8000000", "interestExpense": "189000000", "nonInterestIncome": "None", "otherNonOperatingIncome": "None", "depreciation": "None", "depreciationAndAmortization": "339000000", "incomeBeforeTax": "216000000", "incomeTaxExpense": "39000000", "interestAndDebtExpense": "None", "netIncomeFromContinuingOperations": "177000000", "comprehensiveIncomeNetOfTax": "None", "ebit": "405000000", "ebitda": "744000000", "netIncome": "177000000"}, {"fiscalDateEnding": "2024-09-30", "reportedCurrency": "USD", "grossProfit": "840000000", "totalRevenue": "2066000000", "costOfRevenue": "1226000000", "costofGoodsAndServicesSold": "1226000000", "operatingIncome": "428000000", "sellingGeneralAndAdministrative": "None", "researchAndDevelopment": "None", "operatingExpenses": "433000000", "investmentIncomeNet": "None", "netInterestIncome": "-178000000", "interestIncome": "10000000", "interestExpense": "188000000", "nonInterestIncome": "None", "otherNonOperatingIncome": "None", "depreciation": "None", "depreciationAndAmortization": "336000000", "incomeBeforeTax": "272000000", "incomeTaxExpense": "58000000", "interestAndDebtExpense": "None", "netIncomeFromContinuingOperations": "214000000", "comprehensiveIncomeNetOfTax": "None", "ebit": "461000000", "ebitda": "797000000", "netIncome": "214000000"}, {"fiscalDateEnding": "2024-06-30", "reportedCurrency": "USD", "grossProfit": "492000000", "totalRevenue": "1881000000", "costOfRevenue": "1389000000", "costofGoodsAndServicesSold": "1389000000", "operatingIncome": "399000000", "sellingGeneralAndAdministrative": "15000000", "researchAndDevelopment": "None", "operatingExpenses": "93000000", "investmentIncomeNet": "None", "netInterestIncome": "-176000000", "interestIncome": "6000000", "interestExpense": "182000000", "nonInterestIncome": "None", "otherNonOperatingIncome": "None", "depreciation": "None", "depreciationAndAmortization": "344000000", "incomeBeforeTax": "240000000", "incomeTaxExpense": "50000000", "interestAndDebtExpense": "None", "netIncomeFromContinuingOperations": "190000000", "comprehensiveIncomeNetOfTax": "None", "ebit": "421000000", "ebitda": "765000000", "netIncome": "190000000"}, {"fiscalDateEnding": "2024-03-31", "reportedCurrency": "USD", "grossProfit": "649000000", "totalRevenue": "2304000000", "costOfRevenue": "1655000000", "costofGoodsAndServicesSold": "1655000000", "operatingIncome": "561000000", "sellingGeneralAndAdministrative": "8000000", "researchAndDevelopment": "None", "operatingExpenses": "88000000", "investmentIncomeNet": "None", "netInterestIncome": "-170000000", "interestIncome": "9000000", "interestExpense": "179000000", "nonInterestIncome": "None", "otherNonOperatingIncome": "None", "depreciation": "None", "depreciationAndAmortization": "342000000", "incomeBeforeTax": "388000000", "incomeTaxExpense": "81000000", "interestAndDebtExpense": "None", "netIncomeFromContinuingOperations": "307000000", "comprehensiveIncomeNetOfTax": "None", "ebit": "551000000", "ebitda": "893000000", "netIncome": "307000000"}, {"fiscalDateEnding": "2023-12-31", "reportedCurrency": "USD", "grossProfit": "1208000000", "totalRevenue": "2031000000", "costOfRevenue": "823000000", "costofGoodsAndServicesSold": "823000000", "operatingIncome": "390000000", "sellingGeneralAndAdministrative": "10000000", "researchAndDevelopment": "None", "operatingExpenses": "1641000000", "investmentIncomeNet": "None", "netInterestIncome": "-162000000", "interestIncome": "10000000", "interestExpense": "172000000", "nonInterestIncome": "None", "otherNonOperatingIncome": "None", "depreciation": "None", "depreciationAndAmortization": "337000000", "incomeBeforeTax": "127000000", "incomeTaxExpense": "14000000", "interestAndDebtExpense": "None", "netIncomeFromContinuingOperations": "113000000", "comprehensiveIncomeNetOfTax": "None", "ebit": "300000000", "ebitda": "637000000", "netIncome": "113000000"}, {"fiscalDateEnding": "2023-09-30", "reportedCurrency": "USD", "grossProfit": "851000000", "totalRevenue": "2043000000", "costOfRevenue": "1192000000", "costofGoodsAndServicesSold": "1192000000", "operatingIncome": "437000000", "sellingGeneralAndAdministrative": "13000000", "researchAndDevelopment": "None", "operatingExpenses": "414000000", "investmentIncomeNet": "None", "netInterestIncome": "-165000000", "interestIncome": "165000000", "interestExpense": "165000000", "nonInterestIncome": "None", "otherNonOperatingIncome": "None", "depreciation": "None", "depreciationAndAmortization": "338000000", "incomeBeforeTax": "288000000", "incomeTaxExpense": "58000000", "interestAndDebtExpense": "None", "netIncomeFromContinuingOperations": "230000000", "comprehensiveIncomeNetOfTax": "None", "ebit": "452000000", "ebitda": "790000000", "netIncome": "230000000"}, {"fiscalDateEnding": "2023-06-30", "reportedCurrency": "USD", "grossProfit": "707000000", "totalRevenue": "1823000000", "costOfRevenue": "1116000000", "costofGoodsAndServicesSold": "1116000000", "operatingIncome": "305000000", "sellingGeneralAndAdministrative": "1000000", "researchAndDevelopment": "None", "operatingExpenses": "402000000", "investmentIncomeNet": "None", "netInterestIncome": "-165000000", "interestIncome": "8000000", "interestExpense": "165000000", "nonInterestIncome": "None", "otherNonOperatingIncome": "5000000", "depreciation": "None", "depreciationAndAmortization": "337000000", "incomeBeforeTax": "145000000", "incomeTaxExpense": "33000000", "interestAndDebtExpense": "None", "netIncomeFromContinuingOperations": "112000000", "comprehensiveIncomeNetOfTax": "None", "ebit": "311000000", "ebitda": "648000000", "netIncome": "112000000"}, {"fiscalDateEnding": "2023-03-31", "reportedCurrency": "USD", "grossProfit": "921000000", "totalRevenue": "2415000000", "costOfRevenue": "1494000000", "costofGoodsAndServicesSold": "1494000000", "operatingIncome": "498000000", "sellingGeneralAndAdministrative": "7000000", "researchAndDevelopment": "None", "operatingExpenses": "423000000", "investmentIncomeNet": "None", "netInterestIncome": "-164000000", "interestIncome": "10000000", "interestExpense": "164000000", "nonInterestIncome": "None", "otherNonOperatingIncome": "30000000", "depreciation": "None", "depreciationAndAmortization": "332000000", "incomeBeforeTax": "364000000", "incomeTaxExpense": "79000000", "interestAndDebtExpense": "None", "netIncomeFromContinuingOperations": "285000000", "comprehensiveIncomeNetOfTax": "None", "ebit": "526000000", "ebitda": "858000000", "netIncome": "285000000"}, {"fiscalDateEnding": "2022-12-31", "reportedCurrency": "USD", "grossProfit": "747000000", "totalRevenue": "2290000000", "costOfRevenue": "1543000000", "costofGoodsAndServicesSold": "1543000000", "operatingIncome": "336000000", "sellingGeneralAndAdministrative": "20000000", "researchAndDevelopment": "None", "operatingExpenses": "411000000", "investmentIncomeNet": "None", "netInterestIncome": "-146000000", "interestIncome": "146000000", "interestExpense": "152000000", "nonInterestIncome": "None", "otherNonOperatingIncome": "18000000", "depreciation": "None", "depreciationAndAmortization": "333000000", "incomeBeforeTax": "202000000", "incomeTaxExpense": "54000000", "interestAndDebtExpense": "None", "netIncomeFromContinuingOperations": "148000000", "comprehensiveIncomeNetOfTax": "None", "ebit": "309000000", "ebitda": "642000000", "netIncome": "148000000"}, {"fiscalDateEnding": "2022-09-30", "reportedCurrency": "USD", "grossProfit": "753000000", "totalRevenue": "2134000000", "costOfRevenue": "1381000000", "costofGoodsAndServicesSold": "1381000000", "operatingIncome": "341000000", "sellingGeneralAndAdministrative": "None", "researchAndDevelopment": "None", "operatingExpenses": "412000000", "investmentIncomeNet": "None", "netInterestIncome": "-136000000", "interestIncome": "136000000", "interestExpense": "136000000", "nonInterestIncome": "None", "otherNonOperatingIncome": "10000000", "depreciation": "None", "depreciationAndAmortization": "329000000", "incomeBeforeTax": "215000000", "incomeTaxExpense": "41000000", "interestAndDebtExpense": "None", "netIncomeFromContinuingOperations": "174000000", "comprehensiveIncomeNetOfTax": "None", "ebit": "334000000", "ebitda": "663000000", "netIncome": "174000000"}, {"fiscalDateEnding": "2022-06-30", "reportedCurrency": "USD", "grossProfit": "602000000", "totalRevenue": "1696000000", "costOfRevenue": "1094000000", "costofGoodsAndServicesSold": "1094000000", "operatingIncome": "243000000", "sellingGeneralAndAdministrative": "None", "researchAndDevelopment": "None", "operatingExpenses": "359000000", "investmentIncomeNet": "None", "netInterestIncome": "-119000000", "interestIncome": "119000000", "interestExpense": "119000000", "nonInterestIncome": "None", "otherNonOperatingIncome": "26000000", "depreciation": "None", "depreciationAndAmortization": "295000000", "incomeBeforeTax": "151000000", "incomeTaxExpense": "32000000", "interestAndDebtExpense": "None", "netIncomeFromContinuingOperations": "119000000", "comprehensiveIncomeNetOfTax": "None", "ebit": "268000000", "ebitda": "563000000", "netIncome": "119000000"}, {"fiscalDateEnding": "2022-03-31", "reportedCurrency": "USD", "grossProfit": "785000000", "totalRevenue": "1782000000", "costOfRevenue": "997000000", "costofGoodsAndServicesSold": "997000000", "operatingIncome": "454000000", "sellingGeneralAndAdministrative": "None", "researchAndDevelopment": "None", "operatingExpenses": "331000000", "investmentIncomeNet": "None", "netInterestIncome": "-107000000", "interestIncome": "107000000", "interestExpense": "107000000", "nonInterestIncome": "None", "otherNonOperatingIncome": "None", "depreciation": "None", "depreciationAndAmortization": "282000000", "incomeBeforeTax": "347000000", "incomeTaxExpense": "74000000", "interestAndDebtExpense": "None", "netIncomeFromContinuingOperations": "273000000", "comprehensiveIncomeNetOfTax": "None", "ebit": "453000000", "ebitda": "735000000", "netIncome": "273000000"}, {"fiscalDateEnding": "2021-12-31", "reportedCurrency": "USD", "grossProfit": "634000000", "totalRevenue": "1485000000", "costOfRevenue": "851000000", "costofGoodsAndServicesSold": "851000000", "operatingIncome": "308000000", "sellingGeneralAndAdministrative": "None", "researchAndDevelopment": "None", "operatingExpenses": "326000000", "investmentIncomeNet": "None", "netInterestIncome": "-106000000", "interestIncome": "106000000", "interestExpense": "108000000", "nonInterestIncome": "None", "otherNonOperatingIncome": "-10000000", "depreciation": "None", "depreciationAndAmortization": "285000000", "incomeBeforeTax": "190000000", "incomeTaxExpense": "48000000", "interestAndDebtExpense": "None", "netIncomeFromContinuingOperations": "142000000", "comprehensiveIncomeNetOfTax": "None", "ebit": "297000000", "ebitda": "582000000", "netIncome": "134000000"}, {"fiscalDateEnding": "2021-09-30", "reportedCurrency": "USD", "grossProfit": "757000000", "totalRevenue": "1512000000", "costOfRevenue": "755000000", "costofGoodsAndServicesSold": "755000000", "operatingIncome": "431000000", "sellingGeneralAndAdministrative": "None", "researchAndDevelopment": "None", "operatingExpenses": "326000000", "investmentIncomeNet": "None", "netInterestIncome": "-177000000", "interestIncome": "177000000", "interestExpense": "183000000", "nonInterestIncome": "None", "otherNonOperatingIncome": "12000000", "depreciation": "None", "depreciationAndAmortization": "278000000", "incomeBeforeTax": "260000000", "incomeTaxExpense": "51000000", "interestAndDebtExpense": "None", "netIncomeFromContinuingOperations": "209000000", "comprehensiveIncomeNetOfTax": "None", "ebit": "442000000", "ebitda": "720000000", "netIncome": "207000000"}, {"fiscalDateEnding": "2021-06-30", "reportedCurrency": "USD", "grossProfit": "588000000", "totalRevenue": "1288000000", "costOfRevenue": "700000000", "costofGoodsAndServicesSold": "700000000", "operatingIncome": "270000000", "sellingGeneralAndAdministrative": "None", "researchAndDevelopment": "None", "operatingExpenses": "318000000", "investmentIncomeNet": "None", "netInterestIncome": "-470000000", "interestIncome": "4000000", "interestExpense": "474000000", "nonInterestIncome": "None", "otherNonOperatingIncome": "13000000", "depreciation": "None", "depreciationAndAmortization": "303000000", "incomeBeforeTax": "-191000000", "incomeTaxExpense": "345000000", "interestAndDebtExpense": "None", "netIncomeFromContinuingOperations": "-536000000", "comprehensiveIncomeNetOfTax": "None", "ebit": "296000000", "ebitda": "599000000", "netIncome": "19000000"}, {"fiscalDateEnding": "2021-03-31", "reportedCurrency": "USD", "grossProfit": "734000000", "totalRevenue": "1498000000", "costOfRevenue": "764000000", "costofGoodsAndServicesSold": "764000000", "operatingIncome": "415000000", "sellingGeneralAndAdministrative": "None", "researchAndDevelopment": "None", "operatingExpenses": "319000000", "investmentIncomeNet": "None", "netInterestIncome": "-153000000", "interestIncome": "153000000", "interestExpense": "153000000", "nonInterestIncome": "None", "otherNonOperatingIncome": "None", "depreciation": "None", "depreciationAndAmortization": "281000000", "incomeBeforeTax": "262000000", "incomeTaxExpense": "59000000", "interestAndDebtExpense": "None", "netIncomeFromContinuingOperations": "203000000", "comprehensiveIncomeNetOfTax": "None", "ebit": "134000000", "ebitda": "415000000", "netIncome": "-1840000000"}, {"fiscalDateEnding": "2020-12-31", "reportedCurrency": "USD", "grossProfit": "1113000000", "totalRevenue": "1929000000", "costOfRevenue": "816000000", "costofGoodsAndServicesSold": "816000000", "operatingIncome": "704000000", "sellingGeneralAndAdministrative": "None", "researchAndDevelopment": "None", "operatingExpenses": "409000000", "investmentIncomeNet": "None", "netInterestIncome": "-244000000", "interestIncome": "7000000", "interestExpense": "251000000", "nonInterestIncome": "None", "otherNonOperatingIncome": "-84000000", "depreciation": "None", "depreciationAndAmortization": "328000000", "incomeBeforeTax": "369000000", "incomeTaxExpense": "79000000", "interestAndDebtExpense": "None", "netIncomeFromContinuingOperations": "290000000", "comprehensiveIncomeNetOfTax": "None", "ebit": "647000000", "ebitda": "975000000", "netIncome": "290000000"}, {"fiscalDateEnding": "2020-09-30", "reportedCurrency": "USD", "grossProfit": "1089000000", "totalRevenue": "1885000000", "costOfRevenue": "796000000", "costofGoodsAndServicesSold": "796000000", "operatingIncome": "687000000", "sellingGeneralAndAdministrative": "None", "researchAndDevelopment": "None", "operatingExpenses": "402000000", "investmentIncomeNet": "None", "netInterestIncome": "-248000000", "interestIncome": "268000000", "interestExpense": "249000000", "nonInterestIncome": "None", "otherNonOperatingIncome": "52000000", "depreciation": "None", "depreciationAndAmortization": "341000000", "incomeBeforeTax": "490000000", "incomeTaxExpense": "209000000", "interestAndDebtExpense": "None", "netIncomeFromContinuingOperations": "281000000", "comprehensiveIncomeNetOfTax": "None", "ebit": "374000000", "ebitda": "715000000", "netIncome": "281000000"}, {"fiscalDateEnding": "2020-06-30", "reportedCurrency": "USD", "grossProfit": "981000000", "totalRevenue": "1739000000", "costOfRevenue": "758000000", "costofGoodsAndServicesSold": "758000000", "operatingIncome": "595000000", "sellingGeneralAndAdministrative": "None", "researchAndDevelopment": "None", "operatingExpenses": "386000000", "investmentIncomeNet": "None", "netInterestIncome": "-252000000", "interestIncome": "1000000", "interestExpense": "253000000", "nonInterestIncome": "None", "otherNonOperatingIncome": "76000000", "depreciation": "None", "depreciationAndAmortization": "336000000", "incomeBeforeTax": "418000000", "incomeTaxExpense": "74000000", "interestAndDebtExpense": "None", "netIncomeFromContinuingOperations": "344000000", "comprehensiveIncomeNetOfTax": "None", "ebit": "286000000", "ebitda": "622000000", "netIncome": "344000000"}, {"fiscalDateEnding": "2020-03-31", "reportedCurrency": "USD", "grossProfit": "1214000000", "totalRevenue": "2054000000", "costOfRevenue": "840000000", "costofGoodsAndServicesSold": "840000000", "operatingIncome": "817000000", "sellingGeneralAndAdministrative": "None", "researchAndDevelopment": "None", "operatingExpenses": "397000000", "investmentIncomeNet": "None", "netInterestIncome": "-247000000", "interestIncome": "1000000", "interestExpense": "248000000", "nonInterestIncome": "None", "otherNonOperatingIncome": "125000000", "depreciation": "None", "depreciationAndAmortization": "329000000", "incomeBeforeTax": "694000000", "incomeTaxExpense": "140000000", "interestAndDebtExpense": "None", "netIncomeFromContinuingOperations": "554000000", "comprehensiveIncomeNetOfTax": "None", "ebit": "942000000", "ebitda": "1271000000", "netIncome": "554000000"}, {"fiscalDateEnding": "2019-12-31", "reportedCurrency": "USD", "grossProfit": "1083000000", "totalRevenue": "1954000000", "costOfRevenue": "871000000", "costofGoodsAndServicesSold": "871000000", "operatingIncome": "693000000", "sellingGeneralAndAdministrative": "79000000", "researchAndDevelopment": "None", "operatingExpenses": "390000000", "investmentIncomeNet": "None", "netInterestIncome": "-244000000", "interestIncome": "4000000", "interestExpense": "248000000", "nonInterestIncome": "None", "otherNonOperatingIncome": "None", "depreciation": "None", "depreciationAndAmortization": "309000000", "incomeBeforeTax": "445000000", "incomeTaxExpense": "81000000", "interestAndDebtExpense": "None", "netIncomeFromContinuingOperations": "364000000", "comprehensiveIncomeNetOfTax": "None", "ebit": "715000000", "ebitda": "1024000000", "netIncome": "364000000"}, {"fiscalDateEnding": "2019-09-30", "reportedCurrency": "USD", "grossProfit": "1109000000", "totalRevenue": "1933000000", "costOfRevenue": "824000000", "costofGoodsAndServicesSold": "824000000", "operatingIncome": "726000000", "sellingGeneralAndAdministrative": "77000000", "researchAndDevelopment": "None", "operatingExpenses": "383000000", "investmentIncomeNet": "None", "netInterestIncome": "-256000000", "interestIncome": "3000000", "interestExpense": "259000000", "nonInterestIncome": "None", "otherNonOperatingIncome": "126000000", "depreciation": "None", "depreciationAndAmortization": "335000000", "incomeBeforeTax": "593000000", "incomeTaxExpense": "118000000", "interestAndDebtExpense": "None", "netIncomeFromContinuingOperations": "475000000", "comprehensiveIncomeNetOfTax": "None", "ebit": "803000000", "ebitda": "1138000000", "netIncome": "475000000"}, {"fiscalDateEnding": "2019-06-30", "reportedCurrency": "USD", "grossProfit": "1015000000", "totalRevenue": "1803000000", "costOfRevenue": "788000000", "costofGoodsAndServicesSold": "788000000", "operatingIncome": "640000000", "sellingGeneralAndAdministrative": "80000000", "researchAndDevelopment": "None", "operatingExpenses": "375000000", "investmentIncomeNet": "None", "netInterestIncome": "-243000000", "interestIncome": "3000000", "interestExpense": "246000000", "nonInterestIncome": "None", "otherNonOperatingIncome": "131000000", "depreciation": "None", "depreciationAndAmortization": "309000000", "incomeBeforeTax": "525000000", "incomeTaxExpense": "84000000", "interestAndDebtExpense": "None", "netIncomeFromContinuingOperations": "441000000", "comprehensiveIncomeNetOfTax": "None", "ebit": "725000000", "ebitda": "1034000000", "netIncome": "441000000"}, {"fiscalDateEnding": "2019-03-31", "reportedCurrency": "USD", "grossProfit": "1145000000", "totalRevenue": "2079000000", "costOfRevenue": "934000000", "costofGoodsAndServicesSold": "934000000", "operatingIncome": "781000000", "sellingGeneralAndAdministrative": "80000000", "researchAndDevelopment": "None", "operatingExpenses": "364000000", "investmentIncomeNet": "None", "netInterestIncome": "-235000000", "interestIncome": "274000000", "interestExpense": "241000000", "nonInterestIncome": "None", "otherNonOperatingIncome": "52000000", "depreciation": "None", "depreciationAndAmortization": "306000000", "incomeBeforeTax": "592000000", "incomeTaxExpense": "126000000", "interestAndDebtExpense": "None", "netIncomeFromContinuingOperations": "466000000", "comprehensiveIncomeNetOfTax": "None", "ebit": "861000000", "ebitda": "1167000000", "netIncome": "466000000"}, {"fiscalDateEnding": "2018-12-31", "reportedCurrency": "USD", "grossProfit": "1012000000", "totalRevenue": "1939000000", "costOfRevenue": "927000000", "costofGoodsAndServicesSold": "927000000", "operatingIncome": "657000000", "sellingGeneralAndAdministrative": "62000000", "researchAndDevelopment": "0", "operatingExpenses": "355000000", "investmentIncomeNet": "None", "netInterestIncome": "None", "interestIncome": "None", "interestExpense": "245000000", "nonInterestIncome": "None", "otherNonOperatingIncome": "99000000", "depreciation": "None", "depreciationAndAmortization": "277000000", "incomeBeforeTax": "511000000", "incomeTaxExpense": "96000000", "interestAndDebtExpense": "None", "netIncomeFromContinuingOperations": "415000000", "comprehensiveIncomeNetOfTax": "None", "ebit": "782000000", "ebitda": "1059000000", "netIncome": "415000000"}, {"fiscalDateEnding": "2018-09-30", "reportedCurrency": "USD", "grossProfit": "1038000000", "totalRevenue": "1872000000", "costOfRevenue": "834000000", "costofGoodsAndServicesSold": "834000000", "operatingIncome": "686000000", "sellingGeneralAndAdministrative": "61000000", "researchAndDevelopment": "0", "operatingExpenses": "352000000", "investmentIncomeNet": "None", "netInterestIncome": "None", "interestIncome": "None", "interestExpense": "244000000", "nonInterestIncome": "None", "otherNonOperatingIncome": "106000000", "depreciation": "None", "depreciationAndAmortization": "297000000", "incomeBeforeTax": "548000000", "incomeTaxExpense": "103000000", "interestAndDebtExpense": "None", "netIncomeFromContinuingOperations": "445000000", "comprehensiveIncomeNetOfTax": "None", "ebit": "754000000", "ebitda": "1051000000", "netIncome": "445000000"}, {"fiscalDateEnding": "2018-06-30", "reportedCurrency": "USD", "grossProfit": "1005000000", "totalRevenue": "1848000000", "costOfRevenue": "843000000", "costofGoodsAndServicesSold": "843000000", "operatingIncome": "658000000", "sellingGeneralAndAdministrative": "66000000", "researchAndDevelopment": "0", "operatingExpenses": "347000000", "investmentIncomeNet": "None", "netInterestIncome": "None", "interestIncome": "None", "interestExpense": "235000000", "nonInterestIncome": "None", "otherNonOperatingIncome": "234000000", "depreciation": "None", "depreciationAndAmortization": "286000000", "incomeBeforeTax": "657000000", "incomeTaxExpense": "142000000", "interestAndDebtExpense": "None", "netIncomeFromContinuingOperations": "515000000", "comprehensiveIncomeNetOfTax": "None", "ebit": "724000000", "ebitda": "1010000000", "netIncome": "515000000"}, {"fiscalDateEnding": "2018-03-31", "reportedCurrency": "USD", "grossProfit": "1203000000", "totalRevenue": "2126000000", "costOfRevenue": "923000000", "costofGoodsAndServicesSold": "923000000", "operatingIncome": "851000000", "sellingGeneralAndAdministrative": "66000000", "researchAndDevelopment": "0", "operatingExpenses": "352000000", "investmentIncomeNet": "None", "netInterestIncome": "None", "interestIncome": "None", "interestExpense": "239000000", "nonInterestIncome": "None", "otherNonOperatingIncome": "-43000000", "depreciation": "None", "depreciationAndAmortization": "290000000", "incomeBeforeTax": "569000000", "incomeTaxExpense": "117000000", "interestAndDebtExpense": "None", "netIncomeFromContinuingOperations": "452000000", "comprehensiveIncomeNetOfTax": "None", "ebit": "919000000", "ebitda": "1209000000", "netIncome": "452000000"}, {"fiscalDateEnding": "2017-12-31", "reportedCurrency": "USD", "grossProfit": "1134000000", "totalRevenue": "1926000000", "costOfRevenue": "792000000", "costofGoodsAndServicesSold": "792000000", "operatingIncome": "793000000", "sellingGeneralAndAdministrative": "167000000", "researchAndDevelopment": "0", "operatingExpenses": "341000000", "investmentIncomeNet": "None", "netInterestIncome": "None", "interestIncome": "None", "interestExpense": "232000000", "nonInterestIncome": "None", "otherNonOperatingIncome": "-20000000", "depreciation": "None", "depreciationAndAmortization": "263000000", "incomeBeforeTax": "541000000", "incomeTaxExpense": "463000000", "interestAndDebtExpense": "None", "netIncomeFromContinuingOperations": "78000000", "comprehensiveIncomeNetOfTax": "None", "ebit": "818000000", "ebitda": "1081000000", "netIncome": "78000000"}, {"fiscalDateEnding": "2017-09-30", "reportedCurrency": "USD", "grossProfit": "1103000000", "totalRevenue": "1845000000", "costOfRevenue": "742000000", "costofGoodsAndServicesSold": "742000000", "operatingIncome": "777000000", "sellingGeneralAndAdministrative": "0", "researchAndDevelopment": "0", "operatingExpenses": "326000000", "investmentIncomeNet": "None", "netInterestIncome": "None", "interestIncome": "None", "interestExpense": "230000000", "nonInterestIncome": "None", "otherNonOperatingIncome": "-76000000", "depreciation": "None", "depreciationAndAmortization": "284000000", "incomeBeforeTax": "471000000", "incomeTaxExpense": "116000000", "interestAndDebtExpense": "None", "netIncomeFromContinuingOperations": "355000000", "comprehensiveIncomeNetOfTax": "None", "ebit": "704000000", "ebitda": "988000000", "netIncome": "355000000"}, {"fiscalDateEnding": "2017-06-30", "reportedCurrency": "USD", "grossProfit": "1018000000", "totalRevenue": "1725000000", "costOfRevenue": "707000000", "costofGoodsAndServicesSold": "707000000", "operatingIncome": "702000000", "sellingGeneralAndAdministrative": "0", "researchAndDevelopment": "0", "operatingExpenses": "316000000", "investmentIncomeNet": "None", "netInterestIncome": "None", "interestIncome": "None", "interestExpense": "222000000", "nonInterestIncome": "None", "otherNonOperatingIncome": "-112000000", "depreciation": "None", "depreciationAndAmortization": "268000000", "incomeBeforeTax": "368000000", "incomeTaxExpense": "76000000", "interestAndDebtExpense": "None", "netIncomeFromContinuingOperations": "292000000", "comprehensiveIncomeNetOfTax": "None", "ebit": "592000000", "ebitda": "860000000", "netIncome": "292000000"}, {"fiscalDateEnding": "2017-03-31", "reportedCurrency": "USD", "grossProfit": "1113000000", "totalRevenue": "1951000000", "costOfRevenue": "838000000", "costofGoodsAndServicesSold": "838000000", "operatingIncome": "796000000", "sellingGeneralAndAdministrative": "0", "researchAndDevelopment": "0", "operatingExpenses": "317000000", "investmentIncomeNet": "None", "netInterestIncome": "None", "interestIncome": "None", "interestExpense": "217000000", "nonInterestIncome": "None", "otherNonOperatingIncome": "-47000000", "depreciation": "None", "depreciationAndAmortization": "265000000", "incomeBeforeTax": "532000000", "incomeTaxExpense": "129000000", "interestAndDebtExpense": "None", "netIncomeFromContinuingOperations": "403000000", "comprehensiveIncomeNetOfTax": "None", "ebit": "750000000", "ebitda": "1015000000", "netIncome": "403000000"}, {"fiscalDateEnding": "2016-12-31", "reportedCurrency": "USD", "grossProfit": "1020000000", "totalRevenue": "1832000000", "costOfRevenue": "812000000", "costofGoodsAndServicesSold": "812000000", "operatingIncome": "714000000", "sellingGeneralAndAdministrative": "112000000", "researchAndDevelopment": "0", "operatingExpenses": "306000000", "investmentIncomeNet": "None", "netInterestIncome": "None", "interestIncome": "None", "interestExpense": "217000000", "nonInterestIncome": "None", "otherNonOperatingIncome": "106000000", "depreciation": "None", "depreciationAndAmortization": "234000000", "incomeBeforeTax": "603000000", "incomeTaxExpense": "138000000", "interestAndDebtExpense": "None", "netIncomeFromContinuingOperations": "465000000", "comprehensiveIncomeNetOfTax": "None", "ebit": "848000000", "ebitda": "1082000000", "netIncome": "465000000"}, {"fiscalDateEnding": "2016-09-30", "reportedCurrency": "USD", "grossProfit": "1094000000", "totalRevenue": "1889000000", "costOfRevenue": "795000000", "costofGoodsAndServicesSold": "795000000", "operatingIncome": "786000000", "sellingGeneralAndAdministrative": "0", "researchAndDevelopment": "0", "operatingExpenses": "308000000", "investmentIncomeNet": "None", "netInterestIncome": "None", "interestIncome": "None", "interestExpense": "223000000", "nonInterestIncome": "None", "otherNonOperatingIncome": "49000000", "depreciation": "None", "depreciationAndAmortization": "249000000", "incomeBeforeTax": "612000000", "incomeTaxExpense": "139000000", "interestAndDebtExpense": "None", "netIncomeFromContinuingOperations": "473000000", "comprehensiveIncomeNetOfTax": "None", "ebit": "786000000", "ebitda": "1035000000", "netIncome": "473000000"}, {"fiscalDateEnding": "2016-06-30", "reportedCurrency": "USD", "grossProfit": "1030000000", "totalRevenue": "1785000000", "costOfRevenue": "755000000", "costofGoodsAndServicesSold": "755000000", "operatingIncome": "725000000", "sellingGeneralAndAdministrative": "0", "researchAndDevelopment": "0", "operatingExpenses": "305000000", "investmentIncomeNet": "None", "netInterestIncome": "None", "interestIncome": "None", "interestExpense": "224000000", "nonInterestIncome": "None", "otherNonOperatingIncome": "174000000", "depreciation": "None", "depreciationAndAmortization": "250000000", "incomeBeforeTax": "675000000", "incomeTaxExpense": "192000000", "interestAndDebtExpense": "None", "netIncomeFromContinuingOperations": "483000000", "comprehensiveIncomeNetOfTax": "None", "ebit": "725000000", "ebitda": "975000000", "netIncome": "483000000"}, {"fiscalDateEnding": "2016-03-31", "reportedCurrency": "USD", "grossProfit": "1131000000", "totalRevenue": "2011000000", "costOfRevenue": "880000000", "costofGoodsAndServicesSold": "880000000", "operatingIncome": "823000000", "sellingGeneralAndAdministrative": "0", "researchAndDevelopment": "0", "operatingExpenses": "308000000", "investmentIncomeNet": "None", "netInterestIncome": "None", "interestIncome": "None", "interestExpense": "224000000", "nonInterestIncome": "None", "otherNonOperatingIncome": "61000000", "depreciation": "None", "depreciationAndAmortization": "247000000", "incomeBeforeTax": "660000000", "incomeTaxExpense": "179000000", "interestAndDebtExpense": "None", "netIncomeFromContinuingOperations": "481000000", "comprehensiveIncomeNetOfTax": "None", "ebit": "823000000", "ebitda": "1070000000", "netIncome": "481000000"}, {"fiscalDateEnding": "2015-12-31", "reportedCurrency": "USD", "grossProfit": "900000000", "totalRevenue": "1780000000", "costOfRevenue": "880000000", "costofGoodsAndServicesSold": "880000000", "operatingIncome": "617000000", "sellingGeneralAndAdministrative": "112000000", "researchAndDevelopment": "0", "operatingExpenses": "283000000", "investmentIncomeNet": "None", "netInterestIncome": "None", "interestIncome": "None", "interestExpense": "226000000", "nonInterestIncome": "None", "otherNonOperatingIncome": "None", "depreciation": "None", "depreciationAndAmortization": "238000000", "incomeBeforeTax": "438000000", "incomeTaxExpense": "33000000", "interestAndDebtExpense": "None", "netIncomeFromContinuingOperations": "1603000000", "comprehensiveIncomeNetOfTax": "None", "ebit": "622000000", "ebitda": "860000000", "netIncome": "399000000"}, {"fiscalDateEnding": "2015-09-30", "reportedCurrency": "USD", "grossProfit": "991000000", "totalRevenue": "1878000000", "costOfRevenue": "887000000", "costofGoodsAndServicesSold": "887000000", "operatingIncome": "686000000", "sellingGeneralAndAdministrative": "0", "researchAndDevelopment": "0", "operatingExpenses": "305000000", "investmentIncomeNet": "None", "netInterestIncome": "None", "interestIncome": "None", "interestExpense": "221000000", "nonInterestIncome": "None", "otherNonOperatingIncome": "75000000", "depreciation": "None", "depreciationAndAmortization": "226000000", "incomeBeforeTax": "540000000", "incomeTaxExpense": "144000000", "interestAndDebtExpense": "None", "netIncomeFromContinuingOperations": "396000000", "comprehensiveIncomeNetOfTax": "None", "ebit": "705000000", "ebitda": "931000000", "netIncome": "393000000"}, {"fiscalDateEnding": "2015-06-30", "reportedCurrency": "USD", "grossProfit": "930000000", "totalRevenue": "1781000000", "costOfRevenue": "851000000", "costofGoodsAndServicesSold": "851000000", "operatingIncome": "638000000", "sellingGeneralAndAdministrative": "0", "researchAndDevelopment": "0", "operatingExpenses": "292000000", "investmentIncomeNet": "None", "netInterestIncome": "None", "interestIncome": "None", "interestExpense": "215000000", "nonInterestIncome": "None", "otherNonOperatingIncome": "-102000000", "depreciation": "None", "depreciationAndAmortization": "109000000", "incomeBeforeTax": "321000000", "incomeTaxExpense": "71000000", "interestAndDebtExpense": "None", "netIncomeFromContinuingOperations": "250000000", "comprehensiveIncomeNetOfTax": "None", "ebit": "761000000", "ebitda": "870000000", "netIncome": "-757000000"}, {"fiscalDateEnding": "2015-03-31", "reportedCurrency": "USD", "grossProfit": "1461000000", "totalRevenue": "3165000000", "costOfRevenue": "1704000000", "costofGoodsAndServicesSold": "1704000000", "operatingIncome": "1067000000", "sellingGeneralAndAdministrative": "0", "researchAndDevelopment": "0", "operatingExpenses": "394000000", "investmentIncomeNet": "None", "netInterestIncome": "None", "interestIncome": "None", "interestExpense": "247000000", "nonInterestIncome": "None", "otherNonOperatingIncome": "95000000", "depreciation": "None", "depreciationAndAmortization": "350000000", "incomeBeforeTax": "915000000", "incomeTaxExpense": "268000000", "interestAndDebtExpense": "None", "netIncomeFromContinuingOperations": "647000000", "comprehensiveIncomeNetOfTax": "None", "ebit": "767000000", "ebitda": "1117000000", "netIncome": "647000000"}, {"fiscalDateEnding": "2014-12-31", "reportedCurrency": "USD", "grossProfit": "1381000000", "totalRevenue": "4023000000", "costOfRevenue": "2642000000", "costofGoodsAndServicesSold": "2642000000", "operatingIncome": "983000000", "sellingGeneralAndAdministrative": "0", "researchAndDevelopment": "0", "operatingExpenses": "398000000", "investmentIncomeNet": "None", "netInterestIncome": "None", "interestIncome": "None", "interestExpense": "249000000", "nonInterestIncome": "None", "otherNonOperatingIncome": "None", "depreciation": "None", "depreciationAndAmortization": "367000000", "incomeBeforeTax": "812000000", "incomeTaxExpense": "261000000", "interestAndDebtExpense": "None", "netIncomeFromContinuingOperations": "1437000000", "comprehensiveIncomeNetOfTax": "None", "ebit": "1061000000", "ebitda": "1428000000", "netIncome": "695000000"}, {"fiscalDateEnding": "2014-09-30", "reportedCurrency": "USD", "grossProfit": "1268000000", "totalRevenue": "3449000000", "costOfRevenue": "2181000000", "costofGoodsAndServicesSold": "2181000000", "operatingIncome": "869000000", "sellingGeneralAndAdministrative": "0", "researchAndDevelopment": "0", "operatingExpenses": "399000000", "investmentIncomeNet": "None", "netInterestIncome": "None", "interestIncome": "None", "interestExpense": "258000000", "nonInterestIncome": "None", "otherNonOperatingIncome": "144000000", "depreciation": "None", "depreciationAndAmortization": "369000000", "incomeBeforeTax": "755000000", "incomeTaxExpense": "265000000", "interestAndDebtExpense": "None", "netIncomeFromContinuingOperations": "490000000", "comprehensiveIncomeNetOfTax": "None", "ebit": "568000000", "ebitda": "937000000", "netIncome": "497000000"}, {"fiscalDateEnding": "2014-06-30", "reportedCurrency": "USD", "grossProfit": "1123000000", "totalRevenue": "2874000000", "costOfRevenue": "1751000000", "costofGoodsAndServicesSold": "1751000000", "operatingIncome": "718000000", "sellingGeneralAndAdministrative": "0", "researchAndDevelopment": "0", "operatingExpenses": "405000000", "investmentIncomeNet": "None", "netInterestIncome": "None", "interestIncome": "None", "interestExpense": "258000000", "nonInterestIncome": "None", "otherNonOperatingIncome": "-82000000", "depreciation": "None", "depreciationAndAmortization": "364000000", "incomeBeforeTax": "378000000", "incomeTaxExpense": "149000000", "interestAndDebtExpense": "None", "netIncomeFromContinuingOperations": "229000000", "comprehensiveIncomeNetOfTax": "None", "ebit": "439000000", "ebitda": "803000000", "netIncome": "229000000"}, {"fiscalDateEnding": "2014-03-31", "reportedCurrency": "USD", "grossProfit": "1124000000", "totalRevenue": "1223000000", "costOfRevenue": "99000000", "costofGoodsAndServicesSold": "99000000", "operatingIncome": "715000000", "sellingGeneralAndAdministrative": "0", "researchAndDevelopment": "0", "operatingExpenses": "409000000", "investmentIncomeNet": "None", "netInterestIncome": "None", "interestIncome": "None", "interestExpense": "264000000", "nonInterestIncome": "None", "otherNonOperatingIncome": "-23000000", "depreciation": "None", "depreciationAndAmortization": "365000000", "incomeBeforeTax": "428000000", "incomeTaxExpense": "112000000", "interestAndDebtExpense": "None", "netIncomeFromContinuingOperations": "316000000", "comprehensiveIncomeNetOfTax": "None", "ebit": "801000000", "ebitda": "1166000000", "netIncome": "316000000"}, {"fiscalDateEnding": "2013-12-31", "reportedCurrency": "USD", "grossProfit": "1122000000", "totalRevenue": "2848000000", "costOfRevenue": "1726000000", "costofGoodsAndServicesSold": "1726000000", "operatingIncome": "31000000", "sellingGeneralAndAdministrative": "0", "researchAndDevelopment": "0", "operatingExpenses": "394000000", "investmentIncomeNet": "None", "netInterestIncome": "None", "interestIncome": "None", "interestExpense": "251000000", "nonInterestIncome": "None", "otherNonOperatingIncome": "None", "depreciation": "None", "depreciationAndAmortization": "360000000", "incomeBeforeTax": "-262000000", "incomeTaxExpense": "-164000000", "interestAndDebtExpense": "None", "netIncomeFromContinuingOperations": "0", "comprehensiveIncomeNetOfTax": "None", "ebit": "783000000", "ebitda": "1143000000", "netIncome": "-98000000"}, {"fiscalDateEnding": "2013-09-30", "reportedCurrency": "USD", "grossProfit": "1236000000", "totalRevenue": "3105000000", "costOfRevenue": "1869000000", "costofGoodsAndServicesSold": "1869000000", "operatingIncome": "857000000", "sellingGeneralAndAdministrative": "0", "researchAndDevelopment": "0", "operatingExpenses": "379000000", "investmentIncomeNet": "None", "netInterestIncome": "None", "interestIncome": "None", "interestExpense": "246000000", "nonInterestIncome": "None", "otherNonOperatingIncome": "-116000000", "depreciation": "None", "depreciationAndAmortization": "340000000", "incomeBeforeTax": "494000000", "incomeTaxExpense": "84000000", "interestAndDebtExpense": "None", "netIncomeFromContinuingOperations": "410000000", "comprehensiveIncomeNetOfTax": "None", "ebit": "729000000", "ebitda": "1069000000", "netIncome": "410000000"}, {"fiscalDateEnding": "2013-06-30", "reportedCurrency": "USD", "grossProfit": "1130000000", "totalRevenue": "3450000000", "costOfRevenue": "2320000000", "costofGoodsAndServicesSold": "2320000000", "operatingIncome": "758000000", "sellingGeneralAndAdministrative": "0", "researchAndDevelopment": "0", "operatingExpenses": "372000000", "investmentIncomeNet": "None", "netInterestIncome": "None", "interestIncome": "None", "interestExpense": "258000000", "nonInterestIncome": "None", "otherNonOperatingIncome": "13000000", "depreciation": "None", "depreciationAndAmortization": "335000000", "incomeBeforeTax": "513000000", "incomeTaxExpense": "109000000", "interestAndDebtExpense": "None", "netIncomeFromContinuingOperations": "404000000", "comprehensiveIncomeNetOfTax": "None", "ebit": "771000000", "ebitda": "1106000000", "netIncome": "405000000"}, {"fiscalDateEnding": "2013-03-31", "reportedCurrency": "USD", "grossProfit": "1073000000", "totalRevenue": "2457000000", "costOfRevenue": "1384000000", "costofGoodsAndServicesSold": "1384000000", "operatingIncome": "693000000", "sellingGeneralAndAdministrative": "0", "researchAndDevelopment": "0", "operatingExpenses": "380000000", "investmentIncomeNet": "None", "netInterestIncome": "None", "interestIncome": "None", "interestExpense": "251000000", "nonInterestIncome": "None", "otherNonOperatingIncome": "None", "depreciation": "None", "depreciationAndAmortization": "348000000", "incomeBeforeTax": "564000000", "incomeTaxExpense": "151000000", "interestAndDebtExpense": "None", "netIncomeFromContinuingOperations": "0", "comprehensiveIncomeNetOfTax": "None", "ebit": "815000000", "ebitda": "1163000000", "netIncome": "413000000"}, {"fiscalDateEnding": "2012-12-31", "reportedCurrency": "USD", "grossProfit": "1207000000", "totalRevenue": "3222000000", "costOfRevenue": "2015000000", "costofGoodsAndServicesSold": "2015000000", "operatingIncome": "822000000", "sellingGeneralAndAdministrative": "0", "researchAndDevelopment": "0", "operatingExpenses": "385000000", "investmentIncomeNet": "None", "netInterestIncome": "None", "interestIncome": "None", "interestExpense": "247000000", "nonInterestIncome": "None", "otherNonOperatingIncome": "None", "depreciation": "None", "depreciationAndAmortization": "287000000", "incomeBeforeTax": "541000000", "incomeTaxExpense": "181000000", "interestAndDebtExpense": "None", "netIncomeFromContinuingOperations": "0", "comprehensiveIncomeNetOfTax": "None", "ebit": "830000000", "ebitda": "1117000000", "netIncome": "359000000"}, {"fiscalDateEnding": "2012-09-30", "reportedCurrency": "USD", "grossProfit": "1819000000", "totalRevenue": "2403000000", "costOfRevenue": "584000000", "costofGoodsAndServicesSold": "584000000", "operatingIncome": "664000000", "sellingGeneralAndAdministrative": "0", "researchAndDevelopment": "0", "operatingExpenses": "1018000000", "investmentIncomeNet": "None", "netInterestIncome": "None", "interestIncome": "None", "interestExpense": "248000000", "nonInterestIncome": "None", "otherNonOperatingIncome": "None", "depreciation": "None", "depreciationAndAmortization": "334000000", "incomeBeforeTax": "372000000", "incomeTaxExpense": "17000000", "interestAndDebtExpense": "None", "netIncomeFromContinuingOperations": "0", "comprehensiveIncomeNetOfTax": "None", "ebit": "620000000", "ebitda": "954000000", "netIncome": "355000000"}, {"fiscalDateEnding": "2012-06-30", "reportedCurrency": "USD", "grossProfit": "1793000000", "totalRevenue": "2549000000", "costOfRevenue": "756000000", "costofGoodsAndServicesSold": "756000000", "operatingIncome": "572000000", "sellingGeneralAndAdministrative": "0", "researchAndDevelopment": "0", "operatingExpenses": "1097000000", "investmentIncomeNet": "None", "netInterestIncome": "None", "interestIncome": "None", "interestExpense": "236000000", "nonInterestIncome": "None", "otherNonOperatingIncome": "None", "depreciation": "None", "depreciationAndAmortization": "304000000", "incomeBeforeTax": "365000000", "incomeTaxExpense": "88000000", "interestAndDebtExpense": "None", "netIncomeFromContinuingOperations": "0", "comprehensiveIncomeNetOfTax": "None", "ebit": "601000000", "ebitda": "905000000", "netIncome": "271000000"}, {"fiscalDateEnding": "2012-03-31", "reportedCurrency": "USD", "grossProfit": "2112000000", "totalRevenue": "4112000000", "costOfRevenue": "2000000000", "costofGoodsAndServicesSold": "2000000000", "operatingIncome": "1051000000", "sellingGeneralAndAdministrative": "0", "researchAndDevelopment": "0", "operatingExpenses": "1061000000", "investmentIncomeNet": "None", "netInterestIncome": "None", "interestIncome": "None", "interestExpense": "230000000", "nonInterestIncome": "None", "otherNonOperatingIncome": "None", "depreciation": "None", "depreciationAndAmortization": "319000000", "incomeBeforeTax": "804000000", "incomeTaxExpense": "259000000", "interestAndDebtExpense": "None", "netIncomeFromContinuingOperations": "0", "comprehensiveIncomeNetOfTax": "None", "ebit": "1034000000", "ebitda": "1353000000", "netIncome": "541000000"}, {"fiscalDateEnding": "2011-12-31", "reportedCurrency": "USD", "grossProfit": "2027000000", "totalRevenue": "4218000000", "costOfRevenue": "2191000000", "costofGoodsAndServicesSold": "2191000000", "operatingIncome": "934000000", "sellingGeneralAndAdministrative": "0", "researchAndDevelopment": "0", "operatingExpenses": "977000000", "investmentIncomeNet": "None", "netInterestIncome": "None", "interestIncome": "None", "interestExpense": "220000000", "nonInterestIncome": "None", "otherNonOperatingIncome": "None", "depreciation": "None", "depreciationAndAmortization": "338000000", "incomeBeforeTax": "720000000", "incomeTaxExpense": "262000000", "interestAndDebtExpense": "None", "netIncomeFromContinuingOperations": "0", "comprehensiveIncomeNetOfTax": "None", "ebit": "940000000", "ebitda": "1278000000", "netIncome": "454000000"}, {"fiscalDateEnding": "2011-09-30", "reportedCurrency": "USD", "grossProfit": "1844000000", "totalRevenue": "3120000000", "costOfRevenue": "1276000000", "costofGoodsAndServicesSold": "1276000000", "operatingIncome": "767000000", "sellingGeneralAndAdministrative": "0", "researchAndDevelopment": "0", "operatingExpenses": "1077000000", "investmentIncomeNet": "None", "netInterestIncome": "None", "interestIncome": "None", "interestExpense": "240000000", "nonInterestIncome": "None", "otherNonOperatingIncome": "None", "depreciation": "None", "depreciationAndAmortization": "252000000", "incomeBeforeTax": "559000000", "incomeTaxExpense": "110000000", "interestAndDebtExpense": "None", "netIncomeFromContinuingOperations": "0", "comprehensiveIncomeNetOfTax": "None", "ebit": "852000000", "ebitda": "1104000000", "netIncome": "444000000"}, {"fiscalDateEnding": "2011-06-30", "reportedCurrency": "USD", "grossProfit": "1750000000", "totalRevenue": "2489000000", "costOfRevenue": "739000000", "costofGoodsAndServicesSold": "739000000", "operatingIncome": "595000000", "sellingGeneralAndAdministrative": "0", "researchAndDevelopment": "0", "operatingExpenses": "1035000000", "investmentIncomeNet": "None", "netInterestIncome": "None", "interestIncome": "None", "interestExpense": "264000000", "nonInterestIncome": "None", "otherNonOperatingIncome": "None", "depreciation": "None", "depreciationAndAmortization": "317000000", "incomeBeforeTax": "297000000", "incomeTaxExpense": "96000000", "interestAndDebtExpense": "None", "netIncomeFromContinuingOperations": "0", "comprehensiveIncomeNetOfTax": "None", "ebit": "561000000", "ebitda": "878000000", "netIncome": "196000000"}, {"fiscalDateEnding": "2011-03-31", "reportedCurrency": "USD", "grossProfit": "1669000000", "totalRevenue": "2910000000", "costOfRevenue": "1241000000", "costofGoodsAndServicesSold": "1241000000", "operatingIncome": "805000000", "sellingGeneralAndAdministrative": "0", "researchAndDevelopment": "0", "operatingExpenses": "864000000", "investmentIncomeNet": "None", "netInterestIncome": "None", "interestIncome": "None", "interestExpense": "174000000", "nonInterestIncome": "None", "otherNonOperatingIncome": "None", "depreciation": "None", "depreciationAndAmortization": "255000000", "incomeBeforeTax": "625000000", "incomeTaxExpense": "223000000", "interestAndDebtExpense": "None", "netIncomeFromContinuingOperations": "0", "comprehensiveIncomeNetOfTax": "None", "ebit": "799000000", "ebitda": "1054000000", "netIncome": "401000000"}, {"fiscalDateEnding": "2010-12-31", "reportedCurrency": "USD", "grossProfit": "1406000000", "totalRevenue": "1863000000", "costOfRevenue": "457000000", "costofGoodsAndServicesSold": "457000000", "operatingIncome": "642000000", "sellingGeneralAndAdministrative": "0", "researchAndDevelopment": "0", "operatingExpenses": "764000000", "investmentIncomeNet": "None", "netInterestIncome": "None", "interestIncome": "None", "interestExpense": "180000000", "nonInterestIncome": "None", "otherNonOperatingIncome": "None", "depreciation": "None", "depreciationAndAmortization": "182000000", "incomeBeforeTax": "449000000", "incomeTaxExpense": "111000000", "interestAndDebtExpense": "None", "netIncomeFromContinuingOperations": "0", "comprehensiveIncomeNetOfTax": "None", "ebit": "629000000", "ebitda": "811000000", "netIncome": "355000000"}, {"fiscalDateEnding": "2010-09-30", "reportedCurrency": "USD", "grossProfit": "1071000000", "totalRevenue": "2179000000", "costOfRevenue": "1108000000", "costofGoodsAndServicesSold": "1108000000", "operatingIncome": "522000000", "sellingGeneralAndAdministrative": "0", "researchAndDevelopment": "0", "operatingExpenses": "549000000", "investmentIncomeNet": "None", "netInterestIncome": "None", "interestIncome": "None", "interestExpense": "171000000", "nonInterestIncome": "None", "otherNonOperatingIncome": "None", "depreciation": "None", "depreciationAndAmortization": "127000000", "incomeBeforeTax": "325000000", "incomeTaxExpense": "19000000", "interestAndDebtExpense": "None", "netIncomeFromContinuingOperations": "0", "comprehensiveIncomeNetOfTax": "None", "ebit": "567000000", "ebitda": "694000000", "netIncome": "248000000"}, {"fiscalDateEnding": "2010-06-30", "reportedCurrency": "USD", "grossProfit": "845000000", "totalRevenue": "1503000000", "costOfRevenue": "658000000", "costofGoodsAndServicesSold": "658000000", "operatingIncome": "238000000", "sellingGeneralAndAdministrative": "0", "researchAndDevelopment": "0", "operatingExpenses": "607000000", "investmentIncomeNet": "None", "netInterestIncome": "None", "interestIncome": "None", "interestExpense": "132000000", "nonInterestIncome": "None", "otherNonOperatingIncome": "None", "depreciation": "None", "depreciationAndAmortization": "254000000", "incomeBeforeTax": "104000000", "incomeTaxExpense": "12000000", "interestAndDebtExpense": "None", "netIncomeFromContinuingOperations": "0", "comprehensiveIncomeNetOfTax": "None", "ebit": "153000000", "ebitda": "407000000", "netIncome": "85000000"}, {"fiscalDateEnding": "2010-03-31", "reportedCurrency": "USD", "grossProfit": "1137000000", "totalRevenue": "3033000000", "costOfRevenue": "1896000000", "costofGoodsAndServicesSold": "1896000000", "operatingIncome": "492000000", "sellingGeneralAndAdministrative": "0", "researchAndDevelopment": "0", "operatingExpenses": "645000000", "investmentIncomeNet": "None", "netInterestIncome": "None", "interestIncome": "None", "interestExpense": "114000000", "nonInterestIncome": "None", "otherNonOperatingIncome": "None", "depreciation": "None", "depreciationAndAmortization": "128000000", "incomeBeforeTax": "386000000", "incomeTaxExpense": "131000000", "interestAndDebtExpense": "None", "netIncomeFromContinuingOperations": "0", "comprehensiveIncomeNetOfTax": "None", "ebit": "517000000", "ebitda": "645000000", "netIncome": "250000000"}, {"fiscalDateEnding": "2009-12-31", "reportedCurrency": "USD", "grossProfit": "559000000", "totalRevenue": "1727000000", "costOfRevenue": "1168000000", "costofGoodsAndServicesSold": "1168000000", "operatingIncome": "264000000", "sellingGeneralAndAdministrative": "0", "researchAndDevelopment": "0", "operatingExpenses": "295000000", "investmentIncomeNet": "None", "netInterestIncome": "None", "interestIncome": "None", "interestExpense": "102000000", "nonInterestIncome": "None", "otherNonOperatingIncome": "None", "depreciation": "None", "depreciationAndAmortization": "126000000", "incomeBeforeTax": "173000000", "incomeTaxExpense": "29000000", "interestAndDebtExpense": "None", "netIncomeFromContinuingOperations": "0", "comprehensiveIncomeNetOfTax": "None", "ebit": "275000000", "ebitda": "401000000", "netIncome": "153000000"}, {"fiscalDateEnding": "2009-09-30", "reportedCurrency": "USD", "grossProfit": "480000000", "totalRevenue": "1805000000", "costOfRevenue": "1325000000", "costofGoodsAndServicesSold": "1325000000", "operatingIncome": "181000000", "sellingGeneralAndAdministrative": "109000000", "researchAndDevelopment": "0", "operatingExpenses": "299000000", "investmentIncomeNet": "None", "netInterestIncome": "None", "interestIncome": "None", "interestExpense": "106000000", "nonInterestIncome": "None", "otherNonOperatingIncome": "None", "depreciation": "None", "depreciationAndAmortization": "120000000", "incomeBeforeTax": "84000000", "incomeTaxExpense": "34000000", "interestAndDebtExpense": "None", "netIncomeFromContinuingOperations": "0", "comprehensiveIncomeNetOfTax": "None", "ebit": "181000000", "ebitda": "301000000", "netIncome": "20000000"}, {"fiscalDateEnding": "2009-06-30", "reportedCurrency": "USD", "grossProfit": "383000000", "totalRevenue": "1673000000", "costOfRevenue": "1290000000", "costofGoodsAndServicesSold": "1290000000", "operatingIncome": "104000000", "sellingGeneralAndAdministrative": "0", "researchAndDevelopment": "0", "operatingExpenses": "279000000", "investmentIncomeNet": "None", "netInterestIncome": "None", "interestIncome": "None", "interestExpense": "99000000", "nonInterestIncome": "None", "otherNonOperatingIncome": "None", "depreciation": "None", "depreciationAndAmortization": "115000000", "incomeBeforeTax": "-2000000", "incomeTaxExpense": "-31000000", "interestAndDebtExpense": "None", "netIncomeFromContinuingOperations": "0", "comprehensiveIncomeNetOfTax": "None", "ebit": "102000000", "ebitda": "217000000", "netIncome": "-7000000"}, {"fiscalDateEnding": "2009-03-31", "reportedCurrency": "USD", "grossProfit": "973000000", "totalRevenue": "2359000000", "costOfRevenue": "1386000000", "costofGoodsAndServicesSold": "1386000000", "operatingIncome": "417000000", "sellingGeneralAndAdministrative": "0", "researchAndDevelopment": "0", "operatingExpenses": "556000000", "investmentIncomeNet": "None", "netInterestIncome": "None", "interestIncome": "None", "interestExpense": "89000000", "nonInterestIncome": "None", "otherNonOperatingIncome": "None", "depreciation": "None", "depreciationAndAmortization": "110000000", "incomeBeforeTax": "347000000", "incomeTaxExpense": "101000000", "interestAndDebtExpense": "None", "netIncomeFromContinuingOperations": "0", "comprehensiveIncomeNetOfTax": "None", "ebit": "430000000", "ebitda": "540000000", "netIncome": "241000000"}, {"fiscalDateEnding": "2008-12-31", "reportedCurrency": "USD", "grossProfit": "1259000000", "totalRevenue": "2513000000", "costOfRevenue": "1254000000", "costofGoodsAndServicesSold": "1254000000", "operatingIncome": "552000000", "sellingGeneralAndAdministrative": "0", "researchAndDevelopment": "0", "operatingExpenses": "707000000", "investmentIncomeNet": "None", "netInterestIncome": "None", "interestIncome": "None", "interestExpense": "459000000", "nonInterestIncome": "None", "otherNonOperatingIncome": "None", "depreciation": "None", "depreciationAndAmortization": "497000000", "incomeBeforeTax": "438000000", "incomeTaxExpense": "155000000", "interestAndDebtExpense": "None", "netIncomeFromContinuingOperations": "0", "comprehensiveIncomeNetOfTax": "None", "ebit": "552000000", "ebitda": "1049000000", "netIncome": "281000000"}, {"fiscalDateEnding": "2008-09-30", "reportedCurrency": "USD", "grossProfit": "1156000000", "totalRevenue": "2981000000", "costOfRevenue": "1825000000", "costofGoodsAndServicesSold": "1825000000", "operatingIncome": "395000000", "sellingGeneralAndAdministrative": "0", "researchAndDevelopment": "0", "operatingExpenses": "761000000", "investmentIncomeNet": "None", "netInterestIncome": "None", "interestIncome": "None", "interestExpense": "120000000", "nonInterestIncome": "None", "otherNonOperatingIncome": "None", "depreciation": "None", "depreciationAndAmortization": "-61000000", "incomeBeforeTax": "272000000", "incomeTaxExpense": "59000000", "interestAndDebtExpense": "None", "netIncomeFromContinuingOperations": "0", "comprehensiveIncomeNetOfTax": "None", "ebit": "564000000", "ebitda": "503000000", "netIncome": "208000000"}, {"fiscalDateEnding": "2008-06-30", "reportedCurrency": "USD", "grossProfit": "1130000000", "totalRevenue": "1024000000", "costOfRevenue": "-106000000", "costofGoodsAndServicesSold": "-106000000", "operatingIncome": "393000000", "sellingGeneralAndAdministrative": "0", "researchAndDevelopment": "0", "operatingExpenses": "737000000", "investmentIncomeNet": "None", "netInterestIncome": "None", "interestIncome": "None", "interestExpense": "110000000", "nonInterestIncome": "None", "otherNonOperatingIncome": "None", "depreciation": "None", "depreciationAndAmortization": "202000000", "incomeBeforeTax": "286000000", "incomeTaxExpense": "97000000", "interestAndDebtExpense": "None", "netIncomeFromContinuingOperations": "0", "comprehensiveIncomeNetOfTax": "None", "ebit": "307000000", "ebitda": "509000000", "netIncome": "189000000"}, {"fiscalDateEnding": "2008-03-31", "reportedCurrency": "USD", "grossProfit": "1228000000", "totalRevenue": "1526000000", "costOfRevenue": "298000000", "costofGoodsAndServicesSold": "298000000", "operatingIncome": "480000000", "sellingGeneralAndAdministrative": "0", "researchAndDevelopment": "0", "operatingExpenses": "748000000", "investmentIncomeNet": "None", "netInterestIncome": "None", "interestIncome": "None", "interestExpense": "108000000", "nonInterestIncome": "None", "otherNonOperatingIncome": "None", "depreciation": "None", "depreciationAndAmortization": "206000000", "incomeBeforeTax": "375000000", "incomeTaxExpense": "129000000", "interestAndDebtExpense": "None", "netIncomeFromContinuingOperations": "0", "comprehensiveIncomeNetOfTax": "None", "ebit": "394000000", "ebitda": "600000000", "netIncome": "260000000"}, {"fiscalDateEnding": "2007-12-31", "reportedCurrency": "USD", "grossProfit": "1221000000", "totalRevenue": "1621000000", "costOfRevenue": "400000000", "costofGoodsAndServicesSold": "400000000", "operatingIncome": "395000000", "sellingGeneralAndAdministrative": "0", "researchAndDevelopment": "0", "operatingExpenses": "826000000", "investmentIncomeNet": "None", "netInterestIncome": "None", "interestIncome": "None", "interestExpense": "474000000", "nonInterestIncome": "None", "otherNonOperatingIncome": "None", "depreciation": "None", "depreciationAndAmortization": "657000000", "incomeBeforeTax": "315000000", "incomeTaxExpense": "82000000", "interestAndDebtExpense": "None", "netIncomeFromContinuingOperations": "0", "comprehensiveIncomeNetOfTax": "None", "ebit": "395000000", "ebitda": "1052000000", "netIncome": "436000000"}, {"fiscalDateEnding": "2007-09-30", "reportedCurrency": "USD", "grossProfit": "1282000000", "totalRevenue": "1763000000", "costOfRevenue": "481000000", "costofGoodsAndServicesSold": "481000000", "operatingIncome": "521000000", "sellingGeneralAndAdministrative": "0", "researchAndDevelopment": "0", "operatingExpenses": "761000000", "investmentIncomeNet": "None", "netInterestIncome": "None", "interestIncome": "None", "interestExpense": "117000000", "nonInterestIncome": "None", "otherNonOperatingIncome": "None", "depreciation": "None", "depreciationAndAmortization": "-211000000", "incomeBeforeTax": "421000000", "incomeTaxExpense": "88000000", "interestAndDebtExpense": "None", "netIncomeFromContinuingOperations": "0", "comprehensiveIncomeNetOfTax": "None", "ebit": "840000000", "ebitda": "629000000", "netIncome": "322000000"}, {"fiscalDateEnding": "2007-06-30", "reportedCurrency": "USD", "grossProfit": "1193000000", "totalRevenue": "1613000000", "costOfRevenue": "420000000", "costofGoodsAndServicesSold": "420000000", "operatingIncome": "379000000", "sellingGeneralAndAdministrative": "0", "researchAndDevelopment": "0", "operatingExpenses": "814000000", "investmentIncomeNet": "None", "netInterestIncome": "None", "interestIncome": "None", "interestExpense": "121000000", "nonInterestIncome": "None", "otherNonOperatingIncome": "None", "depreciation": "None", "depreciationAndAmortization": "213000000", "incomeBeforeTax": "277000000", "incomeTaxExpense": "33000000", "interestAndDebtExpense": "None", "netIncomeFromContinuingOperations": "0", "comprehensiveIncomeNetOfTax": "None", "ebit": "378000000", "ebitda": "591000000", "netIncome": "345000000"}, {"fiscalDateEnding": "2007-03-31", "reportedCurrency": "USD", "grossProfit": "1219000000", "totalRevenue": "1638000000", "costOfRevenue": "419000000", "costofGoodsAndServicesSold": "419000000", "operatingIncome": "403000000", "sellingGeneralAndAdministrative": "0", "researchAndDevelopment": "0", "operatingExpenses": "816000000", "investmentIncomeNet": "None", "netInterestIncome": "None", "interestIncome": "None", "interestExpense": "121000000", "nonInterestIncome": "None", "otherNonOperatingIncome": "None", "depreciation": "None", "depreciationAndAmortization": "232000000", "incomeBeforeTax": "302000000", "incomeTaxExpense": "74000000", "interestAndDebtExpense": "None", "netIncomeFromContinuingOperations": "0", "comprehensiveIncomeNetOfTax": "None", "ebit": "389000000", "ebitda": "621000000", "netIncome": "203000000"}, {"fiscalDateEnding": "2006-12-31", "reportedCurrency": "USD", "grossProfit": "1196000000", "totalRevenue": "1724000000", "costOfRevenue": "528000000", "costofGoodsAndServicesSold": "528000000", "operatingIncome": "367000000", "sellingGeneralAndAdministrative": "0", "researchAndDevelopment": "0", "operatingExpenses": "829000000", "investmentIncomeNet": "None", "netInterestIncome": "None", "interestIncome": "None", "interestExpense": "482000000", "nonInterestIncome": "None", "otherNonOperatingIncome": "None", "depreciation": "None", "depreciationAndAmortization": "195000000", "incomeBeforeTax": "234000000", "incomeTaxExpense": "56000000", "interestAndDebtExpense": "None", "netIncomeFromContinuingOperations": "0", "comprehensiveIncomeNetOfTax": "None", "ebit": "367000000", "ebitda": "562000000", "netIncome": "178000000"}, {"fiscalDateEnding": "2006-09-30", "reportedCurrency": "USD", "grossProfit": "1132000000", "totalRevenue": "1752000000", "costOfRevenue": "620000000", "costofGoodsAndServicesSold": "620000000", "operatingIncome": "380000000", "sellingGeneralAndAdministrative": "0", "researchAndDevelopment": "0", "operatingExpenses": "752000000", "investmentIncomeNet": "None", "netInterestIncome": "None", "interestIncome": "None", "interestExpense": "125000000", "nonInterestIncome": "None", "otherNonOperatingIncome": "None", "depreciation": "None", "depreciationAndAmortization": "190000000", "incomeBeforeTax": "267000000", "incomeTaxExpense": "41000000", "interestAndDebtExpense": "None", "netIncomeFromContinuingOperations": "0", "comprehensiveIncomeNetOfTax": "None", "ebit": "76000000", "ebitda": "266000000", "netIncome": "226000000"}, {"fiscalDateEnding": "2006-06-30", "reportedCurrency": "USD", "grossProfit": "1116000000", "totalRevenue": "1642000000", "costOfRevenue": "526000000", "costofGoodsAndServicesSold": "526000000", "operatingIncome": "439000000", "sellingGeneralAndAdministrative": "0", "researchAndDevelopment": "0", "operatingExpenses": "677000000", "investmentIncomeNet": "None", "netInterestIncome": "None", "interestIncome": "None", "interestExpense": "121000000", "nonInterestIncome": "None", "otherNonOperatingIncome": "None", "depreciation": "None", "depreciationAndAmortization": "185000000", "incomeBeforeTax": "283000000", "incomeTaxExpense": "83000000", "interestAndDebtExpense": "None", "netIncomeFromContinuingOperations": "0", "comprehensiveIncomeNetOfTax": "None", "ebit": "358000000", "ebitda": "543000000", "netIncome": "181000000"}, {"fiscalDateEnding": "2006-03-31", "reportedCurrency": "USD", "grossProfit": "1234000000", "totalRevenue": "1783000000", "costOfRevenue": "549000000", "costofGoodsAndServicesSold": "549000000", "operatingIncome": "488000000", "sellingGeneralAndAdministrative": "0", "researchAndDevelopment": "0", "operatingExpenses": "746000000", "investmentIncomeNet": "None", "netInterestIncome": "None", "interestIncome": "None", "interestExpense": "119000000", "nonInterestIncome": "None", "otherNonOperatingIncome": "None", "depreciation": "None", "depreciationAndAmortization": "185000000", "incomeBeforeTax": "375000000", "incomeTaxExpense": "95000000", "interestAndDebtExpense": "None", "netIncomeFromContinuingOperations": "0", "comprehensiveIncomeNetOfTax": "None", "ebit": "465000000", "ebitda": "650000000", "netIncome": "280000000"}, {"fiscalDateEnding": "2005-12-31", "reportedCurrency": "USD", "grossProfit": "1071000000", "totalRevenue": "1498000000", "costOfRevenue": "427000000", "costofGoodsAndServicesSold": "427000000", "operatingIncome": "294000000", "sellingGeneralAndAdministrative": "0", "researchAndDevelopment": "0", "operatingExpenses": "777000000", "investmentIncomeNet": "None", "netInterestIncome": "None", "interestIncome": "None", "interestExpense": "508000000", "nonInterestIncome": "None", "otherNonOperatingIncome": "None", "depreciation": "None", "depreciationAndAmortization": "213000000", "incomeBeforeTax": "177000000", "incomeTaxExpense": "-16000000", "interestAndDebtExpense": "None", "netIncomeFromContinuingOperations": "0", "comprehensiveIncomeNetOfTax": "None", "ebit": "294000000", "ebitda": "507000000", "netIncome": "185000000"}, {"fiscalDateEnding": "2005-09-30", "reportedCurrency": "USD", "grossProfit": "1138000000", "totalRevenue": "1643000000", "costOfRevenue": "505000000", "costofGoodsAndServicesSold": "505000000", "operatingIncome": "386000000", "sellingGeneralAndAdministrative": "0", "researchAndDevelopment": "0", "operatingExpenses": "752000000", "investmentIncomeNet": "None", "netInterestIncome": "None", "interestIncome": "None", "interestExpense": "127000000", "nonInterestIncome": "None", "otherNonOperatingIncome": "None", "depreciation": "None", "depreciationAndAmortization": "173000000", "incomeBeforeTax": "262000000", "incomeTaxExpense": "65000000", "interestAndDebtExpense": "None", "netIncomeFromContinuingOperations": "0", "comprehensiveIncomeNetOfTax": "None", "ebit": "386000000", "ebitda": "559000000", "netIncome": "197000000"}, {"fiscalDateEnding": "2005-06-30", "reportedCurrency": "USD", "grossProfit": "1065000000", "totalRevenue": "1476000000", "costOfRevenue": "411000000", "costofGoodsAndServicesSold": "411000000", "operatingIncome": "331000000", "sellingGeneralAndAdministrative": "0", "researchAndDevelopment": "0", "operatingExpenses": "734000000", "investmentIncomeNet": "None", "netInterestIncome": "None", "interestIncome": "None", "interestExpense": "125000000", "nonInterestIncome": "None", "otherNonOperatingIncome": "None", "depreciation": "None", "depreciationAndAmortization": "153000000", "incomeBeforeTax": "215000000", "incomeTaxExpense": "38000000", "interestAndDebtExpense": "None", "netIncomeFromContinuingOperations": "0", "comprehensiveIncomeNetOfTax": "None", "ebit": "331000000", "ebitda": "484000000", "netIncome": "128000000"}, {"fiscalDateEnding": "2005-03-31", "reportedCurrency": "USD", "grossProfit": "1088000000", "totalRevenue": "1602000000", "costOfRevenue": "514000000", "costofGoodsAndServicesSold": "514000000", "operatingIncome": "329000000", "sellingGeneralAndAdministrative": "0", "researchAndDevelopment": "0", "operatingExpenses": "759000000", "investmentIncomeNet": "None", "netInterestIncome": "None", "interestIncome": "None", "interestExpense": "135000000", "nonInterestIncome": "None", "otherNonOperatingIncome": "None", "depreciation": "None", "depreciationAndAmortization": "165000000", "incomeBeforeTax": "200000000", "incomeTaxExpense": "32000000", "interestAndDebtExpense": "None", "netIncomeFromContinuingOperations": "0", "comprehensiveIncomeNetOfTax": "None", "ebit": "329000000", "ebitda": "494000000", "netIncome": "168000000"}, {"fiscalDateEnding": "2004-12-31", "reportedCurrency": "USD", "grossProfit": "1049000000", "totalRevenue": "1465000000", "costOfRevenue": "416000000", "costofGoodsAndServicesSold": "416000000", "operatingIncome": "341000000", "sellingGeneralAndAdministrative": "0", "researchAndDevelopment": "0", "operatingExpenses": "708000000", "investmentIncomeNet": "None", "netInterestIncome": "None", "interestIncome": "None", "interestExpense": "473000000", "nonInterestIncome": "None", "otherNonOperatingIncome": "None", "depreciation": "None", "depreciationAndAmortization": "184000000", "incomeBeforeTax": "199000000", "incomeTaxExpense": "22000000", "interestAndDebtExpense": "None", "netIncomeFromContinuingOperations": "0", "comprehensiveIncomeNetOfTax": "None", "ebit": "341000000", "ebitda": "525000000", "netIncome": "177000000"}]}