{"symbol": "CPRT", "annualReports": [{"fiscalDateEnding": "2024-07-31", "reportedCurrency": "USD", "grossProfit": "1939204000", "totalRevenue": "4236823000", "costOfRevenue": "2297619000", "costofGoodsAndServicesSold": "2297619000", "operatingIncome": "1572023000", "sellingGeneralAndAdministrative": "335229000", "researchAndDevelopment": "None", "operatingExpenses": "335229000", "investmentIncomeNet": "None", "netInterestIncome": "145673000", "interestIncome": "None", "interestExpense": "145673000", "nonInterestIncome": "None", "otherNonOperatingIncome": "None", "depreciation": "None", "depreciationAndAmortization": "189761000", "incomeBeforeTax": "1714601000", "incomeTaxExpense": "352254000", "interestAndDebtExpense": "None", "netIncomeFromContinuingOperations": "1362347000", "comprehensiveIncomeNetOfTax": "None", "ebit": "1572518000", "ebitda": "1762279000", "netIncome": "1363020000"}, {"fiscalDateEnding": "2023-07-31", "reportedCurrency": "USD", "grossProfit": "1736991000", "totalRevenue": "3869518000", "costOfRevenue": "2132527000", "costofGoodsAndServicesSold": "2132527000", "operatingIncome": "1486569000", "sellingGeneralAndAdministrative": "233041000", "researchAndDevelopment": "None", "operatingExpenses": "250422000", "investmentIncomeNet": "None", "netInterestIncome": "65928000", "interestIncome": "None", "interestExpense": "65928000", "nonInterestIncome": "None", "otherNonOperatingIncome": "None", "depreciation": "None", "depreciationAndAmortization": "159478000", "incomeBeforeTax": "1554328000", "incomeTaxExpense": "316587000", "interestAndDebtExpense": "None", "netIncomeFromContinuingOperations": "1237741000", "comprehensiveIncomeNetOfTax": "None", "ebit": "1327091000", "ebitda": "1486569000", "netIncome": "1237741000"}, {"fiscalDateEnding": "2022-07-31", "reportedCurrency": "USD", "grossProfit": "1606221000", "totalRevenue": "3500921000", "costOfRevenue": "1894700000", "costofGoodsAndServicesSold": "1894700000", "operatingIncome": "1374997000", "sellingGeneralAndAdministrative": "211152000", "researchAndDevelopment": "None", "operatingExpenses": "231224000", "investmentIncomeNet": "None", "netInterestIncome": "-16688000", "interestIncome": "None", "interestExpense": "16688000", "nonInterestIncome": "None", "otherNonOperatingIncome": "-17355000", "depreciation": "None", "depreciationAndAmortization": "137985000", "incomeBeforeTax": "1340954000", "incomeTaxExpense": "250824000", "interestAndDebtExpense": "None", "netIncomeFromContinuingOperations": "1090130000", "comprehensiveIncomeNetOfTax": "None", "ebit": "1237012000", "ebitda": "1374997000", "netIncome": "1090130000"}, {"fiscalDateEnding": "2021-07-31", "reportedCurrency": "USD", "grossProfit": "1343091000", "totalRevenue": "2692511000", "costOfRevenue": "1349420000", "costofGoodsAndServicesSold": "1349420000", "operatingIncome": "1136426000", "sellingGeneralAndAdministrative": "185611000", "researchAndDevelopment": "None", "operatingExpenses": "206665000", "investmentIncomeNet": "None", "netInterestIncome": "-20247000", "interestIncome": "None", "interestExpense": "20247000", "nonInterestIncome": "None", "otherNonOperatingIncome": "None", "depreciation": "None", "depreciationAndAmortization": "121971000", "incomeBeforeTax": "1121846000", "incomeTaxExpense": "185351000", "interestAndDebtExpense": "None", "netIncomeFromContinuingOperations": "936495000", "comprehensiveIncomeNetOfTax": "None", "ebit": "1014455000", "ebitda": "1136426000", "netIncome": "936495000"}, {"fiscalDateEnding": "2020-07-31", "reportedCurrency": "USD", "grossProfit": "1007802000", "totalRevenue": "2205583000", "costOfRevenue": "1197781000", "costofGoodsAndServicesSold": "1197781000", "operatingIncome": "816099000", "sellingGeneralAndAdministrative": "167312000", "researchAndDevelopment": "None", "operatingExpenses": "191703000", "investmentIncomeNet": "None", "netInterestIncome": "-18871000", "interestIncome": "1359000", "interestExpense": "18871000", "nonInterestIncome": "None", "otherNonOperatingIncome": "4970000", "depreciation": "None", "depreciationAndAmortization": "101390000", "incomeBeforeTax": "800839000", "incomeTaxExpense": "100932000", "interestAndDebtExpense": "None", "netIncomeFromContinuingOperations": "699907000", "comprehensiveIncomeNetOfTax": "None", "ebit": "821069000", "ebitda": "922459000", "netIncome": "699907000"}, {"fiscalDateEnding": "2019-07-31", "reportedCurrency": "USD", "grossProfit": "898342000", "totalRevenue": "2041957000", "costOfRevenue": "1143615000", "costofGoodsAndServicesSold": "1143615000", "operatingIncome": "716475000", "sellingGeneralAndAdministrative": "160139000", "researchAndDevelopment": "None", "operatingExpenses": "181867000", "investmentIncomeNet": "None", "netInterestIncome": "-17585000", "interestIncome": "2225000", "interestExpense": "17585000", "nonInterestIncome": "None", "otherNonOperatingIncome": "8286000", "depreciation": "None", "depreciationAndAmortization": "84895000", "incomeBeforeTax": "704951000", "incomeTaxExpense": "113258000", "interestAndDebtExpense": "None", "netIncomeFromContinuingOperations": "591693000", "comprehensiveIncomeNetOfTax": "None", "ebit": "724761000", "ebitda": "809656000", "netIncome": "591693000"}, {"fiscalDateEnding": "2018-07-31", "reportedCurrency": "USD", "grossProfit": "762366000", "totalRevenue": "1805695000", "costOfRevenue": "1043329000", "costofGoodsAndServicesSold": "1043329000", "operatingIncome": "584345000", "sellingGeneralAndAdministrative": "155522000", "researchAndDevelopment": "15500000", "operatingExpenses": "176890000", "investmentIncomeNet": "None", "netInterestIncome": "-19075000", "interestIncome": "1293000", "interestExpense": "19075000", "nonInterestIncome": "None", "otherNonOperatingIncome": "-1466000", "depreciation": "None", "depreciationAndAmortization": "78598000", "incomeBeforeTax": "562511000", "incomeTaxExpense": "144504000", "interestAndDebtExpense": "None", "netIncomeFromContinuingOperations": "418007000", "comprehensiveIncomeNetOfTax": "None", "ebit": "582879000", "ebitda": "661477000", "netIncome": "417867000"}, {"fiscalDateEnding": "2017-07-31", "reportedCurrency": "USD", "grossProfit": "632028000", "totalRevenue": "1447981000", "costOfRevenue": "815953000", "costofGoodsAndServicesSold": "815953000", "operatingIncome": "461299000", "sellingGeneralAndAdministrative": "151364000", "researchAndDevelopment": "19400000", "operatingExpenses": "151364000", "investmentIncomeNet": "None", "netInterestIncome": "-22373000", "interestIncome": "1406000", "interestExpense": "23779000", "nonInterestIncome": "None", "otherNonOperatingIncome": "2580000", "depreciation": "None", "depreciationAndAmortization": "57000000", "incomeBeforeTax": "440100000", "incomeTaxExpense": "45839000", "interestAndDebtExpense": "None", "netIncomeFromContinuingOperations": "394261000", "comprehensiveIncomeNetOfTax": "None", "ebit": "463879000", "ebitda": "520879000", "netIncome": "394227000"}, {"fiscalDateEnding": "2016-07-31", "reportedCurrency": "USD", "grossProfit": "544586000", "totalRevenue": "1268449000", "costOfRevenue": "723863000", "costofGoodsAndServicesSold": "723863000", "operatingIncome": "406470000", "sellingGeneralAndAdministrative": "138116000", "researchAndDevelopment": "29800000", "operatingExpenses": "138116000", "investmentIncomeNet": "None", "netInterestIncome": "-22157000", "interestIncome": "22157000", "interestExpense": "23606000", "nonInterestIncome": "None", "otherNonOperatingIncome": "13001000", "depreciation": "None", "depreciationAndAmortization": "48575000", "incomeBeforeTax": "395865000", "incomeTaxExpense": "125505000", "interestAndDebtExpense": "None", "netIncomeFromContinuingOperations": "270360000", "comprehensiveIncomeNetOfTax": "None", "ebit": "419971000", "ebitda": "468546000", "netIncome": "270360000"}, {"fiscalDateEnding": "2015-07-31", "reportedCurrency": "USD", "grossProfit": "483376000", "totalRevenue": "1146079000", "costOfRevenue": "662703000", "costofGoodsAndServicesSold": "662703000", "operatingIncome": "344401000", "sellingGeneralAndAdministrative": "138975000", "researchAndDevelopment": "0", "operatingExpenses": "138975000", "investmentIncomeNet": "None", "netInterestIncome": "None", "interestIncome": "17304000", "interestExpense": "18121000", "nonInterestIncome": "None", "otherNonOperatingIncome": "5789000", "depreciation": "None", "depreciationAndAmortization": "54682000", "incomeBeforeTax": "332069000", "incomeTaxExpense": "112286000", "interestAndDebtExpense": "None", "netIncomeFromContinuingOperations": "219783000", "comprehensiveIncomeNetOfTax": "None", "ebit": "344401000", "ebitda": "399083000", "netIncome": "219783000"}, {"fiscalDateEnding": "2014-07-31", "reportedCurrency": "USD", "grossProfit": "468573000", "totalRevenue": "1163489000", "costOfRevenue": "694916000", "costofGoodsAndServicesSold": "694916000", "operatingIncome": "274934000", "sellingGeneralAndAdministrative": "164535000", "researchAndDevelopment": "0", "operatingExpenses": "164535000", "investmentIncomeNet": "None", "netInterestIncome": "None", "interestIncome": "None", "interestExpense": "8768000", "nonInterestIncome": "None", "otherNonOperatingIncome": "3869000", "depreciation": "None", "depreciationAndAmortization": "57595000", "incomeBeforeTax": "270035000", "incomeTaxExpense": "91348000", "interestAndDebtExpense": "None", "netIncomeFromContinuingOperations": "178687000", "comprehensiveIncomeNetOfTax": "None", "ebit": "277134000", "ebitda": "334729000", "netIncome": "178687000"}, {"fiscalDateEnding": "2013-07-31", "reportedCurrency": "USD", "grossProfit": "420922000", "totalRevenue": "1046386000", "costOfRevenue": "625464000", "costofGoodsAndServicesSold": "625464000", "operatingIncome": "282992000", "sellingGeneralAndAdministrative": "137930000", "researchAndDevelopment": "0", "operatingExpenses": "137930000", "investmentIncomeNet": "None", "netInterestIncome": "None", "interestIncome": "None", "interestExpense": "10267000", "nonInterestIncome": "None", "otherNonOperatingIncome": "4147000", "depreciation": "None", "depreciationAndAmortization": "60875000", "incomeBeforeTax": "276872000", "incomeTaxExpense": "96847000", "interestAndDebtExpense": "None", "netIncomeFromContinuingOperations": "180025000", "comprehensiveIncomeNetOfTax": "None", "ebit": "285492000", "ebitda": "346367000", "netIncome": "180025000"}, {"fiscalDateEnding": "2012-07-31", "reportedCurrency": "USD", "grossProfit": "409616000", "totalRevenue": "924191000", "costOfRevenue": "514575000", "costofGoodsAndServicesSold": "514575000", "operatingIncome": "286353000", "sellingGeneralAndAdministrative": "114492000", "researchAndDevelopment": "0", "operatingExpenses": "114492000", "investmentIncomeNet": "None", "netInterestIncome": "None", "interestIncome": "None", "interestExpense": "11341000", "nonInterestIncome": "None", "otherNonOperatingIncome": "3044000", "depreciation": "None", "depreciationAndAmortization": "51211000", "incomeBeforeTax": "278056000", "incomeTaxExpense": "95937000", "interestAndDebtExpense": "None", "netIncomeFromContinuingOperations": "182119000", "comprehensiveIncomeNetOfTax": "None", "ebit": "286353000", "ebitda": "337564000", "netIncome": "182119000"}, {"fiscalDateEnding": "2011-07-31", "reportedCurrency": "USD", "grossProfit": "372895000", "totalRevenue": "872246000", "costOfRevenue": "499351000", "costofGoodsAndServicesSold": "499351000", "operatingIncome": "265290000", "sellingGeneralAndAdministrative": "107605000", "researchAndDevelopment": "None", "operatingExpenses": "107605000", "investmentIncomeNet": "None", "netInterestIncome": "None", "interestIncome": "None", "interestExpense": "4078000", "nonInterestIncome": "None", "otherNonOperatingIncome": "2665000", "depreciation": "None", "depreciationAndAmortization": "48359000", "incomeBeforeTax": "263877000", "incomeTaxExpense": "97502000", "interestAndDebtExpense": "None", "netIncomeFromContinuingOperations": "166375000", "comprehensiveIncomeNetOfTax": "None", "ebit": "265290000", "ebitda": "313649000", "netIncome": "166375000"}, {"fiscalDateEnding": "2010-07-31", "reportedCurrency": "USD", "grossProfit": "347994000", "totalRevenue": "772879000", "costOfRevenue": "424885000", "costofGoodsAndServicesSold": "424885000", "operatingIncome": "239070000", "sellingGeneralAndAdministrative": "108924000", "researchAndDevelopment": "None", "operatingExpenses": "108924000", "investmentIncomeNet": "None", "netInterestIncome": "None", "interestIncome": "None", "interestExpense": "216000", "nonInterestIncome": "None", "otherNonOperatingIncome": "None", "depreciation": "None", "depreciationAndAmortization": "43883000", "incomeBeforeTax": "239495000", "incomeTaxExpense": "87868000", "interestAndDebtExpense": "None", "netIncomeFromContinuingOperations": "None", "comprehensiveIncomeNetOfTax": "None", "ebit": "239070000", "ebitda": "282953000", "netIncome": "151627000"}, {"fiscalDateEnding": "2009-07-31", "reportedCurrency": "USD", "grossProfit": "312260000", "totalRevenue": "743082000", "costOfRevenue": "430822000", "costofGoodsAndServicesSold": "430822000", "operatingIncome": "225325000", "sellingGeneralAndAdministrative": "86935000", "researchAndDevelopment": "None", "operatingExpenses": "86935000", "investmentIncomeNet": "None", "netInterestIncome": "None", "interestIncome": "None", "interestExpense": "274000", "nonInterestIncome": "None", "otherNonOperatingIncome": "None", "depreciation": "None", "depreciationAndAmortization": "45592000", "incomeBeforeTax": "227732000", "incomeTaxExpense": "88186000", "interestAndDebtExpense": "None", "netIncomeFromContinuingOperations": "None", "comprehensiveIncomeNetOfTax": "None", "ebit": "223768000", "ebitda": "269360000", "netIncome": "141103000"}, {"fiscalDateEnding": "2008-07-31", "reportedCurrency": "USD", "grossProfit": "322259000", "totalRevenue": "784848000", "costOfRevenue": "462589000", "costofGoodsAndServicesSold": "462589000", "operatingIncome": "237917000", "sellingGeneralAndAdministrative": "84342000", "researchAndDevelopment": "None", "operatingExpenses": "84342000", "investmentIncomeNet": "None", "netInterestIncome": "None", "interestIncome": "None", "interestExpense": "11733000", "nonInterestIncome": "None", "otherNonOperatingIncome": "None", "depreciation": "None", "depreciationAndAmortization": "54537000", "incomeBeforeTax": "249650000", "incomeTaxExpense": "92718000", "interestAndDebtExpense": "None", "netIncomeFromContinuingOperations": "None", "comprehensiveIncomeNetOfTax": "None", "ebit": "183380000", "ebitda": "237917000", "netIncome": "156932000"}, {"fiscalDateEnding": "2007-07-31", "reportedCurrency": "USD", "grossProfit": "266782000", "totalRevenue": "560680000", "costOfRevenue": "293898000", "costofGoodsAndServicesSold": "293898000", "operatingIncome": "203145000", "sellingGeneralAndAdministrative": "63637000", "researchAndDevelopment": "None", "operatingExpenses": "63637000", "investmentIncomeNet": "None", "netInterestIncome": "None", "interestIncome": "None", "interestExpense": "14276000", "nonInterestIncome": "None", "otherNonOperatingIncome": "None", "depreciation": "None", "depreciationAndAmortization": "51365000", "incomeBeforeTax": "217421000", "incomeTaxExpense": "81083000", "interestAndDebtExpense": "None", "netIncomeFromContinuingOperations": "None", "comprehensiveIncomeNetOfTax": "None", "ebit": "151780000", "ebitda": "203145000", "netIncome": "136338000"}, {"fiscalDateEnding": "2006-07-31", "reportedCurrency": "USD", "grossProfit": "230548000", "totalRevenue": "528571000", "costOfRevenue": "298023000", "costofGoodsAndServicesSold": "298023000", "operatingIncome": "171562000", "sellingGeneralAndAdministrative": "58986000", "researchAndDevelopment": "None", "operatingExpenses": "58986000", "investmentIncomeNet": "None", "netInterestIncome": "None", "interestIncome": "None", "interestExpense": "12753000", "nonInterestIncome": "None", "otherNonOperatingIncome": "None", "depreciation": "None", "depreciationAndAmortization": "18703000", "incomeBeforeTax": "174522000", "incomeTaxExpense": "61862000", "interestAndDebtExpense": "None", "netIncomeFromContinuingOperations": "None", "comprehensiveIncomeNetOfTax": "None", "ebit": "152859000", "ebitda": "171562000", "netIncome": "96947000"}, {"fiscalDateEnding": "2005-07-31", "reportedCurrency": "USD", "grossProfit": "203838000", "totalRevenue": "457111000", "costOfRevenue": "253273000", "costofGoodsAndServicesSold": "253273000", "operatingIncome": "156859000", "sellingGeneralAndAdministrative": "46979000", "researchAndDevelopment": "None", "operatingExpenses": "46979000", "investmentIncomeNet": "None", "netInterestIncome": "None", "interestIncome": "None", "interestExpense": "8210000", "nonInterestIncome": "None", "otherNonOperatingIncome": "None", "depreciation": "None", "depreciationAndAmortization": "39506000", "incomeBeforeTax": "165069000", "incomeTaxExpense": "62953000", "interestAndDebtExpense": "None", "netIncomeFromContinuingOperations": "None", "comprehensiveIncomeNetOfTax": "None", "ebit": "156859000", "ebitda": "196365000", "netIncome": "102116000"}], "quarterlyReports": [{"fiscalDateEnding": "2025-01-31", "reportedCurrency": "USD", "grossProfit": "1163316000", "totalRevenue": "1163316000", "costOfRevenue": "637763000", "costofGoodsAndServicesSold": "637763000", "operatingIncome": "426211000", "sellingGeneralAndAdministrative": "99342000", "researchAndDevelopment": "None", "operatingExpenses": "737105000", "investmentIncomeNet": "None", "netInterestIncome": "40747000", "interestIncome": "40747000", "interestExpense": "None", "nonInterestIncome": "None", "otherNonOperatingIncome": "None", "depreciation": "None", "depreciationAndAmortization": "None", "incomeBeforeTax": "463051000", "incomeTaxExpense": "76510000", "interestAndDebtExpense": "None", "netIncomeFromContinuingOperations": "386541000", "comprehensiveIncomeNetOfTax": "None", "ebit": "None", "ebitda": "426211000", "netIncome": "387400000"}, {"fiscalDateEnding": "2024-10-31", "reportedCurrency": "USD", "grossProfit": "512105000", "totalRevenue": "1146829000", "costOfRevenue": "634724000", "costofGoodsAndServicesSold": "634724000", "operatingIncome": "406367000", "sellingGeneralAndAdministrative": "105738000", "researchAndDevelopment": "None", "operatingExpenses": "105738000", "investmentIncomeNet": "None", "netInterestIncome": "45547000", "interestIncome": "45547000", "interestExpense": "None", "nonInterestIncome": "None", "otherNonOperatingIncome": "None", "depreciation": "None", "depreciationAndAmortization": "54862000", "incomeBeforeTax": "451318000", "incomeTaxExpense": "90142000", "interestAndDebtExpense": "None", "netIncomeFromContinuingOperations": "361176000", "comprehensiveIncomeNetOfTax": "None", "ebit": "406367000", "ebitda": "461229000", "netIncome": "362086000"}, {"fiscalDateEnding": "2024-07-31", "reportedCurrency": "USD", "grossProfit": "447512000", "totalRevenue": "1068999000", "costOfRevenue": "621487000", "costofGoodsAndServicesSold": "621487000", "operatingIncome": "359544000", "sellingGeneralAndAdministrative": "67932000", "researchAndDevelopment": "None", "operatingExpenses": "102750000", "investmentIncomeNet": "None", "netInterestIncome": "43494000", "interestIncome": "None", "interestExpense": "43494000", "nonInterestIncome": "None", "otherNonOperatingIncome": "None", "depreciation": "None", "depreciationAndAmortization": "50603000", "incomeBeforeTax": "408427000", "incomeTaxExpense": "86249000", "interestAndDebtExpense": "None", "netIncomeFromContinuingOperations": "322178000", "comprehensiveIncomeNetOfTax": "None", "ebit": "350841000", "ebitda": "401444000", "netIncome": "322567000"}, {"fiscalDateEnding": "2024-04-30", "reportedCurrency": "USD", "grossProfit": "520573000", "totalRevenue": "1127259000", "costOfRevenue": "606686000", "costofGoodsAndServicesSold": "606686000", "operatingIncome": "437203000", "sellingGeneralAndAdministrative": "88302000", "researchAndDevelopment": "None", "operatingExpenses": "83370000", "investmentIncomeNet": "None", "netInterestIncome": "36218000", "interestIncome": "36218000", "interestExpense": "None", "nonInterestIncome": "None", "otherNonOperatingIncome": "None", "depreciation": "None", "depreciationAndAmortization": "50732000", "incomeBeforeTax": "472112000", "incomeTaxExpense": "90002000", "interestAndDebtExpense": "None", "netIncomeFromContinuingOperations": "382110000", "comprehensiveIncomeNetOfTax": "None", "ebit": "386471000", "ebitda": "437203000", "netIncome": "382291000"}, {"fiscalDateEnding": "2024-01-31", "reportedCurrency": "USD", "grossProfit": "460098000", "totalRevenue": "1020149000", "costOfRevenue": "560051000", "costofGoodsAndServicesSold": "560051000", "operatingIncome": "379900000", "sellingGeneralAndAdministrative": "84252000", "researchAndDevelopment": "None", "operatingExpenses": "80198000", "investmentIncomeNet": "None", "netInterestIncome": "33956000", "interestIncome": "33956000", "interestExpense": "None", "nonInterestIncome": "None", "otherNonOperatingIncome": "None", "depreciation": "None", "depreciationAndAmortization": "45262000", "incomeBeforeTax": "410753000", "incomeTaxExpense": "85226000", "interestAndDebtExpense": "None", "netIncomeFromContinuingOperations": "325527000", "comprehensiveIncomeNetOfTax": "None", "ebit": "334638000", "ebitda": "379900000", "netIncome": "325635000"}, {"fiscalDateEnding": "2023-10-31", "reportedCurrency": "USD", "grossProfit": "464019000", "totalRevenue": "1020416000", "costOfRevenue": "556397000", "costofGoodsAndServicesSold": "556397000", "operatingIncome": "395376000", "sellingGeneralAndAdministrative": "64582000", "researchAndDevelopment": "None", "operatingExpenses": "68643000", "investmentIncomeNet": "None", "netInterestIncome": "32005000", "interestIncome": "32005000", "interestExpense": "None", "nonInterestIncome": "None", "otherNonOperatingIncome": "None", "depreciation": "None", "depreciationAndAmortization": "43164000", "incomeBeforeTax": "423309000", "incomeTaxExpense": "90777000", "interestAndDebtExpense": "None", "netIncomeFromContinuingOperations": "332532000", "comprehensiveIncomeNetOfTax": "None", "ebit": "396576000", "ebitda": "439740000", "netIncome": "332527000"}, {"fiscalDateEnding": "2023-07-31", "reportedCurrency": "USD", "grossProfit": "457578000", "totalRevenue": "997591000", "costOfRevenue": "540013000", "costofGoodsAndServicesSold": "540013000", "operatingIncome": "390617000", "sellingGeneralAndAdministrative": "62903000", "researchAndDevelopment": "None", "operatingExpenses": "66961000", "investmentIncomeNet": "None", "netInterestIncome": "29148000", "interestIncome": "None", "interestExpense": "29148000", "nonInterestIncome": "None", "otherNonOperatingIncome": "None", "depreciation": "None", "depreciationAndAmortization": "44635000", "incomeBeforeTax": "423692000", "incomeTaxExpense": "75907000", "interestAndDebtExpense": "None", "netIncomeFromContinuingOperations": "347785000", "comprehensiveIncomeNetOfTax": "None", "ebit": "383482000", "ebitda": "428117000", "netIncome": "347785000"}, {"fiscalDateEnding": "2023-04-30", "reportedCurrency": "USD", "grossProfit": "483430000", "totalRevenue": "1021831000", "costOfRevenue": "538401000", "costofGoodsAndServicesSold": "538401000", "operatingIncome": "418924000", "sellingGeneralAndAdministrative": "60225000", "researchAndDevelopment": "None", "operatingExpenses": "64506000", "investmentIncomeNet": "None", "netInterestIncome": "17878000", "interestIncome": "17878000", "interestExpense": "17878000", "nonInterestIncome": "None", "otherNonOperatingIncome": "3628000", "depreciation": "None", "depreciationAndAmortization": "37371000", "incomeBeforeTax": "440430000", "incomeTaxExpense": "89999000", "interestAndDebtExpense": "None", "netIncomeFromContinuingOperations": "350431000", "comprehensiveIncomeNetOfTax": "None", "ebit": "381553000", "ebitda": "418924000", "netIncome": "350431000"}, {"fiscalDateEnding": "2023-01-31", "reportedCurrency": "USD", "grossProfit": "426500000", "totalRevenue": "956724000", "costOfRevenue": "530224000", "costofGoodsAndServicesSold": "530224000", "operatingIncome": "365525000", "sellingGeneralAndAdministrative": "56631000", "researchAndDevelopment": "None", "operatingExpenses": "60975000", "investmentIncomeNet": "None", "netInterestIncome": "14480000", "interestIncome": "14480000", "interestExpense": "14480000", "nonInterestIncome": "None", "otherNonOperatingIncome": "-2902000", "depreciation": "None", "depreciationAndAmortization": "38414000", "incomeBeforeTax": "377103000", "incomeTaxExpense": "83426000", "interestAndDebtExpense": "None", "netIncomeFromContinuingOperations": "293677000", "comprehensiveIncomeNetOfTax": "None", "ebit": "327111000", "ebitda": "365525000", "netIncome": "293677000"}, {"fiscalDateEnding": "2022-10-31", "reportedCurrency": "USD", "grossProfit": "369483000", "totalRevenue": "893372000", "costOfRevenue": "523889000", "costofGoodsAndServicesSold": "523889000", "operatingIncome": "311503000", "sellingGeneralAndAdministrative": "53282000", "researchAndDevelopment": "None", "operatingExpenses": "57980000", "investmentIncomeNet": "None", "netInterestIncome": "4422000", "interestIncome": "4422000", "interestExpense": "4422000", "nonInterestIncome": "None", "otherNonOperatingIncome": "-2822000", "depreciation": "None", "depreciationAndAmortization": "39057000", "incomeBeforeTax": "313103000", "incomeTaxExpense": "67255000", "interestAndDebtExpense": "None", "netIncomeFromContinuingOperations": "245848000", "comprehensiveIncomeNetOfTax": "None", "ebit": "272446000", "ebitda": "311503000", "netIncome": "245848000"}, {"fiscalDateEnding": "2022-07-31", "reportedCurrency": "USD", "grossProfit": "381572000", "totalRevenue": "883388000", "costOfRevenue": "501816000", "costofGoodsAndServicesSold": "501816000", "operatingIncome": "324793000", "sellingGeneralAndAdministrative": "51976000", "researchAndDevelopment": "None", "operatingExpenses": "56779000", "investmentIncomeNet": "None", "netInterestIncome": "-2656000", "interestIncome": "None", "interestExpense": "2656000", "nonInterestIncome": "None", "otherNonOperatingIncome": "-18669000", "depreciation": "None", "depreciationAndAmortization": "36272000", "incomeBeforeTax": "303468000", "incomeTaxExpense": "39733000", "interestAndDebtExpense": "None", "netIncomeFromContinuingOperations": "263735000", "comprehensiveIncomeNetOfTax": "None", "ebit": "306185000", "ebitda": "342457000", "netIncome": "263735000"}, {"fiscalDateEnding": "2022-04-30", "reportedCurrency": "USD", "grossProfit": "436277000", "totalRevenue": "939941000", "costOfRevenue": "503664000", "costofGoodsAndServicesSold": "503664000", "operatingIncome": "372755000", "sellingGeneralAndAdministrative": "58589000", "researchAndDevelopment": "None", "operatingExpenses": "63522000", "investmentIncomeNet": "None", "netInterestIncome": "-4492000", "interestIncome": "None", "interestExpense": "4492000", "nonInterestIncome": "None", "otherNonOperatingIncome": "1342000", "depreciation": "None", "depreciationAndAmortization": "36579000", "incomeBeforeTax": "369605000", "incomeTaxExpense": "90985000", "interestAndDebtExpense": "None", "netIncomeFromContinuingOperations": "278620000", "comprehensiveIncomeNetOfTax": "None", "ebit": "336176000", "ebitda": "372755000", "netIncome": "278620000"}, {"fiscalDateEnding": "2022-01-31", "reportedCurrency": "USD", "grossProfit": "403342000", "totalRevenue": "867460000", "costOfRevenue": "464118000", "costofGoodsAndServicesSold": "464118000", "operatingIncome": "347328000", "sellingGeneralAndAdministrative": "51001000", "researchAndDevelopment": "None", "operatingExpenses": "56014000", "investmentIncomeNet": "None", "netInterestIncome": "-4433000", "interestIncome": "None", "interestExpense": "4433000", "nonInterestIncome": "None", "otherNonOperatingIncome": "-840000", "depreciation": "None", "depreciationAndAmortization": "33302999", "incomeBeforeTax": "342055000", "incomeTaxExpense": "54643000", "interestAndDebtExpense": "None", "netIncomeFromContinuingOperations": "287412000", "comprehensiveIncomeNetOfTax": "None", "ebit": "314025001", "ebitda": "347328000", "netIncome": "287412000"}, {"fiscalDateEnding": "2021-10-31", "reportedCurrency": "USD", "grossProfit": "385030000", "totalRevenue": "810132000", "costOfRevenue": "425102000", "costofGoodsAndServicesSold": "425102000", "operatingIncome": "330121000", "sellingGeneralAndAdministrative": "54909000", "researchAndDevelopment": "None", "operatingExpenses": "54909000", "investmentIncomeNet": "None", "netInterestIncome": "-5107000", "interestIncome": "None", "interestExpense": "5107000", "nonInterestIncome": "None", "otherNonOperatingIncome": "812000", "depreciation": "None", "depreciationAndAmortization": "31765000", "incomeBeforeTax": "325826000", "incomeTaxExpense": "65463000", "interestAndDebtExpense": "None", "netIncomeFromContinuingOperations": "260363000", "comprehensiveIncomeNetOfTax": "None", "ebit": "298356000", "ebitda": "330121000", "netIncome": "260363000"}, {"fiscalDateEnding": "2021-07-31", "reportedCurrency": "USD", "grossProfit": "357483000", "totalRevenue": "748630000", "costOfRevenue": "391147000", "costofGoodsAndServicesSold": "391147000", "operatingIncome": "301500000", "sellingGeneralAndAdministrative": "55983000", "researchAndDevelopment": "None", "operatingExpenses": "55983000", "investmentIncomeNet": "None", "netInterestIncome": "-5020000", "interestIncome": "None", "interestExpense": "5020000", "nonInterestIncome": "None", "otherNonOperatingIncome": "None", "depreciation": "None", "depreciationAndAmortization": "29664000", "incomeBeforeTax": "299044000", "incomeTaxExpense": "43070000", "interestAndDebtExpense": "None", "netIncomeFromContinuingOperations": "255974000", "comprehensiveIncomeNetOfTax": "None", "ebit": "304064000", "ebitda": "333728000", "netIncome": "255974000"}, {"fiscalDateEnding": "2021-04-30", "reportedCurrency": "USD", "grossProfit": "381341000", "totalRevenue": "733910000", "costOfRevenue": "352569000", "costofGoodsAndServicesSold": "352569000", "operatingIncome": "328111000", "sellingGeneralAndAdministrative": "53230000", "researchAndDevelopment": "None", "operatingExpenses": "53230000", "investmentIncomeNet": "None", "netInterestIncome": "-5346000", "interestIncome": "None", "interestExpense": "5346000", "nonInterestIncome": "None", "otherNonOperatingIncome": "770000", "depreciation": "None", "depreciationAndAmortization": "31966000", "incomeBeforeTax": "323535000", "incomeTaxExpense": "36739000", "interestAndDebtExpense": "None", "netIncomeFromContinuingOperations": "286796000", "comprehensiveIncomeNetOfTax": "None", "ebit": "328881000", "ebitda": "360847000", "netIncome": "286796000"}, {"fiscalDateEnding": "2021-01-31", "reportedCurrency": "USD", "grossProfit": "307498000", "totalRevenue": "617031000", "costOfRevenue": "309533000", "costofGoodsAndServicesSold": "309533000", "operatingIncome": "258221000", "sellingGeneralAndAdministrative": "49277000", "researchAndDevelopment": "None", "operatingExpenses": "49277000", "investmentIncomeNet": "None", "netInterestIncome": "-4849000", "interestIncome": "None", "interestExpense": "4849000", "nonInterestIncome": "None", "otherNonOperatingIncome": "-920000", "depreciation": "None", "depreciationAndAmortization": "31671000", "incomeBeforeTax": "252452000", "incomeTaxExpense": "59012000", "interestAndDebtExpense": "None", "netIncomeFromContinuingOperations": "193440000", "comprehensiveIncomeNetOfTax": "None", "ebit": "257022000", "ebitda": "288693000", "netIncome": "193440000"}, {"fiscalDateEnding": "2020-10-31", "reportedCurrency": "USD", "grossProfit": "296769000", "totalRevenue": "592940000", "costOfRevenue": "296171000", "costofGoodsAndServicesSold": "296171000", "operatingIncome": "248594000", "sellingGeneralAndAdministrative": "48175000", "researchAndDevelopment": "None", "operatingExpenses": "48175000", "investmentIncomeNet": "None", "netInterestIncome": "-5032000", "interestIncome": "None", "interestExpense": "5032000", "nonInterestIncome": "None", "otherNonOperatingIncome": "3253000", "depreciation": "None", "depreciationAndAmortization": "29227000", "incomeBeforeTax": "246815000", "incomeTaxExpense": "46530000", "interestAndDebtExpense": "None", "netIncomeFromContinuingOperations": "200285000", "comprehensiveIncomeNetOfTax": "None", "ebit": "251569000", "ebitda": "280796000", "netIncome": "200285000"}, {"fiscalDateEnding": "2020-07-31", "reportedCurrency": "USD", "grossProfit": "250431000", "totalRevenue": "525659000", "costOfRevenue": "275228000", "costofGoodsAndServicesSold": "275228000", "operatingIncome": "200912000", "sellingGeneralAndAdministrative": "44716000", "researchAndDevelopment": "None", "operatingExpenses": "44716000", "investmentIncomeNet": "None", "netInterestIncome": "-4803000", "interestIncome": "99000", "interestExpense": "4902000", "nonInterestIncome": "None", "otherNonOperatingIncome": "None", "depreciation": "None", "depreciationAndAmortization": "27501000", "incomeBeforeTax": "201883000", "incomeTaxExpense": "36350000", "interestAndDebtExpense": "None", "netIncomeFromContinuingOperations": "165533000", "comprehensiveIncomeNetOfTax": "None", "ebit": "206663000", "ebitda": "234164000", "netIncome": "165533000"}, {"fiscalDateEnding": "2020-04-30", "reportedCurrency": "USD", "grossProfit": "242613000", "totalRevenue": "550360000", "costOfRevenue": "307747000", "costofGoodsAndServicesSold": "307747000", "operatingIncome": "195101000", "sellingGeneralAndAdministrative": "47512000", "researchAndDevelopment": "None", "operatingExpenses": "47512000", "investmentIncomeNet": "None", "netInterestIncome": "-5578000", "interestIncome": "225000", "interestExpense": "5803000", "nonInterestIncome": "None", "otherNonOperatingIncome": "2502000", "depreciation": "None", "depreciationAndAmortization": "28659000", "incomeBeforeTax": "191800000", "incomeTaxExpense": "44313000", "interestAndDebtExpense": "None", "netIncomeFromContinuingOperations": "147487000", "comprehensiveIncomeNetOfTax": "None", "ebit": "197378000", "ebitda": "226037000", "netIncome": "147487000"}, {"fiscalDateEnding": "2020-01-31", "reportedCurrency": "USD", "grossProfit": "259889000", "totalRevenue": "575140000", "costOfRevenue": "315251000", "costofGoodsAndServicesSold": "315251000", "operatingIncome": "209892000", "sellingGeneralAndAdministrative": "49997000", "researchAndDevelopment": "None", "operatingExpenses": "49997000", "investmentIncomeNet": "None", "netInterestIncome": "-4464000", "interestIncome": "450000", "interestExpense": "4914000", "nonInterestIncome": "None", "otherNonOperatingIncome": "96000", "depreciation": "None", "depreciationAndAmortization": "24393000", "incomeBeforeTax": "205074000", "incomeTaxExpense": "36367000", "interestAndDebtExpense": "None", "netIncomeFromContinuingOperations": "168707000", "comprehensiveIncomeNetOfTax": "None", "ebit": "209538000", "ebitda": "233931000", "netIncome": "168707000"}, {"fiscalDateEnding": "2019-10-31", "reportedCurrency": "USD", "grossProfit": "254869000", "totalRevenue": "554424000", "costOfRevenue": "299555000", "costofGoodsAndServicesSold": "299555000", "operatingIncome": "205391000", "sellingGeneralAndAdministrative": "49478000", "researchAndDevelopment": "None", "operatingExpenses": "49478000", "investmentIncomeNet": "None", "netInterestIncome": "-4026000", "interestIncome": "585000", "interestExpense": "4611000", "nonInterestIncome": "None", "otherNonOperatingIncome": "None", "depreciation": "None", "depreciationAndAmortization": "23704000", "incomeBeforeTax": "202082000", "incomeTaxExpense": "-16098000", "interestAndDebtExpense": "None", "netIncomeFromContinuingOperations": "218180000", "comprehensiveIncomeNetOfTax": "None", "ebit": "206108000", "ebitda": "229812000", "netIncome": "218180000"}, {"fiscalDateEnding": "2019-07-31", "reportedCurrency": "USD", "grossProfit": "242619000", "totalRevenue": "542575000", "costOfRevenue": "299956000", "costofGoodsAndServicesSold": "299956000", "operatingIncome": "192802000", "sellingGeneralAndAdministrative": "49817000", "researchAndDevelopment": "None", "operatingExpenses": "49817000", "investmentIncomeNet": "None", "netInterestIncome": "-4255000", "interestIncome": "347000", "interestExpense": "4602000", "nonInterestIncome": "None", "otherNonOperatingIncome": "-1130000", "depreciation": "None", "depreciationAndAmortization": "21625000", "incomeBeforeTax": "187070000", "incomeTaxExpense": "33574000", "interestAndDebtExpense": "None", "netIncomeFromContinuingOperations": "153496000", "comprehensiveIncomeNetOfTax": "None", "ebit": "191562000", "ebitda": "213187000", "netIncome": "153496000"}, {"fiscalDateEnding": "2019-04-30", "reportedCurrency": "USD", "grossProfit": "251579000", "totalRevenue": "553116000", "costOfRevenue": "301537000", "costofGoodsAndServicesSold": "301537000", "operatingIncome": "207494000", "sellingGeneralAndAdministrative": "44085000", "researchAndDevelopment": "None", "operatingExpenses": "44085000", "investmentIncomeNet": "None", "netInterestIncome": "-5084000", "interestIncome": "5084000", "interestExpense": "5324000", "nonInterestIncome": "None", "otherNonOperatingIncome": "1959000", "depreciation": "None", "depreciationAndAmortization": "21222000", "incomeBeforeTax": "204129000", "incomeTaxExpense": "11388000", "interestAndDebtExpense": "None", "netIncomeFromContinuingOperations": "192741000", "comprehensiveIncomeNetOfTax": "None", "ebit": "209672000", "ebitda": "230894000", "netIncome": "192741000"}, {"fiscalDateEnding": "2019-01-31", "reportedCurrency": "USD", "grossProfit": "208226000", "totalRevenue": "484898000", "costOfRevenue": "276672000", "costofGoodsAndServicesSold": "276672000", "operatingIncome": "164739000", "sellingGeneralAndAdministrative": "43487000", "researchAndDevelopment": "None", "operatingExpenses": "43487000", "investmentIncomeNet": "None", "netInterestIncome": "None", "interestIncome": "None", "interestExpense": "5233000", "nonInterestIncome": "None", "otherNonOperatingIncome": "5460000", "depreciation": "None", "depreciationAndAmortization": "20509000", "incomeBeforeTax": "164966000", "incomeTaxExpense": "33593000", "interestAndDebtExpense": "None", "netIncomeFromContinuingOperations": "131373000", "comprehensiveIncomeNetOfTax": "None", "ebit": "170089000", "ebitda": "190598000", "netIncome": "131373000"}, {"fiscalDateEnding": "2018-10-31", "reportedCurrency": "USD", "grossProfit": "195918000", "totalRevenue": "461368000", "costOfRevenue": "265450000", "costofGoodsAndServicesSold": "265450000", "operatingIncome": "151440000", "sellingGeneralAndAdministrative": "44478000", "researchAndDevelopment": "0", "operatingExpenses": "44478000", "investmentIncomeNet": "None", "netInterestIncome": "None", "interestIncome": "None", "interestExpense": "4651000", "nonInterestIncome": "None", "otherNonOperatingIncome": "1997000", "depreciation": "None", "depreciationAndAmortization": "21978000", "incomeBeforeTax": "148786000", "incomeTaxExpense": "34703000", "interestAndDebtExpense": "None", "netIncomeFromContinuingOperations": "114083000", "comprehensiveIncomeNetOfTax": "None", "ebit": "153328000", "ebitda": "175306000", "netIncome": "114083000"}, {"fiscalDateEnding": "2018-07-31", "reportedCurrency": "USD", "grossProfit": "188425000", "totalRevenue": "449223000", "costOfRevenue": "260798000", "costofGoodsAndServicesSold": "260798000", "operatingIncome": "134837000", "sellingGeneralAndAdministrative": "52457000", "researchAndDevelopment": "15500000", "operatingExpenses": "52457000", "investmentIncomeNet": "None", "netInterestIncome": "None", "interestIncome": "None", "interestExpense": "4599000", "nonInterestIncome": "None", "otherNonOperatingIncome": "2491000", "depreciation": "None", "depreciationAndAmortization": "30860000", "incomeBeforeTax": "132729000", "incomeTaxExpense": "22988000", "interestAndDebtExpense": "None", "netIncomeFromContinuingOperations": "109741000", "comprehensiveIncomeNetOfTax": "None", "ebit": "134720000", "ebitda": "165580000", "netIncome": "109748000"}, {"fiscalDateEnding": "2018-04-30", "reportedCurrency": "USD", "grossProfit": "219068000", "totalRevenue": "478198000", "costOfRevenue": "259130000", "costofGoodsAndServicesSold": "259130000", "operatingIncome": "174619000", "sellingGeneralAndAdministrative": "44449000", "researchAndDevelopment": "0", "operatingExpenses": "44449000", "investmentIncomeNet": "None", "netInterestIncome": "None", "interestIncome": "None", "interestExpense": "4416000", "nonInterestIncome": "None", "otherNonOperatingIncome": "1013000", "depreciation": "None", "depreciationAndAmortization": "17640000", "incomeBeforeTax": "171216000", "incomeTaxExpense": "43811000", "interestAndDebtExpense": "None", "netIncomeFromContinuingOperations": "127405000", "comprehensiveIncomeNetOfTax": "None", "ebit": "174565000", "ebitda": "192205000", "netIncome": "127348000"}, {"fiscalDateEnding": "2018-01-31", "reportedCurrency": "USD", "grossProfit": "191609000", "totalRevenue": "459106000", "costOfRevenue": "267497000", "costofGoodsAndServicesSold": "267497000", "operatingIncome": "150947000", "sellingGeneralAndAdministrative": "40662000", "researchAndDevelopment": "0", "operatingExpenses": "40662000", "investmentIncomeNet": "None", "netInterestIncome": "None", "interestIncome": "None", "interestExpense": "5758000", "nonInterestIncome": "None", "otherNonOperatingIncome": "-751000", "depreciation": "None", "depreciationAndAmortization": "17186000", "incomeBeforeTax": "144438000", "incomeTaxExpense": "41137000", "interestAndDebtExpense": "None", "netIncomeFromContinuingOperations": "103301000", "comprehensiveIncomeNetOfTax": "None", "ebit": "150881000", "ebitda": "168067000", "netIncome": "103256000"}, {"fiscalDateEnding": "2017-10-31", "reportedCurrency": "USD", "grossProfit": "163264000", "totalRevenue": "419168000", "costOfRevenue": "255904000", "costofGoodsAndServicesSold": "255904000", "operatingIncome": "123942000", "sellingGeneralAndAdministrative": "39322000", "researchAndDevelopment": "0", "operatingExpenses": "39322000", "investmentIncomeNet": "None", "netInterestIncome": "None", "interestIncome": "None", "interestExpense": "5595000", "nonInterestIncome": "None", "otherNonOperatingIncome": "-4219000", "depreciation": "None", "depreciationAndAmortization": "11748000", "incomeBeforeTax": "114128000", "incomeTaxExpense": "36568000", "interestAndDebtExpense": "None", "netIncomeFromContinuingOperations": "77560000", "comprehensiveIncomeNetOfTax": "None", "ebit": "123877000", "ebitda": "135625000", "netIncome": "77515000"}, {"fiscalDateEnding": "2017-07-31", "reportedCurrency": "USD", "grossProfit": "167465000", "totalRevenue": "378596000", "costOfRevenue": "211131000", "costofGoodsAndServicesSold": "211131000", "operatingIncome": "124687000", "sellingGeneralAndAdministrative": "37293000", "researchAndDevelopment": "19400000", "operatingExpenses": "37293000", "investmentIncomeNet": "None", "netInterestIncome": "None", "interestIncome": "None", "interestExpense": "5807000", "nonInterestIncome": "None", "otherNonOperatingIncome": "1379000", "depreciation": "None", "depreciationAndAmortization": "14835000", "incomeBeforeTax": "106379000", "incomeTaxExpense": "36010000", "interestAndDebtExpense": "None", "netIncomeFromContinuingOperations": "70369000", "comprehensiveIncomeNetOfTax": "None", "ebit": "111219000", "ebitda": "126054000", "netIncome": "70335000"}, {"fiscalDateEnding": "2017-04-30", "reportedCurrency": "USD", "grossProfit": "172505000", "totalRevenue": "373862000", "costOfRevenue": "201357000", "costofGoodsAndServicesSold": "201357000", "operatingIncome": "136788000", "sellingGeneralAndAdministrative": "35717000", "researchAndDevelopment": "0", "operatingExpenses": "35717000", "investmentIncomeNet": "None", "netInterestIncome": "None", "interestIncome": "None", "interestExpense": "5869000", "nonInterestIncome": "None", "otherNonOperatingIncome": "169000", "depreciation": "None", "depreciationAndAmortization": "13974000", "incomeBeforeTax": "131088000", "incomeTaxExpense": "40542000", "interestAndDebtExpense": "None", "netIncomeFromContinuingOperations": "90546000", "comprehensiveIncomeNetOfTax": "None", "ebit": "136191000", "ebitda": "150165000", "netIncome": "90546000"}, {"fiscalDateEnding": "2017-01-31", "reportedCurrency": "USD", "grossProfit": "146765000", "totalRevenue": "349532000", "costOfRevenue": "202767000", "costofGoodsAndServicesSold": "202767000", "operatingIncome": "108880000", "sellingGeneralAndAdministrative": "37885000", "researchAndDevelopment": "0", "operatingExpenses": "37885000", "investmentIncomeNet": "None", "netInterestIncome": "None", "interestIncome": "None", "interestExpense": "6144000", "nonInterestIncome": "None", "otherNonOperatingIncome": "-2637000", "depreciation": "None", "depreciationAndAmortization": "12689000", "incomeBeforeTax": "100099000", "incomeTaxExpense": "34033000", "interestAndDebtExpense": "None", "netIncomeFromContinuingOperations": "66066000", "comprehensiveIncomeNetOfTax": "None", "ebit": "108769000", "ebitda": "121458000", "netIncome": "66066000"}, {"fiscalDateEnding": "2016-10-31", "reportedCurrency": "USD", "grossProfit": "145293000", "totalRevenue": "345991000", "costOfRevenue": "200698000", "costofGoodsAndServicesSold": "200698000", "operatingIncome": "104824000", "sellingGeneralAndAdministrative": "40469000", "researchAndDevelopment": "0", "operatingExpenses": "40469000", "investmentIncomeNet": "None", "netInterestIncome": "None", "interestIncome": "None", "interestExpense": "5959000", "nonInterestIncome": "None", "otherNonOperatingIncome": "3669000", "depreciation": "None", "depreciationAndAmortization": "18489000", "incomeBeforeTax": "102534000", "incomeTaxExpense": "-64746000", "interestAndDebtExpense": "None", "netIncomeFromContinuingOperations": "167280000", "comprehensiveIncomeNetOfTax": "None", "ebit": "104713000", "ebitda": "123202000", "netIncome": "167280000"}, {"fiscalDateEnding": "2016-07-31", "reportedCurrency": "USD", "grossProfit": "141464000", "totalRevenue": "332659000", "costOfRevenue": "191195000", "costofGoodsAndServicesSold": "191195000", "operatingIncome": "106191000", "sellingGeneralAndAdministrative": "35273000", "researchAndDevelopment": "29800000", "operatingExpenses": "35273000", "investmentIncomeNet": "None", "netInterestIncome": "None", "interestIncome": "None", "interestExpense": "6610000", "nonInterestIncome": "None", "otherNonOperatingIncome": "6404000", "depreciation": "None", "depreciationAndAmortization": "20147000", "incomeBeforeTax": "105985000", "incomeTaxExpense": "21017000", "interestAndDebtExpense": "None", "netIncomeFromContinuingOperations": "84968000", "comprehensiveIncomeNetOfTax": "None", "ebit": "106191000", "ebitda": "126338000", "netIncome": "84122000"}, {"fiscalDateEnding": "2016-04-30", "reportedCurrency": "USD", "grossProfit": "157647000", "totalRevenue": "347246000", "costOfRevenue": "189599000", "costofGoodsAndServicesSold": "189599000", "operatingIncome": "121948000", "sellingGeneralAndAdministrative": "35699000", "researchAndDevelopment": "0", "operatingExpenses": "35699000", "investmentIncomeNet": "None", "netInterestIncome": "None", "interestIncome": "None", "interestExpense": "5702000", "nonInterestIncome": "None", "otherNonOperatingIncome": "322000", "depreciation": "None", "depreciationAndAmortization": "12928000", "incomeBeforeTax": "116568000", "incomeTaxExpense": "42552000", "interestAndDebtExpense": "None", "netIncomeFromContinuingOperations": "74016000", "comprehensiveIncomeNetOfTax": "None", "ebit": "121948000", "ebitda": "134876000", "netIncome": "74016000"}, {"fiscalDateEnding": "2016-01-31", "reportedCurrency": "USD", "grossProfit": "124614000", "totalRevenue": "299706000", "costOfRevenue": "175092000", "costofGoodsAndServicesSold": "175092000", "operatingIncome": "92085000", "sellingGeneralAndAdministrative": "32529000", "researchAndDevelopment": "0", "operatingExpenses": "32529000", "investmentIncomeNet": "None", "netInterestIncome": "None", "interestIncome": "None", "interestExpense": "5570000", "nonInterestIncome": "None", "otherNonOperatingIncome": "5037000", "depreciation": "None", "depreciationAndAmortization": "16769000", "incomeBeforeTax": "91552000", "incomeTaxExpense": "32589000", "interestAndDebtExpense": "None", "netIncomeFromContinuingOperations": "58963000", "comprehensiveIncomeNetOfTax": "None", "ebit": "92085000", "ebitda": "108854000", "netIncome": "58963000"}, {"fiscalDateEnding": "2015-10-31", "reportedCurrency": "USD", "grossProfit": "120861000", "totalRevenue": "288838000", "costOfRevenue": "167977000", "costofGoodsAndServicesSold": "167977000", "operatingIncome": "86246000", "sellingGeneralAndAdministrative": "34615000", "researchAndDevelopment": "0", "operatingExpenses": "34615000", "investmentIncomeNet": "None", "netInterestIncome": "None", "interestIncome": "None", "interestExpense": "5724000", "nonInterestIncome": "None", "otherNonOperatingIncome": "1238000", "depreciation": "None", "depreciationAndAmortization": "12800000", "incomeBeforeTax": "81760000", "incomeTaxExpense": "29347000", "interestAndDebtExpense": "None", "netIncomeFromContinuingOperations": "52413000", "comprehensiveIncomeNetOfTax": "None", "ebit": "86246000", "ebitda": "99046000", "netIncome": "52413000"}, {"fiscalDateEnding": "2015-07-31", "reportedCurrency": "USD", "grossProfit": "118784000", "totalRevenue": "282293000", "costOfRevenue": "163509000", "costofGoodsAndServicesSold": "163509000", "operatingIncome": "86765000", "sellingGeneralAndAdministrative": "32019000", "researchAndDevelopment": "0", "operatingExpenses": "32019000", "investmentIncomeNet": "None", "netInterestIncome": "None", "interestIncome": "None", "interestExpense": "5606000", "nonInterestIncome": "None", "otherNonOperatingIncome": "287000", "depreciation": "None", "depreciationAndAmortization": "11601000", "incomeBeforeTax": "81446000", "incomeTaxExpense": "24034000", "interestAndDebtExpense": "None", "netIncomeFromContinuingOperations": "57412000", "comprehensiveIncomeNetOfTax": "None", "ebit": "86765000", "ebitda": "98366000", "netIncome": "57412000"}, {"fiscalDateEnding": "2015-04-30", "reportedCurrency": "USD", "grossProfit": "127417000", "totalRevenue": "297142000", "costOfRevenue": "169725000", "costofGoodsAndServicesSold": "169725000", "operatingIncome": "94767000", "sellingGeneralAndAdministrative": "32650000", "researchAndDevelopment": "0", "operatingExpenses": "32650000", "investmentIncomeNet": "None", "netInterestIncome": "None", "interestIncome": "None", "interestExpense": "5917000", "nonInterestIncome": "None", "otherNonOperatingIncome": "-554000", "depreciation": "None", "depreciationAndAmortization": "11658000", "incomeBeforeTax": "88296000", "incomeTaxExpense": "30733000", "interestAndDebtExpense": "None", "netIncomeFromContinuingOperations": "57563000", "comprehensiveIncomeNetOfTax": "None", "ebit": "94767000", "ebitda": "106425000", "netIncome": "57563000"}, {"fiscalDateEnding": "2015-01-31", "reportedCurrency": "USD", "grossProfit": "114867000", "totalRevenue": "276258000", "costOfRevenue": "161391000", "costofGoodsAndServicesSold": "161391000", "operatingIncome": "80468000", "sellingGeneralAndAdministrative": "34399000", "researchAndDevelopment": "0", "operatingExpenses": "34399000", "investmentIncomeNet": "None", "netInterestIncome": "None", "interestIncome": "None", "interestExpense": "4688000", "nonInterestIncome": "None", "otherNonOperatingIncome": "4324000", "depreciation": "None", "depreciationAndAmortization": "15724000", "incomeBeforeTax": "80104000", "incomeTaxExpense": "27911000", "interestAndDebtExpense": "None", "netIncomeFromContinuingOperations": "52193000", "comprehensiveIncomeNetOfTax": "None", "ebit": "80468000", "ebitda": "96192000", "netIncome": "52193000"}, {"fiscalDateEnding": "2014-10-31", "reportedCurrency": "USD", "grossProfit": "122308000", "totalRevenue": "290386000", "costOfRevenue": "168078000", "costofGoodsAndServicesSold": "168078000", "operatingIncome": "82401000", "sellingGeneralAndAdministrative": "39907000", "researchAndDevelopment": "0", "operatingExpenses": "39907000", "investmentIncomeNet": "None", "netInterestIncome": "None", "interestIncome": "None", "interestExpense": "1910000", "nonInterestIncome": "None", "otherNonOperatingIncome": "1732000", "depreciation": "None", "depreciationAndAmortization": "15699000", "incomeBeforeTax": "82223000", "incomeTaxExpense": "29608000", "interestAndDebtExpense": "None", "netIncomeFromContinuingOperations": "52615000", "comprehensiveIncomeNetOfTax": "None", "ebit": "82401000", "ebitda": "98100000", "netIncome": "52615000"}, {"fiscalDateEnding": "2014-07-31", "reportedCurrency": "USD", "grossProfit": "116939000", "totalRevenue": "287450000", "costOfRevenue": "170511000", "costofGoodsAndServicesSold": "170511000", "operatingIncome": "73807000", "sellingGeneralAndAdministrative": "41081000", "researchAndDevelopment": "0", "operatingExpenses": "41081000", "investmentIncomeNet": "None", "netInterestIncome": "None", "interestIncome": "None", "interestExpense": "2169000", "nonInterestIncome": "None", "otherNonOperatingIncome": "195000", "depreciation": "None", "depreciationAndAmortization": "13572000", "incomeBeforeTax": "73884000", "incomeTaxExpense": "22841000", "interestAndDebtExpense": "None", "netIncomeFromContinuingOperations": "51043000", "comprehensiveIncomeNetOfTax": "None", "ebit": "75858000", "ebitda": "89430000", "netIncome": "51043000"}, {"fiscalDateEnding": "2014-04-30", "reportedCurrency": "USD", "grossProfit": "132252000", "totalRevenue": "309722000", "costOfRevenue": "177470000", "costofGoodsAndServicesSold": "177470000", "operatingIncome": "62633000", "sellingGeneralAndAdministrative": "40515000", "researchAndDevelopment": "0", "operatingExpenses": "40515000", "investmentIncomeNet": "None", "netInterestIncome": "None", "interestIncome": "None", "interestExpense": "2104000", "nonInterestIncome": "None", "otherNonOperatingIncome": "789000", "depreciation": "None", "depreciationAndAmortization": "13558000", "incomeBeforeTax": "61318000", "incomeTaxExpense": "20441000", "interestAndDebtExpense": "None", "netIncomeFromContinuingOperations": "40877000", "comprehensiveIncomeNetOfTax": "None", "ebit": "90948000", "ebitda": "104506000", "netIncome": "40877000"}, {"fiscalDateEnding": "2014-01-31", "reportedCurrency": "USD", "grossProfit": "111546000", "totalRevenue": "286434000", "costOfRevenue": "174888000", "costofGoodsAndServicesSold": "174888000", "operatingIncome": "71484000", "sellingGeneralAndAdministrative": "40062000", "researchAndDevelopment": "0", "operatingExpenses": "40062000", "investmentIncomeNet": "None", "netInterestIncome": "None", "interestIncome": "None", "interestExpense": "2209000", "nonInterestIncome": "None", "otherNonOperatingIncome": "1313000", "depreciation": "None", "depreciationAndAmortization": "14389000", "incomeBeforeTax": "70588000", "incomeTaxExpense": "25243000", "interestAndDebtExpense": "None", "netIncomeFromContinuingOperations": "45345000", "comprehensiveIncomeNetOfTax": "None", "ebit": "71484000", "ebitda": "85873000", "netIncome": "45345000"}, {"fiscalDateEnding": "2013-10-31", "reportedCurrency": "USD", "grossProfit": "107836000", "totalRevenue": "279883000", "costOfRevenue": "172047000", "costofGoodsAndServicesSold": "172047000", "operatingIncome": "64959000", "sellingGeneralAndAdministrative": "42877000", "researchAndDevelopment": "0", "operatingExpenses": "42877000", "investmentIncomeNet": "None", "netInterestIncome": "None", "interestIncome": "None", "interestExpense": "2286000", "nonInterestIncome": "None", "otherNonOperatingIncome": "1572000", "depreciation": "None", "depreciationAndAmortization": "16076000", "incomeBeforeTax": "64245000", "incomeTaxExpense": "22823000", "interestAndDebtExpense": "None", "netIncomeFromContinuingOperations": "41422000", "comprehensiveIncomeNetOfTax": "None", "ebit": "64959000", "ebitda": "81035000", "netIncome": "41422000"}, {"fiscalDateEnding": "2013-07-31", "reportedCurrency": "USD", "grossProfit": "103072000", "totalRevenue": "263697000", "costOfRevenue": "160625000", "costofGoodsAndServicesSold": "160625000", "operatingIncome": "63052000", "sellingGeneralAndAdministrative": "40020000", "researchAndDevelopment": "0", "operatingExpenses": "40020000", "investmentIncomeNet": "None", "netInterestIncome": "None", "interestIncome": "None", "interestExpense": "2509000", "nonInterestIncome": "None", "otherNonOperatingIncome": "1619000", "depreciation": "None", "depreciationAndAmortization": "16099000", "incomeBeforeTax": "62162000", "incomeTaxExpense": "20858000", "interestAndDebtExpense": "None", "netIncomeFromContinuingOperations": "41304000", "comprehensiveIncomeNetOfTax": "None", "ebit": "63052000", "ebitda": "79151000", "netIncome": "41304000"}, {"fiscalDateEnding": "2013-04-30", "reportedCurrency": "USD", "grossProfit": "115597000", "totalRevenue": "277638000", "costOfRevenue": "162041000", "costofGoodsAndServicesSold": "162041000", "operatingIncome": "82813000", "sellingGeneralAndAdministrative": "32784000", "researchAndDevelopment": "0", "operatingExpenses": "32784000", "investmentIncomeNet": "None", "netInterestIncome": "None", "interestIncome": "None", "interestExpense": "2538000", "nonInterestIncome": "None", "otherNonOperatingIncome": "1730000", "depreciation": "None", "depreciationAndAmortization": "16527000", "incomeBeforeTax": "82005000", "incomeTaxExpense": "28769000", "interestAndDebtExpense": "None", "netIncomeFromContinuingOperations": "53236000", "comprehensiveIncomeNetOfTax": "None", "ebit": "82813000", "ebitda": "99340000", "netIncome": "53236000"}, {"fiscalDateEnding": "2013-01-31", "reportedCurrency": "USD", "grossProfit": "96817000", "totalRevenue": "266185000", "costOfRevenue": "169368000", "costofGoodsAndServicesSold": "169368000", "operatingIncome": "62770000", "sellingGeneralAndAdministrative": "34047000", "researchAndDevelopment": "0", "operatingExpenses": "34047000", "investmentIncomeNet": "None", "netInterestIncome": "None", "interestIncome": "None", "interestExpense": "2588000", "nonInterestIncome": "None", "otherNonOperatingIncome": "935000", "depreciation": "None", "depreciationAndAmortization": "15547000", "incomeBeforeTax": "61117000", "incomeTaxExpense": "21477000", "interestAndDebtExpense": "None", "netIncomeFromContinuingOperations": "39640000", "comprehensiveIncomeNetOfTax": "None", "ebit": "62770000", "ebitda": "78317000", "netIncome": "39640000"}, {"fiscalDateEnding": "2012-10-31", "reportedCurrency": "USD", "grossProfit": "105436000", "totalRevenue": "238866000", "costOfRevenue": "133430000", "costofGoodsAndServicesSold": "133430000", "operatingIncome": "74357000", "sellingGeneralAndAdministrative": "31079000", "researchAndDevelopment": "0", "operatingExpenses": "31079000", "investmentIncomeNet": "None", "netInterestIncome": "None", "interestIncome": "None", "interestExpense": "2632000", "nonInterestIncome": "None", "otherNonOperatingIncome": "-137000", "depreciation": "None", "depreciationAndAmortization": "12702000", "incomeBeforeTax": "71588000", "incomeTaxExpense": "25743000", "interestAndDebtExpense": "None", "netIncomeFromContinuingOperations": "45845000", "comprehensiveIncomeNetOfTax": "None", "ebit": "74357000", "ebitda": "87059000", "netIncome": "45845000"}, {"fiscalDateEnding": "2012-07-31", "reportedCurrency": "USD", "grossProfit": "99426000", "totalRevenue": "226556000", "costOfRevenue": "127130000", "costofGoodsAndServicesSold": "127130000", "operatingIncome": "69494000", "sellingGeneralAndAdministrative": "29932000", "researchAndDevelopment": "0", "operatingExpenses": "29932000", "investmentIncomeNet": "None", "netInterestIncome": "None", "interestIncome": "None", "interestExpense": "3113000", "nonInterestIncome": "None", "otherNonOperatingIncome": "1097000", "depreciation": "None", "depreciationAndAmortization": "12948000", "incomeBeforeTax": "67478000", "incomeTaxExpense": "22582000", "interestAndDebtExpense": "None", "netIncomeFromContinuingOperations": "44896000", "comprehensiveIncomeNetOfTax": "None", "ebit": "69494000", "ebitda": "82442000", "netIncome": "44896000"}, {"fiscalDateEnding": "2012-04-30", "reportedCurrency": "USD", "grossProfit": "115269000", "totalRevenue": "244105000", "costOfRevenue": "128836000", "costofGoodsAndServicesSold": "128836000", "operatingIncome": "87944000", "sellingGeneralAndAdministrative": "27325000", "researchAndDevelopment": "0", "operatingExpenses": "27325000", "investmentIncomeNet": "None", "netInterestIncome": "None", "interestIncome": "None", "interestExpense": "3008000", "nonInterestIncome": "None", "otherNonOperatingIncome": "-389000", "depreciation": "None", "depreciationAndAmortization": "11680000", "incomeBeforeTax": "84547000", "incomeTaxExpense": "29076000", "interestAndDebtExpense": "None", "netIncomeFromContinuingOperations": "55471000", "comprehensiveIncomeNetOfTax": "None", "ebit": "87944000", "ebitda": "99624000", "netIncome": "55471000"}, {"fiscalDateEnding": "2012-01-31", "reportedCurrency": "USD", "grossProfit": "99696000", "totalRevenue": "227904000", "costOfRevenue": "128208000", "costofGoodsAndServicesSold": "128208000", "operatingIncome": "63539000", "sellingGeneralAndAdministrative": "27386000", "researchAndDevelopment": "0", "operatingExpenses": "27386000", "investmentIncomeNet": "None", "netInterestIncome": "None", "interestIncome": "None", "interestExpense": "3033000", "nonInterestIncome": "None", "otherNonOperatingIncome": "1710000", "depreciation": "None", "depreciationAndAmortization": "13930000", "incomeBeforeTax": "62216000", "incomeTaxExpense": "21613000", "interestAndDebtExpense": "None", "netIncomeFromContinuingOperations": "40603000", "comprehensiveIncomeNetOfTax": "None", "ebit": "63539000", "ebitda": "77469000", "netIncome": "40603000"}, {"fiscalDateEnding": "2011-10-31", "reportedCurrency": "USD", "grossProfit": "95225000", "totalRevenue": "225626000", "costOfRevenue": "130401000", "costofGoodsAndServicesSold": "130401000", "operatingIncome": "65376000", "sellingGeneralAndAdministrative": "29849000", "researchAndDevelopment": "0", "operatingExpenses": "29849000", "investmentIncomeNet": "None", "netInterestIncome": "None", "interestIncome": "None", "interestExpense": "2187000", "nonInterestIncome": "None", "otherNonOperatingIncome": "626000", "depreciation": "None", "depreciationAndAmortization": "12653000", "incomeBeforeTax": "63815000", "incomeTaxExpense": "22666000", "interestAndDebtExpense": "None", "netIncomeFromContinuingOperations": "41149000", "comprehensiveIncomeNetOfTax": "None", "ebit": "65376000", "ebitda": "78029000", "netIncome": "41149000"}, {"fiscalDateEnding": "2011-07-31", "reportedCurrency": "USD", "grossProfit": "89586000", "totalRevenue": "215442000", "costOfRevenue": "125856000", "costofGoodsAndServicesSold": "125856000", "operatingIncome": "63455000", "sellingGeneralAndAdministrative": "26131000", "researchAndDevelopment": "0", "operatingExpenses": "26131000", "investmentIncomeNet": "None", "netInterestIncome": "None", "interestIncome": "None", "interestExpense": "1813000", "nonInterestIncome": "None", "otherNonOperatingIncome": "1004000", "depreciation": "None", "depreciationAndAmortization": "12333000", "incomeBeforeTax": "62644000", "incomeTaxExpense": "22123000", "interestAndDebtExpense": "None", "netIncomeFromContinuingOperations": "40523000", "comprehensiveIncomeNetOfTax": "None", "ebit": "63455000", "ebitda": "75788000", "netIncome": "40521000"}, {"fiscalDateEnding": "2011-04-30", "reportedCurrency": "USD", "grossProfit": "108907000", "totalRevenue": "236755000", "costOfRevenue": "127848000", "costofGoodsAndServicesSold": "127848000", "operatingIncome": "82044000", "sellingGeneralAndAdministrative": "26863000", "researchAndDevelopment": "0", "operatingExpenses": "26863000", "investmentIncomeNet": "None", "netInterestIncome": "None", "interestIncome": "None", "interestExpense": "1832000", "nonInterestIncome": "None", "otherNonOperatingIncome": "138000", "depreciation": "None", "depreciationAndAmortization": "11412000", "incomeBeforeTax": "80350000", "incomeTaxExpense": "30214000", "interestAndDebtExpense": "None", "netIncomeFromContinuingOperations": "50136000", "comprehensiveIncomeNetOfTax": "None", "ebit": "82044000", "ebitda": "93456000", "netIncome": "50136000"}, {"fiscalDateEnding": "2011-01-31", "reportedCurrency": "USD", "grossProfit": "85905000", "totalRevenue": "207380000", "costOfRevenue": "121475000", "costofGoodsAndServicesSold": "121475000", "operatingIncome": "60195000", "sellingGeneralAndAdministrative": "25710000", "researchAndDevelopment": "0", "operatingExpenses": "25710000", "investmentIncomeNet": "None", "netInterestIncome": "None", "interestIncome": "None", "interestExpense": "417000", "nonInterestIncome": "None", "otherNonOperatingIncome": "939000", "depreciation": "None", "depreciationAndAmortization": "12306000", "incomeBeforeTax": "60717000", "incomeTaxExpense": "22824000", "interestAndDebtExpense": "None", "netIncomeFromContinuingOperations": "37893000", "comprehensiveIncomeNetOfTax": "None", "ebit": "60195000", "ebitda": "72501000", "netIncome": "37893000"}, {"fiscalDateEnding": "2010-10-31", "reportedCurrency": "USD", "grossProfit": "88854000", "totalRevenue": "212667000", "costOfRevenue": "123813000", "costofGoodsAndServicesSold": "123813000", "operatingIncome": "59594000", "sellingGeneralAndAdministrative": "29260000", "researchAndDevelopment": "0", "operatingExpenses": "29260000", "investmentIncomeNet": "None", "netInterestIncome": "None", "interestIncome": "None", "interestExpense": "15000", "nonInterestIncome": "None", "otherNonOperatingIncome": "584000", "depreciation": "None", "depreciationAndAmortization": "12306000", "incomeBeforeTax": "60163000", "incomeTaxExpense": "22340000", "interestAndDebtExpense": "None", "netIncomeFromContinuingOperations": "37823000", "comprehensiveIncomeNetOfTax": "None", "ebit": "59594000", "ebitda": "71900000", "netIncome": "37823000"}, {"fiscalDateEnding": "2010-07-31", "reportedCurrency": "USD", "grossProfit": "86224000", "totalRevenue": "190468000", "costOfRevenue": "104244000", "costofGoodsAndServicesSold": "104244000", "operatingIncome": "57220000", "sellingGeneralAndAdministrative": "29004000", "researchAndDevelopment": "0", "operatingExpenses": "29004000", "investmentIncomeNet": "None", "netInterestIncome": "None", "interestIncome": "None", "interestExpense": "15000", "nonInterestIncome": "None", "otherNonOperatingIncome": "None", "depreciation": "None", "depreciationAndAmortization": "11632000", "incomeBeforeTax": "57686000", "incomeTaxExpense": "21453000", "interestAndDebtExpense": "None", "netIncomeFromContinuingOperations": "0", "comprehensiveIncomeNetOfTax": "None", "ebit": "57220000", "ebitda": "68852000", "netIncome": "36233000"}, {"fiscalDateEnding": "2010-04-30", "reportedCurrency": "USD", "grossProfit": "100498000", "totalRevenue": "220349000", "costOfRevenue": "119851000", "costofGoodsAndServicesSold": "119851000", "operatingIncome": "72126000", "sellingGeneralAndAdministrative": "28372000", "researchAndDevelopment": "0", "operatingExpenses": "28372000", "investmentIncomeNet": "None", "netInterestIncome": "None", "interestIncome": "None", "interestExpense": "38000", "nonInterestIncome": "None", "otherNonOperatingIncome": "None", "depreciation": "None", "depreciationAndAmortization": "10509000", "incomeBeforeTax": "71584000", "incomeTaxExpense": "27194000", "interestAndDebtExpense": "None", "netIncomeFromContinuingOperations": "0", "comprehensiveIncomeNetOfTax": "None", "ebit": "72126000", "ebitda": "82635000", "netIncome": "44390000"}, {"fiscalDateEnding": "2010-01-31", "reportedCurrency": "USD", "grossProfit": "78687000", "totalRevenue": "176601000", "costOfRevenue": "97914000", "costofGoodsAndServicesSold": "97914000", "operatingIncome": "53232000", "sellingGeneralAndAdministrative": "25455000", "researchAndDevelopment": "0", "operatingExpenses": "25455000", "investmentIncomeNet": "None", "netInterestIncome": "None", "interestIncome": "None", "interestExpense": "21000", "nonInterestIncome": "None", "otherNonOperatingIncome": "None", "depreciation": "None", "depreciationAndAmortization": "10425000", "incomeBeforeTax": "53172000", "incomeTaxExpense": "17439000", "interestAndDebtExpense": "None", "netIncomeFromContinuingOperations": "0", "comprehensiveIncomeNetOfTax": "None", "ebit": "53232000", "ebitda": "63657000", "netIncome": "35733000"}, {"fiscalDateEnding": "2009-10-31", "reportedCurrency": "USD", "grossProfit": "82585000", "totalRevenue": "185461000", "costOfRevenue": "102876000", "costofGoodsAndServicesSold": "102876000", "operatingIncome": "56492000", "sellingGeneralAndAdministrative": "26093000", "researchAndDevelopment": "0", "operatingExpenses": "26093000", "investmentIncomeNet": "None", "netInterestIncome": "None", "interestIncome": "None", "interestExpense": "142000", "nonInterestIncome": "None", "otherNonOperatingIncome": "None", "depreciation": "None", "depreciationAndAmortization": "11316000", "incomeBeforeTax": "57052000", "incomeTaxExpense": "21782000", "interestAndDebtExpense": "None", "netIncomeFromContinuingOperations": "0", "comprehensiveIncomeNetOfTax": "None", "ebit": "56492000", "ebitda": "67808000", "netIncome": "35270000"}, {"fiscalDateEnding": "2009-07-31", "reportedCurrency": "USD", "grossProfit": "79930000", "totalRevenue": "184332000", "costOfRevenue": "104402000", "costofGoodsAndServicesSold": "104402000", "operatingIncome": "56335000", "sellingGeneralAndAdministrative": "24541000", "researchAndDevelopment": "0", "operatingExpenses": "24541000", "investmentIncomeNet": "None", "netInterestIncome": "None", "interestIncome": "None", "interestExpense": "1743000", "nonInterestIncome": "None", "otherNonOperatingIncome": "None", "depreciation": "None", "depreciationAndAmortization": "11568000", "incomeBeforeTax": "56335000", "incomeTaxExpense": "21708000", "interestAndDebtExpense": "None", "netIncomeFromContinuingOperations": "0", "comprehensiveIncomeNetOfTax": "None", "ebit": "57124000", "ebitda": "68692000", "netIncome": "34627000"}, {"fiscalDateEnding": "2009-04-30", "reportedCurrency": "USD", "grossProfit": "85467000", "totalRevenue": "197326000", "costOfRevenue": "111859000", "costofGoodsAndServicesSold": "111859000", "operatingIncome": "64880000", "sellingGeneralAndAdministrative": "20587000", "researchAndDevelopment": "0", "operatingExpenses": "20587000", "investmentIncomeNet": "None", "netInterestIncome": "None", "interestIncome": "None", "interestExpense": "66000", "nonInterestIncome": "None", "otherNonOperatingIncome": "None", "depreciation": "None", "depreciationAndAmortization": "12471000", "incomeBeforeTax": "65896000", "incomeTaxExpense": "25384000", "interestAndDebtExpense": "None", "netIncomeFromContinuingOperations": "0", "comprehensiveIncomeNetOfTax": "None", "ebit": "63953000", "ebitda": "76424000", "netIncome": "42069000"}, {"fiscalDateEnding": "2009-01-31", "reportedCurrency": "USD", "grossProfit": "67292000", "totalRevenue": "169855000", "costOfRevenue": "102563000", "costofGoodsAndServicesSold": "102563000", "operatingIncome": "45569000", "sellingGeneralAndAdministrative": "21723000", "researchAndDevelopment": "0", "operatingExpenses": "21723000", "investmentIncomeNet": "None", "netInterestIncome": "None", "interestIncome": "None", "interestExpense": "1391000", "nonInterestIncome": "None", "otherNonOperatingIncome": "None", "depreciation": "None", "depreciationAndAmortization": "8734000", "incomeBeforeTax": "44178000", "incomeTaxExpense": "17028000", "interestAndDebtExpense": "None", "netIncomeFromContinuingOperations": "0", "comprehensiveIncomeNetOfTax": "None", "ebit": "45596000", "ebitda": "54330000", "netIncome": "27150000"}, {"fiscalDateEnding": "2008-10-31", "reportedCurrency": "USD", "grossProfit": "79570000", "totalRevenue": "191569000", "costOfRevenue": "111999000", "costofGoodsAndServicesSold": "111999000", "operatingIncome": "59485000", "sellingGeneralAndAdministrative": "20085000", "researchAndDevelopment": "0", "operatingExpenses": "20085000", "investmentIncomeNet": "None", "netInterestIncome": "None", "interestIncome": "None", "interestExpense": "1835000", "nonInterestIncome": "None", "otherNonOperatingIncome": "None", "depreciation": "None", "depreciationAndAmortization": "12544000", "incomeBeforeTax": "61320000", "incomeTaxExpense": "24066000", "interestAndDebtExpense": "None", "netIncomeFromContinuingOperations": "0", "comprehensiveIncomeNetOfTax": "None", "ebit": "46941000", "ebitda": "59485000", "netIncome": "37254000"}, {"fiscalDateEnding": "2008-07-31", "reportedCurrency": "USD", "grossProfit": "87093000", "totalRevenue": "206282000", "costOfRevenue": "119189000", "costofGoodsAndServicesSold": "119189000", "operatingIncome": "68022000", "sellingGeneralAndAdministrative": "21721000", "researchAndDevelopment": "0", "operatingExpenses": "21721000", "investmentIncomeNet": "None", "netInterestIncome": "None", "interestIncome": "None", "interestExpense": "2650000", "nonInterestIncome": "None", "otherNonOperatingIncome": "None", "depreciation": "None", "depreciationAndAmortization": "13698000", "incomeBeforeTax": "68022000", "incomeTaxExpense": "27201000", "interestAndDebtExpense": "None", "netIncomeFromContinuingOperations": "0", "comprehensiveIncomeNetOfTax": "None", "ebit": "65372000", "ebitda": "79070000", "netIncome": "40821000"}, {"fiscalDateEnding": "2008-04-30", "reportedCurrency": "USD", "grossProfit": "88166000", "totalRevenue": "221150000", "costOfRevenue": "132984000", "costofGoodsAndServicesSold": "132984000", "operatingIncome": "68684000", "sellingGeneralAndAdministrative": "19482000", "researchAndDevelopment": "0", "operatingExpenses": "19482000", "investmentIncomeNet": "None", "netInterestIncome": "None", "interestIncome": "None", "interestExpense": "2190000", "nonInterestIncome": "None", "otherNonOperatingIncome": "None", "depreciation": "None", "depreciationAndAmortization": "11860000", "incomeBeforeTax": "70874000", "incomeTaxExpense": "24397000", "interestAndDebtExpense": "None", "netIncomeFromContinuingOperations": "0", "comprehensiveIncomeNetOfTax": "None", "ebit": "56824000", "ebitda": "68684000", "netIncome": "46477000"}, {"fiscalDateEnding": "2008-01-31", "reportedCurrency": "USD", "grossProfit": "68608000", "totalRevenue": "173459000", "costOfRevenue": "104851000", "costofGoodsAndServicesSold": "104851000", "operatingIncome": "47235000", "sellingGeneralAndAdministrative": "21373000", "researchAndDevelopment": "0", "operatingExpenses": "21373000", "investmentIncomeNet": "None", "netInterestIncome": "None", "interestIncome": "None", "interestExpense": "3354000", "nonInterestIncome": "None", "otherNonOperatingIncome": "None", "depreciation": "None", "depreciationAndAmortization": "14436000", "incomeBeforeTax": "50589000", "incomeTaxExpense": "18563000", "interestAndDebtExpense": "None", "netIncomeFromContinuingOperations": "0", "comprehensiveIncomeNetOfTax": "None", "ebit": "32799000", "ebitda": "47235000", "netIncome": "32026000"}, {"fiscalDateEnding": "2007-10-31", "reportedCurrency": "USD", "grossProfit": "81740000", "totalRevenue": "183957000", "costOfRevenue": "102217000", "costofGoodsAndServicesSold": "102217000", "operatingIncome": "56627000", "sellingGeneralAndAdministrative": "25113000", "researchAndDevelopment": "0", "operatingExpenses": "25113000", "investmentIncomeNet": "None", "netInterestIncome": "None", "interestIncome": "None", "interestExpense": "3539000", "nonInterestIncome": "None", "otherNonOperatingIncome": "None", "depreciation": "None", "depreciationAndAmortization": "14543000", "incomeBeforeTax": "60166000", "incomeTaxExpense": "22556000", "interestAndDebtExpense": "None", "netIncomeFromContinuingOperations": "0", "comprehensiveIncomeNetOfTax": "None", "ebit": "42084000", "ebitda": "56627000", "netIncome": "37610000"}, {"fiscalDateEnding": "2007-07-31", "reportedCurrency": "USD", "grossProfit": "71517000", "totalRevenue": "153982000", "costOfRevenue": "82465000", "costofGoodsAndServicesSold": "82465000", "operatingIncome": "58350000", "sellingGeneralAndAdministrative": "17657000", "researchAndDevelopment": "0", "operatingExpenses": "17657000", "investmentIncomeNet": "None", "netInterestIncome": "None", "interestIncome": "None", "interestExpense": "4490000", "nonInterestIncome": "None", "otherNonOperatingIncome": "None", "depreciation": "None", "depreciationAndAmortization": "14819000", "incomeBeforeTax": "58350000", "incomeTaxExpense": "21615000", "interestAndDebtExpense": "None", "netIncomeFromContinuingOperations": "0", "comprehensiveIncomeNetOfTax": "None", "ebit": "53860000", "ebitda": "68679000", "netIncome": "36735000"}, {"fiscalDateEnding": "2007-04-30", "reportedCurrency": "USD", "grossProfit": "72987000", "totalRevenue": "145652000", "costOfRevenue": "72665000", "costofGoodsAndServicesSold": "72665000", "operatingIncome": "57229000", "sellingGeneralAndAdministrative": "15758000", "researchAndDevelopment": "0", "operatingExpenses": "15758000", "investmentIncomeNet": "None", "netInterestIncome": "None", "interestIncome": "None", "interestExpense": "4796000", "nonInterestIncome": "None", "otherNonOperatingIncome": "None", "depreciation": "None", "depreciationAndAmortization": "14017000", "incomeBeforeTax": "62025000", "incomeTaxExpense": "23158000", "interestAndDebtExpense": "None", "netIncomeFromContinuingOperations": "0", "comprehensiveIncomeNetOfTax": "None", "ebit": "43212000", "ebitda": "57229000", "netIncome": "38867000"}, {"fiscalDateEnding": "2007-01-31", "reportedCurrency": "USD", "grossProfit": "60389000", "totalRevenue": "128925000", "costOfRevenue": "68536000", "costofGoodsAndServicesSold": "68536000", "operatingIncome": "45164000", "sellingGeneralAndAdministrative": "15225000", "researchAndDevelopment": "0", "operatingExpenses": "15225000", "investmentIncomeNet": "None", "netInterestIncome": "None", "interestIncome": "None", "interestExpense": "3528000", "nonInterestIncome": "None", "otherNonOperatingIncome": "None", "depreciation": "None", "depreciationAndAmortization": "12327000", "incomeBeforeTax": "48692000", "incomeTaxExpense": "18300000", "interestAndDebtExpense": "None", "netIncomeFromContinuingOperations": "0", "comprehensiveIncomeNetOfTax": "None", "ebit": "32837000", "ebitda": "45164000", "netIncome": "30392000"}, {"fiscalDateEnding": "2006-10-31", "reportedCurrency": "USD", "grossProfit": "61890000", "totalRevenue": "132121000", "costOfRevenue": "70231000", "costofGoodsAndServicesSold": "70231000", "operatingIncome": "46893000", "sellingGeneralAndAdministrative": "14997000", "researchAndDevelopment": "0", "operatingExpenses": "14997000", "investmentIncomeNet": "None", "netInterestIncome": "None", "interestIncome": "None", "interestExpense": "1462000", "nonInterestIncome": "None", "otherNonOperatingIncome": "None", "depreciation": "None", "depreciationAndAmortization": "10202000", "incomeBeforeTax": "48355000", "incomeTaxExpense": "18010000", "interestAndDebtExpense": "None", "netIncomeFromContinuingOperations": "0", "comprehensiveIncomeNetOfTax": "None", "ebit": "36691000", "ebitda": "46893000", "netIncome": "30345000"}, {"fiscalDateEnding": "2006-07-31", "reportedCurrency": "USD", "grossProfit": "62976000", "totalRevenue": "137220000", "costOfRevenue": "74244000", "costofGoodsAndServicesSold": "74244000", "operatingIncome": "47197000", "sellingGeneralAndAdministrative": "15779000", "researchAndDevelopment": "0", "operatingExpenses": "15779000", "investmentIncomeNet": "None", "netInterestIncome": "None", "interestIncome": "None", "interestExpense": "712000", "nonInterestIncome": "None", "otherNonOperatingIncome": "None", "depreciation": "None", "depreciationAndAmortization": "7824000", "incomeBeforeTax": "45701000", "incomeTaxExpense": "14912000", "interestAndDebtExpense": "None", "netIncomeFromContinuingOperations": "0", "comprehensiveIncomeNetOfTax": "None", "ebit": "47197000", "ebitda": "55021000", "netIncome": "31573000"}, {"fiscalDateEnding": "2006-04-30", "reportedCurrency": "USD", "grossProfit": "69464000", "totalRevenue": "149512000", "costOfRevenue": "80048000", "costofGoodsAndServicesSold": "80048000", "operatingIncome": "53351000", "sellingGeneralAndAdministrative": "16113000", "researchAndDevelopment": "0", "operatingExpenses": "16113000", "investmentIncomeNet": "None", "netInterestIncome": "None", "interestIncome": "None", "interestExpense": "1868000", "nonInterestIncome": "None", "otherNonOperatingIncome": "None", "depreciation": "None", "depreciationAndAmortization": "9971000", "incomeBeforeTax": "53689000", "incomeTaxExpense": "20509000", "interestAndDebtExpense": "None", "netIncomeFromContinuingOperations": "0", "comprehensiveIncomeNetOfTax": "None", "ebit": "43380000", "ebitda": "53351000", "netIncome": "34710000"}, {"fiscalDateEnding": "2006-01-31", "reportedCurrency": "USD", "grossProfit": "50575000", "totalRevenue": "125099000", "costOfRevenue": "74524000", "costofGoodsAndServicesSold": "74524000", "operatingIncome": "37015000", "sellingGeneralAndAdministrative": "13560000", "researchAndDevelopment": "0", "operatingExpenses": "13560000", "investmentIncomeNet": "None", "netInterestIncome": "None", "interestIncome": "None", "interestExpense": "1709000", "nonInterestIncome": "None", "otherNonOperatingIncome": "None", "depreciation": "None", "depreciationAndAmortization": "-9031000", "incomeBeforeTax": "38724000", "incomeTaxExpense": "12606000", "interestAndDebtExpense": "None", "netIncomeFromContinuingOperations": "0", "comprehensiveIncomeNetOfTax": "None", "ebit": "46046000", "ebitda": "37015000", "netIncome": "7853000"}, {"fiscalDateEnding": "2005-10-31", "reportedCurrency": "USD", "grossProfit": "48056000", "totalRevenue": "119025000", "costOfRevenue": "70969000", "costofGoodsAndServicesSold": "70969000", "operatingIncome": "34226000", "sellingGeneralAndAdministrative": "13830000", "researchAndDevelopment": "0", "operatingExpenses": "13830000", "investmentIncomeNet": "None", "netInterestIncome": "None", "interestIncome": "None", "interestExpense": "2422000", "nonInterestIncome": "None", "otherNonOperatingIncome": "None", "depreciation": "None", "depreciationAndAmortization": "9714000", "incomeBeforeTax": "36648000", "incomeTaxExpense": "13835000", "interestAndDebtExpense": "None", "netIncomeFromContinuingOperations": "0", "comprehensiveIncomeNetOfTax": "None", "ebit": "34226000", "ebitda": "43940000", "netIncome": "22813000"}, {"fiscalDateEnding": "2005-07-31", "reportedCurrency": "USD", "grossProfit": "30151000", "totalRevenue": "112561000", "costOfRevenue": "82410000", "costofGoodsAndServicesSold": "82410000", "operatingIncome": "39863000", "sellingGeneralAndAdministrative": "16990000", "researchAndDevelopment": "0", "operatingExpenses": "-7264000", "investmentIncomeNet": "None", "netInterestIncome": "None", "interestIncome": "None", "interestExpense": "2448000", "nonInterestIncome": "None", "otherNonOperatingIncome": "None", "depreciation": "None", "depreciationAndAmortization": "9490000", "incomeBeforeTax": "39863000", "incomeTaxExpense": "14874000", "interestAndDebtExpense": "None", "netIncomeFromContinuingOperations": "0", "comprehensiveIncomeNetOfTax": "None", "ebit": "37415000", "ebitda": "46905000", "netIncome": "24989000"}, {"fiscalDateEnding": "2005-04-30", "reportedCurrency": "USD", "grossProfit": "68479000", "totalRevenue": "130426000", "costOfRevenue": "61947000", "costofGoodsAndServicesSold": "61947000", "operatingIncome": "47753000", "sellingGeneralAndAdministrative": "11672000", "researchAndDevelopment": "0", "operatingExpenses": "20726000", "investmentIncomeNet": "None", "netInterestIncome": "None", "interestIncome": "None", "interestExpense": "1926000", "nonInterestIncome": "None", "otherNonOperatingIncome": "None", "depreciation": "None", "depreciationAndAmortization": "10979900", "incomeBeforeTax": "49679000", "incomeTaxExpense": "18774000", "interestAndDebtExpense": "None", "netIncomeFromContinuingOperations": "0", "comprehensiveIncomeNetOfTax": "None", "ebit": "47753000", "ebitda": "58732900", "netIncome": "30905000"}, {"fiscalDateEnding": "2005-01-31", "reportedCurrency": "USD", "grossProfit": "55478300", "totalRevenue": "110014500", "costOfRevenue": "54536200", "costofGoodsAndServicesSold": "54536200", "operatingIncome": "36623600", "sellingGeneralAndAdministrative": "11259900", "researchAndDevelopment": "0", "operatingExpenses": "18854700", "investmentIncomeNet": "None", "netInterestIncome": "None", "interestIncome": "None", "interestExpense": "1861100", "nonInterestIncome": "None", "otherNonOperatingIncome": "None", "depreciation": "None", "depreciationAndAmortization": "9455900", "incomeBeforeTax": "38484700", "incomeTaxExpense": "14932100", "interestAndDebtExpense": "None", "netIncomeFromContinuingOperations": "0", "comprehensiveIncomeNetOfTax": "None", "ebit": "36623600", "ebitda": "46079500", "netIncome": "23552600"}]}