{"symbol": "KMB", "annualReports": [{"fiscalDateEnding": "2024-12-31", "reportedCurrency": "USD", "grossProfit": "7180000000", "totalRevenue": "20058000000", "costOfRevenue": "12878000000", "costofGoodsAndServicesSold": "12878000000", "operatingIncome": "3210000000", "sellingGeneralAndAdministrative": "4311000000", "researchAndDevelopment": "None", "operatingExpenses": "3970000000", "investmentIncomeNet": "None", "netInterestIncome": "-222000000", "interestIncome": "48000000", "interestExpense": "270000000", "nonInterestIncome": "None", "otherNonOperatingIncome": "None", "depreciation": "None", "depreciationAndAmortization": "768000000", "incomeBeforeTax": "3143000000", "incomeTaxExpense": "565000000", "interestAndDebtExpense": "None", "netIncomeFromContinuingOperations": "2578000000", "comprehensiveIncomeNetOfTax": "None", "ebit": "3210000000", "ebitda": "3978000000", "netIncome": "2545000000"}, {"fiscalDateEnding": "2023-12-31", "reportedCurrency": "USD", "grossProfit": "7032000000", "totalRevenue": "20431000000", "costOfRevenue": "13399000000", "costofGoodsAndServicesSold": "13399000000", "operatingIncome": "2344000000", "sellingGeneralAndAdministrative": "3884000000", "researchAndDevelopment": "312000000", "operatingExpenses": "3961000000", "investmentIncomeNet": "None", "netInterestIncome": "-258000000", "interestIncome": "41000000", "interestExpense": "293000000", "nonInterestIncome": "None", "otherNonOperatingIncome": "None", "depreciation": "None", "depreciationAndAmortization": "753000000", "incomeBeforeTax": "-453000000", "incomeTaxExpense": "-453000000", "interestAndDebtExpense": "None", "netIncomeFromContinuingOperations": "1767000000", "comprehensiveIncomeNetOfTax": "None", "ebit": "2344000000", "ebitda": "2344000000", "netIncome": "1762000000"}, {"fiscalDateEnding": "2022-12-31", "reportedCurrency": "USD", "grossProfit": "6219000000", "totalRevenue": "20175000000", "costOfRevenue": "13956000000", "costofGoodsAndServicesSold": "13956000000", "operatingIncome": "2681000000", "sellingGeneralAndAdministrative": "3581000000", "researchAndDevelopment": "292000000", "operatingExpenses": "3538000000", "investmentIncomeNet": "None", "netInterestIncome": "-268000000", "interestIncome": "268000000", "interestExpense": "282000000", "nonInterestIncome": "None", "otherNonOperatingIncome": "None", "depreciation": "None", "depreciationAndAmortization": "754000000", "incomeBeforeTax": "2340000000", "incomeTaxExpense": "495000000", "interestAndDebtExpense": "None", "netIncomeFromContinuingOperations": "1961000000", "comprehensiveIncomeNetOfTax": "None", "ebit": "2622000000", "ebitda": "3376000000", "netIncome": "1934000000"}, {"fiscalDateEnding": "2021-12-31", "reportedCurrency": "USD", "grossProfit": "5988000000", "totalRevenue": "19440000000", "costOfRevenue": "13452000000", "costofGoodsAndServicesSold": "13452000000", "operatingIncome": "2561000000", "sellingGeneralAndAdministrative": "3399000000", "researchAndDevelopment": "269000000", "operatingExpenses": "3427000000", "investmentIncomeNet": "None", "netInterestIncome": "-250000000", "interestIncome": "6000000", "interestExpense": "256000000", "nonInterestIncome": "None", "otherNonOperatingIncome": "None", "depreciation": "None", "depreciationAndAmortization": "766000000", "incomeBeforeTax": "2225000000", "incomeTaxExpense": "479000000", "interestAndDebtExpense": "None", "netIncomeFromContinuingOperations": "1844000000", "comprehensiveIncomeNetOfTax": "None", "ebit": "2481000000", "ebitda": "3247000000", "netIncome": "1814000000"}, {"fiscalDateEnding": "2020-12-31", "reportedCurrency": "USD", "grossProfit": "6822000000", "totalRevenue": "19140000000", "costOfRevenue": "12318000000", "costofGoodsAndServicesSold": "12318000000", "operatingIncome": "3244000000", "sellingGeneralAndAdministrative": "3632000000", "researchAndDevelopment": "276000000", "operatingExpenses": "3578000000", "investmentIncomeNet": "None", "netInterestIncome": "-244000000", "interestIncome": "8000000", "interestExpense": "252000000", "nonInterestIncome": "None", "otherNonOperatingIncome": "None", "depreciation": "None", "depreciationAndAmortization": "796000000", "incomeBeforeTax": "2930000000", "incomeTaxExpense": "676000000", "interestAndDebtExpense": "None", "netIncomeFromContinuingOperations": "2396000000", "comprehensiveIncomeNetOfTax": "None", "ebit": "3182000000", "ebitda": "3978000000", "netIncome": "2352000000"}, {"fiscalDateEnding": "2019-12-31", "reportedCurrency": "USD", "grossProfit": "6035000000", "totalRevenue": "18450000000", "costOfRevenue": "12415000000", "costofGoodsAndServicesSold": "12415000000", "operatingIncome": "2991000000", "sellingGeneralAndAdministrative": "3254000000", "researchAndDevelopment": "284000000", "operatingExpenses": "3044000000", "investmentIncomeNet": "None", "netInterestIncome": "-250000000", "interestIncome": "11000000", "interestExpense": "261000000", "nonInterestIncome": "None", "otherNonOperatingIncome": "43000000", "depreciation": "None", "depreciationAndAmortization": "837000000", "incomeBeforeTax": "2650000000", "incomeTaxExpense": "576000000", "interestAndDebtExpense": "None", "netIncomeFromContinuingOperations": "2197000000", "comprehensiveIncomeNetOfTax": "None", "ebit": "2991000000", "ebitda": "3828000000", "netIncome": "2157000000"}, {"fiscalDateEnding": "2018-12-31", "reportedCurrency": "USD", "grossProfit": "5597000000", "totalRevenue": "18486000000", "costOfRevenue": "12889000000", "costofGoodsAndServicesSold": "12889000000", "operatingIncome": "2229000000", "sellingGeneralAndAdministrative": "3367000000", "researchAndDevelopment": "317000000", "operatingExpenses": "3368000000", "investmentIncomeNet": "None", "netInterestIncome": "-253000000", "interestIncome": "10000000", "interestExpense": "263000000", "nonInterestIncome": "None", "otherNonOperatingIncome": "-50000000", "depreciation": "None", "depreciationAndAmortization": "882000000", "incomeBeforeTax": "1813000000", "incomeTaxExpense": "471000000", "interestAndDebtExpense": "None", "netIncomeFromContinuingOperations": "1445000000", "comprehensiveIncomeNetOfTax": "None", "ebit": "2076000000", "ebitda": "2958000000", "netIncome": "1410000000"}, {"fiscalDateEnding": "2017-12-31", "reportedCurrency": "USD", "grossProfit": "6553000000", "totalRevenue": "18259000000", "costOfRevenue": "11706000000", "costofGoodsAndServicesSold": "11706000000", "operatingIncome": "3299000000", "sellingGeneralAndAdministrative": "3227000000", "researchAndDevelopment": "309000000", "operatingExpenses": "3254000000", "investmentIncomeNet": "None", "netInterestIncome": "-308000000", "interestIncome": "10000000", "interestExpense": "318000000", "nonInterestIncome": "None", "otherNonOperatingIncome": "114000000", "depreciation": "None", "depreciationAndAmortization": "724000000", "incomeBeforeTax": "2991000000", "incomeTaxExpense": "776000000", "interestAndDebtExpense": "None", "netIncomeFromContinuingOperations": "2215000000", "comprehensiveIncomeNetOfTax": "None", "ebit": "3309000000", "ebitda": "4033000000", "netIncome": "2278000000"}, {"fiscalDateEnding": "2016-12-31", "reportedCurrency": "USD", "grossProfit": "6651000000", "totalRevenue": "18202000000", "costOfRevenue": "11551000000", "costofGoodsAndServicesSold": "11551000000", "operatingIncome": "3317000000", "sellingGeneralAndAdministrative": "3326000000", "researchAndDevelopment": "328000000", "operatingExpenses": "3334000000", "investmentIncomeNet": "None", "netInterestIncome": "-308000000", "interestIncome": "11000000", "interestExpense": "319000000", "nonInterestIncome": "None", "otherNonOperatingIncome": "143000000", "depreciation": "None", "depreciationAndAmortization": "705000000", "incomeBeforeTax": "3009000000", "incomeTaxExpense": "922000000", "interestAndDebtExpense": "None", "netIncomeFromContinuingOperations": "2219000000", "comprehensiveIncomeNetOfTax": "None", "ebit": "3328000000", "ebitda": "4033000000", "netIncome": "2166000000"}, {"fiscalDateEnding": "2015-12-31", "reportedCurrency": "USD", "grossProfit": "6624000000", "totalRevenue": "18591000000", "costOfRevenue": "11967000000", "costofGoodsAndServicesSold": "11967000000", "operatingIncome": "1613000000", "sellingGeneralAndAdministrative": "3443000000", "researchAndDevelopment": "324000000", "operatingExpenses": "5011000000", "investmentIncomeNet": "None", "netInterestIncome": "None", "interestIncome": "278000000", "interestExpense": "295000000", "nonInterestIncome": "None", "otherNonOperatingIncome": "166000000", "depreciation": "None", "depreciationAndAmortization": "746000000", "incomeBeforeTax": "1335000000", "incomeTaxExpense": "418000000", "interestAndDebtExpense": "None", "netIncomeFromContinuingOperations": "1066000000", "comprehensiveIncomeNetOfTax": "None", "ebit": "1630000000", "ebitda": "2376000000", "netIncome": "1013000000"}, {"fiscalDateEnding": "2014-12-31", "reportedCurrency": "USD", "grossProfit": "6683000000", "totalRevenue": "19724000000", "costOfRevenue": "13041000000", "costofGoodsAndServicesSold": "13041000000", "operatingIncome": "2521000000", "sellingGeneralAndAdministrative": "3709000000", "researchAndDevelopment": "368000000", "operatingExpenses": "4162000000", "investmentIncomeNet": "None", "netInterestIncome": "None", "interestIncome": "None", "interestExpense": "284000000", "nonInterestIncome": "None", "otherNonOperatingIncome": "164000000", "depreciation": "None", "depreciationAndAmortization": "862000000", "incomeBeforeTax": "2255000000", "incomeTaxExpense": "856000000", "interestAndDebtExpense": "None", "netIncomeFromContinuingOperations": "1545000000", "comprehensiveIncomeNetOfTax": "None", "ebit": "2539000000", "ebitda": "3401000000", "netIncome": "1526000000"}, {"fiscalDateEnding": "2013-12-31", "reportedCurrency": "USD", "grossProfit": "7240000000", "totalRevenue": "21152000000", "costOfRevenue": "13912000000", "costofGoodsAndServicesSold": "13912000000", "operatingIncome": "3208000000", "sellingGeneralAndAdministrative": "4028000000", "researchAndDevelopment": "333000000", "operatingExpenses": "4032000000", "investmentIncomeNet": "None", "netInterestIncome": "None", "interestIncome": "None", "interestExpense": "283000000", "nonInterestIncome": "None", "otherNonOperatingIncome": "225000000", "depreciation": "None", "depreciationAndAmortization": "863000000", "incomeBeforeTax": "2945000000", "incomeTaxExpense": "929000000", "interestAndDebtExpense": "None", "netIncomeFromContinuingOperations": "2016000000", "comprehensiveIncomeNetOfTax": "None", "ebit": "3228000000", "ebitda": "4091000000", "netIncome": "2142000000"}, {"fiscalDateEnding": "2012-12-31", "reportedCurrency": "USD", "grossProfit": "6749000000", "totalRevenue": "21063000000", "costOfRevenue": "14314000000", "costofGoodsAndServicesSold": "14314000000", "operatingIncome": "2686000000", "sellingGeneralAndAdministrative": "4069000000", "researchAndDevelopment": "335000000", "operatingExpenses": "4063000000", "investmentIncomeNet": "None", "netInterestIncome": "None", "interestIncome": "None", "interestExpense": "284000000", "nonInterestIncome": "None", "otherNonOperatingIncome": "194000000", "depreciation": "None", "depreciationAndAmortization": "857000000", "incomeBeforeTax": "2420000000", "incomeTaxExpense": "768000000", "interestAndDebtExpense": "None", "netIncomeFromContinuingOperations": "1652000000", "comprehensiveIncomeNetOfTax": "None", "ebit": "2704000000", "ebitda": "3561000000", "netIncome": "1750000000"}, {"fiscalDateEnding": "2011-12-31", "reportedCurrency": "USD", "grossProfit": "6152000000", "totalRevenue": "20846000000", "costOfRevenue": "14694000000", "costofGoodsAndServicesSold": "14694000000", "operatingIncome": "2442000000", "sellingGeneralAndAdministrative": "3761000000", "researchAndDevelopment": "316000000", "operatingExpenses": "3710000000", "investmentIncomeNet": "None", "netInterestIncome": "None", "interestIncome": "None", "interestExpense": "277000000", "nonInterestIncome": "None", "otherNonOperatingIncome": "None", "depreciation": "None", "depreciationAndAmortization": "1091000000", "incomeBeforeTax": "2183000000", "incomeTaxExpense": "660000000", "interestAndDebtExpense": "None", "netIncomeFromContinuingOperations": "None", "comprehensiveIncomeNetOfTax": "None", "ebit": "1369000000", "ebitda": "2460000000", "netIncome": "1591000000"}, {"fiscalDateEnding": "2010-12-31", "reportedCurrency": "USD", "grossProfit": "6550000000", "totalRevenue": "19746000000", "costOfRevenue": "13196000000", "costofGoodsAndServicesSold": "13196000000", "operatingIncome": "2773000000", "sellingGeneralAndAdministrative": "3673000000", "researchAndDevelopment": "317000000", "operatingExpenses": "3777000000", "investmentIncomeNet": "None", "netInterestIncome": "None", "interestIncome": "None", "interestExpense": "243000000", "nonInterestIncome": "None", "otherNonOperatingIncome": "201000000", "depreciation": "None", "depreciationAndAmortization": "813000000", "incomeBeforeTax": "2550000000", "incomeTaxExpense": "788000000", "interestAndDebtExpense": "None", "netIncomeFromContinuingOperations": "1762000000", "comprehensiveIncomeNetOfTax": "None", "ebit": "1980000000", "ebitda": "2793000000", "netIncome": "1843000000"}, {"fiscalDateEnding": "2009-12-31", "reportedCurrency": "USD", "grossProfit": "6420000000", "totalRevenue": "19115000000", "costOfRevenue": "12695000000", "costofGoodsAndServicesSold": "12695000000", "operatingIncome": "2825000000", "sellingGeneralAndAdministrative": "3498000000", "researchAndDevelopment": "301000000", "operatingExpenses": "3595000000", "investmentIncomeNet": "None", "netInterestIncome": "None", "interestIncome": "None", "interestExpense": "275000000", "nonInterestIncome": "None", "otherNonOperatingIncome": "None", "depreciation": "None", "depreciationAndAmortization": "783000000", "incomeBeforeTax": "2576000000", "incomeTaxExpense": "746000000", "interestAndDebtExpense": "None", "netIncomeFromContinuingOperations": "None", "comprehensiveIncomeNetOfTax": "None", "ebit": "2068000000", "ebitda": "2851000000", "netIncome": "1884000000"}, {"fiscalDateEnding": "2008-12-31", "reportedCurrency": "USD", "grossProfit": "5858000000", "totalRevenue": "19415000000", "costOfRevenue": "13557000000", "costofGoodsAndServicesSold": "13557000000", "operatingIncome": "2547000000", "sellingGeneralAndAdministrative": "3291000000", "researchAndDevelopment": "297000000", "operatingExpenses": "3311000000", "investmentIncomeNet": "None", "netInterestIncome": "None", "interestIncome": "None", "interestExpense": "304000000", "nonInterestIncome": "None", "otherNonOperatingIncome": "None", "depreciation": "None", "depreciationAndAmortization": "775000000", "incomeBeforeTax": "2289000000", "incomeTaxExpense": "618000000", "interestAndDebtExpense": "None", "netIncomeFromContinuingOperations": "None", "comprehensiveIncomeNetOfTax": "None", "ebit": "2567000000", "ebitda": "3342000000", "netIncome": "1690000000"}, {"fiscalDateEnding": "2007-12-31", "reportedCurrency": "USD", "grossProfit": "5703900000", "totalRevenue": "18266000000", "costOfRevenue": "12562100000", "costofGoodsAndServicesSold": "12562100000", "operatingIncome": "2616400000", "sellingGeneralAndAdministrative": "3105900000", "researchAndDevelopment": "276800000", "operatingExpenses": "3087500000", "investmentIncomeNet": "None", "netInterestIncome": "None", "interestIncome": "None", "interestExpense": "264800000", "nonInterestIncome": "None", "otherNonOperatingIncome": "None", "depreciation": "None", "depreciationAndAmortization": "806500000", "incomeBeforeTax": "2317500000", "incomeTaxExpense": "536500000", "interestAndDebtExpense": "None", "netIncomeFromContinuingOperations": "None", "comprehensiveIncomeNetOfTax": "None", "ebit": "2664900000", "ebitda": "3471400000", "netIncome": "1822900000"}, {"fiscalDateEnding": "2006-12-31", "reportedCurrency": "USD", "grossProfit": "5082100000", "totalRevenue": "16746900000", "costOfRevenue": "11664800000", "costofGoodsAndServicesSold": "11664800000", "operatingIncome": "2101500000", "sellingGeneralAndAdministrative": "2948300000", "researchAndDevelopment": "301200000", "operatingExpenses": "2980600000", "investmentIncomeNet": "None", "netInterestIncome": "None", "interestIncome": "None", "interestExpense": "190200000", "nonInterestIncome": "None", "otherNonOperatingIncome": "None", "depreciation": "None", "depreciationAndAmortization": "932800000", "incomeBeforeTax": "1844900000", "incomeTaxExpense": "469200000", "interestAndDebtExpense": "None", "netIncomeFromContinuingOperations": "None", "comprehensiveIncomeNetOfTax": "None", "ebit": "2199300000", "ebitda": "3132100000", "netIncome": "1499500000"}, {"fiscalDateEnding": "2005-12-31", "reportedCurrency": "USD", "grossProfit": "5075200000", "totalRevenue": "15902600000", "costOfRevenue": "10827400000", "costofGoodsAndServicesSold": "10827400000", "operatingIncome": "2310600000", "sellingGeneralAndAdministrative": "2737400000", "researchAndDevelopment": "319500000", "operatingExpenses": "2764600000", "investmentIncomeNet": "None", "netInterestIncome": "None", "interestIncome": "None", "interestExpense": "190200000", "nonInterestIncome": "None", "otherNonOperatingIncome": "None", "depreciation": "None", "depreciationAndAmortization": "844500000", "incomeBeforeTax": "1968900000", "incomeTaxExpense": "438400000", "interestAndDebtExpense": "None", "netIncomeFromContinuingOperations": "None", "comprehensiveIncomeNetOfTax": "None", "ebit": "2516800000", "ebitda": "3361300000", "netIncome": "1568300000"}], "quarterlyReports": [{"fiscalDateEnding": "2024-12-31", "reportedCurrency": "USD", "grossProfit": "1675000000", "totalRevenue": "4928000000", "costOfRevenue": "3253000000", "costofGoodsAndServicesSold": "3253000000", "operatingIncome": "548000000", "sellingGeneralAndAdministrative": "1109000000", "researchAndDevelopment": "None", "operatingExpenses": "1127000000", "investmentIncomeNet": "None", "netInterestIncome": "-53000000", "interestIncome": "11000000", "interestExpense": "64000000", "nonInterestIncome": "None", "otherNonOperatingIncome": "None", "depreciation": "None", "depreciationAndAmortization": "217000000", "incomeBeforeTax": "523000000", "incomeTaxExpense": "71000000", "interestAndDebtExpense": "None", "netIncomeFromContinuingOperations": "452000000", "comprehensiveIncomeNetOfTax": "None", "ebit": "548000000", "ebitda": "765000000", "netIncome": "447000000"}, {"fiscalDateEnding": "2024-09-30", "reportedCurrency": "USD", "grossProfit": "1784000000", "totalRevenue": "4952000000", "costOfRevenue": "3168000000", "costofGoodsAndServicesSold": "3168000000", "operatingIncome": "1154000000", "sellingGeneralAndAdministrative": "1097000000", "researchAndDevelopment": "None", "operatingExpenses": "630000000", "investmentIncomeNet": "None", "netInterestIncome": "-49000000", "interestIncome": "18000000", "interestExpense": "67000000", "nonInterestIncome": "None", "otherNonOperatingIncome": "None", "depreciation": "None", "depreciationAndAmortization": "191000000", "incomeBeforeTax": "1090000000", "incomeTaxExpense": "223000000", "interestAndDebtExpense": "None", "netIncomeFromContinuingOperations": "915000000", "comprehensiveIncomeNetOfTax": "None", "ebit": "1157000000", "ebitda": "1348000000", "netIncome": "907000000"}, {"fiscalDateEnding": "2024-06-30", "reportedCurrency": "USD", "grossProfit": "1810000000", "totalRevenue": "5029000000", "costOfRevenue": "3219000000", "costofGoodsAndServicesSold": "3219000000", "operatingIncome": "744000000", "sellingGeneralAndAdministrative": "1066000000", "researchAndDevelopment": "None", "operatingExpenses": "1066000000", "investmentIncomeNet": "None", "netInterestIncome": "-63000000", "interestIncome": "9000000", "interestExpense": "72000000", "nonInterestIncome": "None", "otherNonOperatingIncome": "None", "depreciation": "None", "depreciationAndAmortization": "188000000", "incomeBeforeTax": "577000000", "incomeTaxExpense": "87000000", "interestAndDebtExpense": "None", "netIncomeFromContinuingOperations": "553000000", "comprehensiveIncomeNetOfTax": "None", "ebit": "649000000", "ebitda": "837000000", "netIncome": "544000000"}, {"fiscalDateEnding": "2024-03-31", "reportedCurrency": "USD", "grossProfit": "1911000000", "totalRevenue": "5149000000", "costOfRevenue": "3238000000", "costofGoodsAndServicesSold": "3238000000", "operatingIncome": "872000000", "sellingGeneralAndAdministrative": "1039000000", "researchAndDevelopment": "None", "operatingExpenses": "1039000000", "investmentIncomeNet": "None", "netInterestIncome": "-57000000", "interestIncome": "10000000", "interestExpense": "67000000", "nonInterestIncome": "None", "otherNonOperatingIncome": "None", "depreciation": "None", "depreciationAndAmortization": "185000000", "incomeBeforeTax": "781000000", "incomeTaxExpense": "184000000", "interestAndDebtExpense": "None", "netIncomeFromContinuingOperations": "658000000", "comprehensiveIncomeNetOfTax": "None", "ebit": "848000000", "ebitda": "1033000000", "netIncome": "647000000"}, {"fiscalDateEnding": "2023-12-31", "reportedCurrency": "USD", "grossProfit": "1737000000", "totalRevenue": "4970000000", "costOfRevenue": "3233000000", "costofGoodsAndServicesSold": "3233000000", "operatingIncome": "670000000", "sellingGeneralAndAdministrative": "993000000", "researchAndDevelopment": "312000000", "operatingExpenses": "1067000000", "investmentIncomeNet": "None", "netInterestIncome": "-38000000", "interestIncome": "32000000", "interestExpense": "70000000", "nonInterestIncome": "None", "otherNonOperatingIncome": "None", "depreciation": "None", "depreciationAndAmortization": "187000000", "incomeBeforeTax": "614000000", "incomeTaxExpense": "155000000", "interestAndDebtExpense": "None", "netIncomeFromContinuingOperations": "512000000", "comprehensiveIncomeNetOfTax": "None", "ebit": "684000000", "ebitda": "871000000", "netIncome": "509000000"}, {"fiscalDateEnding": "2023-09-30", "reportedCurrency": "USD", "grossProfit": "1838000000", "totalRevenue": "5132000000", "costOfRevenue": "3294000000", "costofGoodsAndServicesSold": "3294000000", "operatingIncome": "774000000", "sellingGeneralAndAdministrative": "1029000000", "researchAndDevelopment": "None", "operatingExpenses": "1029000000", "investmentIncomeNet": "None", "netInterestIncome": "-56000000", "interestIncome": "18000000", "interestExpense": "74000000", "nonInterestIncome": "None", "otherNonOperatingIncome": "None", "depreciation": "None", "depreciationAndAmortization": "189000000", "incomeBeforeTax": "-157000000", "incomeTaxExpense": "-157000000", "interestAndDebtExpense": "None", "netIncomeFromContinuingOperations": "591000000", "comprehensiveIncomeNetOfTax": "None", "ebit": "585000000", "ebitda": "774000000", "netIncome": "587000000"}, {"fiscalDateEnding": "2023-06-30", "reportedCurrency": "USD", "grossProfit": "1731000000", "totalRevenue": "5134000000", "costOfRevenue": "3403000000", "costofGoodsAndServicesSold": "3403000000", "operatingIncome": "738000000", "sellingGeneralAndAdministrative": "1015000000", "researchAndDevelopment": "None", "operatingExpenses": "960000000", "investmentIncomeNet": "None", "netInterestIncome": "-67000000", "interestIncome": "9000000", "interestExpense": "76000000", "nonInterestIncome": "None", "otherNonOperatingIncome": "-42000000", "depreciation": "None", "depreciationAndAmortization": "122085", "incomeBeforeTax": "4000000", "incomeTaxExpense": "-32000000", "interestAndDebtExpense": "None", "netIncomeFromContinuingOperations": "86000000", "comprehensiveIncomeNetOfTax": "None", "ebit": "926877915", "ebitda": "927000000", "netIncome": "36000000"}, {"fiscalDateEnding": "2023-03-31", "reportedCurrency": "USD", "grossProfit": "1726000000", "totalRevenue": "5195000000", "costOfRevenue": "3469000000", "costofGoodsAndServicesSold": "3469000000", "operatingIncome": "787000000", "sellingGeneralAndAdministrative": "924000000", "researchAndDevelopment": "None", "operatingExpenses": "939000000", "investmentIncomeNet": "None", "netInterestIncome": "-66000000", "interestIncome": "7000000", "interestExpense": "73000000", "nonInterestIncome": "None", "otherNonOperatingIncome": "-16000000", "depreciation": "None", "depreciationAndAmortization": "41584", "incomeBeforeTax": "705000000", "incomeTaxExpense": "173000000", "interestAndDebtExpense": "None", "netIncomeFromContinuingOperations": "671000000", "comprehensiveIncomeNetOfTax": "None", "ebit": "965958416", "ebitda": "966000000", "netIncome": "566000000"}, {"fiscalDateEnding": "2022-12-31", "reportedCurrency": "USD", "grossProfit": "1627000000", "totalRevenue": "4964000000", "costOfRevenue": "3337000000", "costofGoodsAndServicesSold": "3337000000", "operatingIncome": "712000000", "sellingGeneralAndAdministrative": "916000000", "researchAndDevelopment": "292000000", "operatingExpenses": "915000000", "investmentIncomeNet": "None", "netInterestIncome": "-69000000", "interestIncome": "69000000", "interestExpense": "76000000", "nonInterestIncome": "None", "otherNonOperatingIncome": "None", "depreciation": "None", "depreciationAndAmortization": "54880", "incomeBeforeTax": "619000000", "incomeTaxExpense": "139000000", "interestAndDebtExpense": "None", "netIncomeFromContinuingOperations": "515000000", "comprehensiveIncomeNetOfTax": "None", "ebit": "880945120", "ebitda": "881000000", "netIncome": "507000000"}, {"fiscalDateEnding": "2022-09-30", "reportedCurrency": "USD", "grossProfit": "1543000000", "totalRevenue": "5053000000", "costOfRevenue": "3510000000", "costofGoodsAndServicesSold": "3510000000", "operatingIncome": "655000000", "sellingGeneralAndAdministrative": "873000000", "researchAndDevelopment": "None", "operatingExpenses": "888000000", "investmentIncomeNet": "None", "netInterestIncome": "-69000000", "interestIncome": "4000000", "interestExpense": "73000000", "nonInterestIncome": "None", "otherNonOperatingIncome": "-18000000", "depreciation": "None", "depreciationAndAmortization": "27081", "incomeBeforeTax": "568000000", "incomeTaxExpense": "127000000", "interestAndDebtExpense": "None", "netIncomeFromContinuingOperations": "583000000", "comprehensiveIncomeNetOfTax": "None", "ebit": "828972919", "ebitda": "829000000", "netIncome": "467000000"}, {"fiscalDateEnding": "2022-06-30", "reportedCurrency": "USD", "grossProfit": "1529000000", "totalRevenue": "5063000000", "costOfRevenue": "3534000000", "costofGoodsAndServicesSold": "3534000000", "operatingIncome": "621000000", "sellingGeneralAndAdministrative": "906000000", "researchAndDevelopment": "None", "operatingExpenses": "908000000", "investmentIncomeNet": "None", "netInterestIncome": "-67000000", "interestIncome": "1000000", "interestExpense": "68000000", "nonInterestIncome": "None", "otherNonOperatingIncome": "-27000000", "depreciation": "None", "depreciationAndAmortization": "86065", "incomeBeforeTax": "527000000", "incomeTaxExpense": "115000000", "interestAndDebtExpense": "None", "netIncomeFromContinuingOperations": "441000000", "comprehensiveIncomeNetOfTax": "None", "ebit": "786913935", "ebitda": "787000000", "netIncome": "437000000"}, {"fiscalDateEnding": "2022-03-31", "reportedCurrency": "USD", "grossProfit": "1520000000", "totalRevenue": "5095000000", "costOfRevenue": "3575000000", "costofGoodsAndServicesSold": "3575000000", "operatingIncome": "693000000", "sellingGeneralAndAdministrative": "886000000", "researchAndDevelopment": "None", "operatingExpenses": "827000000", "investmentIncomeNet": "None", "netInterestIncome": "-63000000", "interestIncome": "2000000", "interestExpense": "65000000", "nonInterestIncome": "None", "otherNonOperatingIncome": "-4000000", "depreciation": "None", "depreciationAndAmortization": "60459", "incomeBeforeTax": "626000000", "incomeTaxExpense": "114000000", "interestAndDebtExpense": "None", "netIncomeFromContinuingOperations": "640000000", "comprehensiveIncomeNetOfTax": "None", "ebit": "878939541", "ebitda": "879000000", "netIncome": "523000000"}, {"fiscalDateEnding": "2021-12-31", "reportedCurrency": "USD", "grossProfit": "1436000000", "totalRevenue": "4965000000", "costOfRevenue": "3529000000", "costofGoodsAndServicesSold": "3529000000", "operatingIncome": "521000000", "sellingGeneralAndAdministrative": "911000000", "researchAndDevelopment": "269000000", "operatingExpenses": "915000000", "investmentIncomeNet": "None", "netInterestIncome": "-62000000", "interestIncome": "2000000", "interestExpense": "64000000", "nonInterestIncome": "None", "otherNonOperatingIncome": "None", "depreciation": "None", "depreciationAndAmortization": "71391", "incomeBeforeTax": "444000000", "incomeTaxExpense": "93000000", "interestAndDebtExpense": "None", "netIncomeFromContinuingOperations": "361000000", "comprehensiveIncomeNetOfTax": "None", "ebit": "701928609", "ebitda": "702000000", "netIncome": "357000000"}, {"fiscalDateEnding": "2021-09-30", "reportedCurrency": "USD", "grossProfit": "1483000000", "totalRevenue": "5010000000", "costOfRevenue": "3527000000", "costofGoodsAndServicesSold": "3527000000", "operatingIncome": "657000000", "sellingGeneralAndAdministrative": "819000000", "researchAndDevelopment": "None", "operatingExpenses": "826000000", "investmentIncomeNet": "None", "netInterestIncome": "-63000000", "interestIncome": "1000000", "interestExpense": "64000000", "nonInterestIncome": "None", "otherNonOperatingIncome": "-10000000", "depreciation": "None", "depreciationAndAmortization": "54000", "incomeBeforeTax": "584000000", "incomeTaxExpense": "126000000", "interestAndDebtExpense": "None", "netIncomeFromContinuingOperations": "479000000", "comprehensiveIncomeNetOfTax": "None", "ebit": "841946000", "ebitda": "842000000", "netIncome": "469000000"}, {"fiscalDateEnding": "2021-06-30", "reportedCurrency": "USD", "grossProfit": "1480000000", "totalRevenue": "4722000000", "costOfRevenue": "3242000000", "costofGoodsAndServicesSold": "3242000000", "operatingIncome": "613000000", "sellingGeneralAndAdministrative": "854000000", "researchAndDevelopment": "None", "operatingExpenses": "867000000", "investmentIncomeNet": "None", "netInterestIncome": "-63000000", "interestIncome": "2000000", "interestExpense": "65000000", "nonInterestIncome": "None", "otherNonOperatingIncome": "-55000000", "depreciation": "None", "depreciationAndAmortization": "55806", "incomeBeforeTax": "495000000", "incomeTaxExpense": "113000000", "interestAndDebtExpense": "None", "netIncomeFromContinuingOperations": "410000000", "comprehensiveIncomeNetOfTax": "None", "ebit": "748944194", "ebitda": "749000000", "netIncome": "404000000"}, {"fiscalDateEnding": "2021-03-31", "reportedCurrency": "USD", "grossProfit": "1589000000", "totalRevenue": "4743000000", "costOfRevenue": "3154000000", "costofGoodsAndServicesSold": "3154000000", "operatingIncome": "770000000", "sellingGeneralAndAdministrative": "815000000", "researchAndDevelopment": "None", "operatingExpenses": "819000000", "investmentIncomeNet": "None", "netInterestIncome": "-62000000", "interestIncome": "1000000", "interestExpense": "63000000", "nonInterestIncome": "None", "otherNonOperatingIncome": "-6000000", "depreciation": "None", "depreciationAndAmortization": "55213", "incomeBeforeTax": "702000000", "incomeTaxExpense": "147000000", "interestAndDebtExpense": "None", "netIncomeFromContinuingOperations": "680000000", "comprehensiveIncomeNetOfTax": "None", "ebit": "953944787", "ebitda": "954000000", "netIncome": "584000000"}, {"fiscalDateEnding": "2020-12-31", "reportedCurrency": "USD", "grossProfit": "1664000000", "totalRevenue": "4836000000", "costOfRevenue": "3172000000", "costofGoodsAndServicesSold": "3172000000", "operatingIncome": "749000000", "sellingGeneralAndAdministrative": "873000000", "researchAndDevelopment": "276000000", "operatingExpenses": "915000000", "investmentIncomeNet": "None", "netInterestIncome": "-62000000", "interestIncome": "2000000", "interestExpense": "64000000", "nonInterestIncome": "None", "otherNonOperatingIncome": "None", "depreciation": "None", "depreciationAndAmortization": "55131", "incomeBeforeTax": "674000000", "incomeTaxExpense": "166000000", "interestAndDebtExpense": "None", "netIncomeFromContinuingOperations": "546000000", "comprehensiveIncomeNetOfTax": "None", "ebit": "927944869", "ebitda": "928000000", "netIncome": "539000000"}, {"fiscalDateEnding": "2020-09-30", "reportedCurrency": "USD", "grossProfit": "1590000000", "totalRevenue": "4683000000", "costOfRevenue": "3093000000", "costofGoodsAndServicesSold": "3093000000", "operatingIncome": "666000000", "sellingGeneralAndAdministrative": "919000000", "researchAndDevelopment": "None", "operatingExpenses": "924000000", "investmentIncomeNet": "None", "netInterestIncome": "-60000000", "interestIncome": "60000000", "interestExpense": "62000000", "nonInterestIncome": "None", "otherNonOperatingIncome": "-40000000", "depreciation": "None", "depreciationAndAmortization": "52750", "incomeBeforeTax": "566000000", "incomeTaxExpense": "114000000", "interestAndDebtExpense": "None", "netIncomeFromContinuingOperations": "574000000", "comprehensiveIncomeNetOfTax": "None", "ebit": "819947250", "ebitda": "820000000", "netIncome": "472000000"}, {"fiscalDateEnding": "2020-06-30", "reportedCurrency": "USD", "grossProfit": "1777000000", "totalRevenue": "4612000000", "costOfRevenue": "2835000000", "costofGoodsAndServicesSold": "2835000000", "operatingIncome": "925000000", "sellingGeneralAndAdministrative": "844000000", "researchAndDevelopment": "None", "operatingExpenses": "852000000", "investmentIncomeNet": "None", "netInterestIncome": "-63000000", "interestIncome": "2000000", "interestExpense": "65000000", "nonInterestIncome": "None", "otherNonOperatingIncome": "-6000000", "depreciation": "None", "depreciationAndAmortization": "51116", "incomeBeforeTax": "856000000", "incomeTaxExpense": "199000000", "interestAndDebtExpense": "None", "netIncomeFromContinuingOperations": "785000000", "comprehensiveIncomeNetOfTax": "None", "ebit": "1121948884", "ebitda": "1122000000", "netIncome": "681000000"}, {"fiscalDateEnding": "2020-03-31", "reportedCurrency": "USD", "grossProfit": "1791000000", "totalRevenue": "5009000000", "costOfRevenue": "3218000000", "costofGoodsAndServicesSold": "3218000000", "operatingIncome": "904000000", "sellingGeneralAndAdministrative": "873000000", "researchAndDevelopment": "None", "operatingExpenses": "887000000", "investmentIncomeNet": "None", "netInterestIncome": "-59000000", "interestIncome": "2000000", "interestExpense": "61000000", "nonInterestIncome": "None", "otherNonOperatingIncome": "29000000", "depreciation": "None", "depreciationAndAmortization": "47300", "incomeBeforeTax": "834000000", "incomeTaxExpense": "197000000", "interestAndDebtExpense": "None", "netIncomeFromContinuingOperations": "675000000", "comprehensiveIncomeNetOfTax": "None", "ebit": "1107952700", "ebitda": "1108000000", "netIncome": "660000000"}, {"fiscalDateEnding": "2019-12-31", "reportedCurrency": "USD", "grossProfit": "1566000000", "totalRevenue": "4583000000", "costOfRevenue": "3017000000", "costofGoodsAndServicesSold": "3017000000", "operatingIncome": "751000000", "sellingGeneralAndAdministrative": "859000000", "researchAndDevelopment": "284000000", "operatingExpenses": "815000000", "investmentIncomeNet": "None", "netInterestIncome": "-60000000", "interestIncome": "3000000", "interestExpense": "63000000", "nonInterestIncome": "None", "otherNonOperatingIncome": "-23000000", "depreciation": "None", "depreciationAndAmortization": "46467", "incomeBeforeTax": "633000000", "incomeTaxExpense": "109000000", "interestAndDebtExpense": "None", "netIncomeFromContinuingOperations": "556000000", "comprehensiveIncomeNetOfTax": "None", "ebit": "912953533", "ebitda": "913000000", "netIncome": "547000000"}, {"fiscalDateEnding": "2019-09-30", "reportedCurrency": "USD", "grossProfit": "1555000000", "totalRevenue": "4640000000", "costOfRevenue": "3085000000", "costofGoodsAndServicesSold": "3085000000", "operatingIncome": "915000000", "sellingGeneralAndAdministrative": "815000000", "researchAndDevelopment": "None", "operatingExpenses": "640000000", "investmentIncomeNet": "None", "netInterestIncome": "-63000000", "interestIncome": "3000000", "interestExpense": "66000000", "nonInterestIncome": "None", "otherNonOperatingIncome": "23000000", "depreciation": "None", "depreciationAndAmortization": "44646", "incomeBeforeTax": "841000000", "incomeTaxExpense": "192000000", "interestAndDebtExpense": "None", "netIncomeFromContinuingOperations": "680000000", "comprehensiveIncomeNetOfTax": "None", "ebit": "1136955354", "ebitda": "1137000000", "netIncome": "671000000"}, {"fiscalDateEnding": "2019-06-30", "reportedCurrency": "USD", "grossProfit": "1486000000", "totalRevenue": "4594000000", "costOfRevenue": "3108000000", "costofGoodsAndServicesSold": "3108000000", "operatingIncome": "670000000", "sellingGeneralAndAdministrative": "811000000", "researchAndDevelopment": "None", "operatingExpenses": "816000000", "investmentIncomeNet": "None", "netInterestIncome": "-65000000", "interestIncome": "2000000", "interestExpense": "67000000", "nonInterestIncome": "None", "otherNonOperatingIncome": "24000000", "depreciation": "None", "depreciationAndAmortization": "40963", "incomeBeforeTax": "594000000", "incomeTaxExpense": "132000000", "interestAndDebtExpense": "None", "netIncomeFromContinuingOperations": "495000000", "comprehensiveIncomeNetOfTax": "None", "ebit": "896959037", "ebitda": "897000000", "netIncome": "485000000"}, {"fiscalDateEnding": "2019-03-31", "reportedCurrency": "USD", "grossProfit": "1428000000", "totalRevenue": "4633000000", "costOfRevenue": "3205000000", "costofGoodsAndServicesSold": "3205000000", "operatingIncome": "655000000", "sellingGeneralAndAdministrative": "769000000", "researchAndDevelopment": "None", "operatingExpenses": "773000000", "investmentIncomeNet": "None", "netInterestIncome": "-62000000", "interestIncome": "3000000", "interestExpense": "65000000", "nonInterestIncome": "None", "otherNonOperatingIncome": "19000000", "depreciation": "None", "depreciationAndAmortization": "40374", "incomeBeforeTax": "582000000", "incomeTaxExpense": "143000000", "interestAndDebtExpense": "None", "netIncomeFromContinuingOperations": "466000000", "comprehensiveIncomeNetOfTax": "None", "ebit": "880959626", "ebitda": "881000000", "netIncome": "454000000"}, {"fiscalDateEnding": "2018-12-31", "reportedCurrency": "USD", "grossProfit": "1402000000", "totalRevenue": "4569000000", "costOfRevenue": "3167000000", "costofGoodsAndServicesSold": "3167000000", "operatingIncome": "639000000", "sellingGeneralAndAdministrative": "768000000", "researchAndDevelopment": "317000000", "operatingExpenses": "763000000", "investmentIncomeNet": "None", "netInterestIncome": "None", "interestIncome": "None", "interestExpense": "65000000", "nonInterestIncome": "None", "otherNonOperatingIncome": "-62000000", "depreciation": "None", "depreciationAndAmortization": "230000000", "incomeBeforeTax": "489000000", "incomeTaxExpense": "91000000", "interestAndDebtExpense": "None", "netIncomeFromContinuingOperations": "421000000", "comprehensiveIncomeNetOfTax": "None", "ebit": "554000000", "ebitda": "784000000", "netIncome": "411000000"}, {"fiscalDateEnding": "2018-09-30", "reportedCurrency": "USD", "grossProfit": "1416000000", "totalRevenue": "4582000000", "costOfRevenue": "3166000000", "costofGoodsAndServicesSold": "3166000000", "operatingIncome": "669000000", "sellingGeneralAndAdministrative": "749000000", "researchAndDevelopment": "0", "operatingExpenses": "747000000", "investmentIncomeNet": "None", "netInterestIncome": "None", "interestIncome": "None", "interestExpense": "64000000", "nonInterestIncome": "None", "otherNonOperatingIncome": "-5000000", "depreciation": "None", "depreciationAndAmortization": "217000000", "incomeBeforeTax": "577000000", "incomeTaxExpense": "138000000", "interestAndDebtExpense": "None", "netIncomeFromContinuingOperations": "462000000", "comprehensiveIncomeNetOfTax": "None", "ebit": "641000000", "ebitda": "858000000", "netIncome": "451000000"}, {"fiscalDateEnding": "2018-06-30", "reportedCurrency": "USD", "grossProfit": "1455000000", "totalRevenue": "4604000000", "costOfRevenue": "3149000000", "costofGoodsAndServicesSold": "3149000000", "operatingIncome": "674000000", "sellingGeneralAndAdministrative": "771000000", "researchAndDevelopment": "0", "operatingExpenses": "781000000", "investmentIncomeNet": "None", "netInterestIncome": "None", "interestIncome": "None", "interestExpense": "68000000", "nonInterestIncome": "None", "otherNonOperatingIncome": "-3000000", "depreciation": "None", "depreciationAndAmortization": "224000000", "incomeBeforeTax": "573000000", "incomeTaxExpense": "138000000", "interestAndDebtExpense": "None", "netIncomeFromContinuingOperations": "465000000", "comprehensiveIncomeNetOfTax": "None", "ebit": "641000000", "ebitda": "865000000", "netIncome": "455000000"}, {"fiscalDateEnding": "2018-03-31", "reportedCurrency": "USD", "grossProfit": "1324000000", "totalRevenue": "4731000000", "costOfRevenue": "3407000000", "costofGoodsAndServicesSold": "3407000000", "operatingIncome": "247000000", "sellingGeneralAndAdministrative": "1079000000", "researchAndDevelopment": "0", "operatingExpenses": "1077000000", "investmentIncomeNet": "None", "netInterestIncome": "None", "interestIncome": "None", "interestExpense": "66000000", "nonInterestIncome": "None", "otherNonOperatingIncome": "20000000", "depreciation": "None", "depreciationAndAmortization": "211000000", "incomeBeforeTax": "174000000", "incomeTaxExpense": "104000000", "interestAndDebtExpense": "None", "netIncomeFromContinuingOperations": "97000000", "comprehensiveIncomeNetOfTax": "None", "ebit": "240000000", "ebitda": "451000000", "netIncome": "93000000"}, {"fiscalDateEnding": "2017-12-31", "reportedCurrency": "USD", "grossProfit": "1598000000", "totalRevenue": "4582000000", "costOfRevenue": "2984000000", "costofGoodsAndServicesSold": "2984000000", "operatingIncome": "812000000", "sellingGeneralAndAdministrative": "759000000", "researchAndDevelopment": "309000000", "operatingExpenses": "786000000", "investmentIncomeNet": "None", "netInterestIncome": "None", "interestIncome": "None", "interestExpense": "72000000", "nonInterestIncome": "None", "otherNonOperatingIncome": "28000000", "depreciation": "None", "depreciationAndAmortization": "184000000", "incomeBeforeTax": "743000000", "incomeTaxExpense": "143000000", "interestAndDebtExpense": "None", "netIncomeFromContinuingOperations": "600000000", "comprehensiveIncomeNetOfTax": "None", "ebit": "815000000", "ebitda": "999000000", "netIncome": "617000000"}, {"fiscalDateEnding": "2017-09-30", "reportedCurrency": "USD", "grossProfit": "1659000000", "totalRevenue": "4640000000", "costOfRevenue": "2981000000", "costofGoodsAndServicesSold": "2981000000", "operatingIncome": "854000000", "sellingGeneralAndAdministrative": "813000000", "researchAndDevelopment": "0", "operatingExpenses": "805000000", "investmentIncomeNet": "None", "netInterestIncome": "None", "interestIncome": "None", "interestExpense": "78000000", "nonInterestIncome": "None", "otherNonOperatingIncome": "27000000", "depreciation": "None", "depreciationAndAmortization": "182000000", "incomeBeforeTax": "779000000", "incomeTaxExpense": "224000000", "interestAndDebtExpense": "None", "netIncomeFromContinuingOperations": "555000000", "comprehensiveIncomeNetOfTax": "None", "ebit": "857000000", "ebitda": "1039000000", "netIncome": "567000000"}, {"fiscalDateEnding": "2017-06-30", "reportedCurrency": "USD", "grossProfit": "1644000000", "totalRevenue": "4554000000", "costOfRevenue": "2910000000", "costofGoodsAndServicesSold": "2910000000", "operatingIncome": "799000000", "sellingGeneralAndAdministrative": "842000000", "researchAndDevelopment": "0", "operatingExpenses": "845000000", "investmentIncomeNet": "None", "netInterestIncome": "None", "interestIncome": "None", "interestExpense": "85000000", "nonInterestIncome": "None", "otherNonOperatingIncome": "28000000", "depreciation": "None", "depreciationAndAmortization": "180000000", "incomeBeforeTax": "716000000", "incomeTaxExpense": "202000000", "interestAndDebtExpense": "None", "netIncomeFromContinuingOperations": "514000000", "comprehensiveIncomeNetOfTax": "None", "ebit": "801000000", "ebitda": "981000000", "netIncome": "531000000"}, {"fiscalDateEnding": "2017-03-31", "reportedCurrency": "USD", "grossProfit": "1652000000", "totalRevenue": "4483000000", "costOfRevenue": "2831000000", "costofGoodsAndServicesSold": "2831000000", "operatingIncome": "834000000", "sellingGeneralAndAdministrative": "813000000", "researchAndDevelopment": "0", "operatingExpenses": "818000000", "investmentIncomeNet": "None", "netInterestIncome": "None", "interestIncome": "None", "interestExpense": "83000000", "nonInterestIncome": "None", "otherNonOperatingIncome": "31000000", "depreciation": "None", "depreciationAndAmortization": "178000000", "incomeBeforeTax": "753000000", "incomeTaxExpense": "207000000", "interestAndDebtExpense": "None", "netIncomeFromContinuingOperations": "546000000", "comprehensiveIncomeNetOfTax": "None", "ebit": "836000000", "ebitda": "1014000000", "netIncome": "563000000"}, {"fiscalDateEnding": "2016-12-31", "reportedCurrency": "USD", "grossProfit": "1678000000", "totalRevenue": "4544000000", "costOfRevenue": "2866000000", "costofGoodsAndServicesSold": "2866000000", "operatingIncome": "839000000", "sellingGeneralAndAdministrative": "821000000", "researchAndDevelopment": "328000000", "operatingExpenses": "839000000", "investmentIncomeNet": "None", "netInterestIncome": "None", "interestIncome": "None", "interestExpense": "81000000", "nonInterestIncome": "None", "otherNonOperatingIncome": "31000000", "depreciation": "None", "depreciationAndAmortization": "177000000", "incomeBeforeTax": "760000000", "incomeTaxExpense": "271000000", "interestAndDebtExpense": "None", "netIncomeFromContinuingOperations": "621000000", "comprehensiveIncomeNetOfTax": "None", "ebit": "841000000", "ebitda": "1018000000", "netIncome": "505000000"}, {"fiscalDateEnding": "2016-09-30", "reportedCurrency": "USD", "grossProfit": "1670000000", "totalRevenue": "4594000000", "costOfRevenue": "2924000000", "costofGoodsAndServicesSold": "2924000000", "operatingIncome": "836000000", "sellingGeneralAndAdministrative": "833000000", "researchAndDevelopment": "0", "operatingExpenses": "834000000", "investmentIncomeNet": "None", "netInterestIncome": "None", "interestIncome": "None", "interestExpense": "81000000", "nonInterestIncome": "None", "otherNonOperatingIncome": "35000000", "depreciation": "None", "depreciationAndAmortization": "179000000", "incomeBeforeTax": "757000000", "incomeTaxExpense": "227000000", "interestAndDebtExpense": "None", "netIncomeFromContinuingOperations": "530000000", "comprehensiveIncomeNetOfTax": "None", "ebit": "838000000", "ebitda": "1017000000", "netIncome": "550000000"}, {"fiscalDateEnding": "2016-06-30", "reportedCurrency": "USD", "grossProfit": "1664000000", "totalRevenue": "4588000000", "costOfRevenue": "2924000000", "costofGoodsAndServicesSold": "2924000000", "operatingIncome": "838000000", "sellingGeneralAndAdministrative": "847000000", "researchAndDevelopment": "0", "operatingExpenses": "826000000", "investmentIncomeNet": "None", "netInterestIncome": "None", "interestIncome": "None", "interestExpense": "81000000", "nonInterestIncome": "None", "otherNonOperatingIncome": "38000000", "depreciation": "None", "depreciationAndAmortization": "177000000", "incomeBeforeTax": "760000000", "incomeTaxExpense": "217000000", "interestAndDebtExpense": "None", "netIncomeFromContinuingOperations": "543000000", "comprehensiveIncomeNetOfTax": "None", "ebit": "841000000", "ebitda": "1018000000", "netIncome": "566000000"}, {"fiscalDateEnding": "2016-03-31", "reportedCurrency": "USD", "grossProfit": "1639000000", "totalRevenue": "4476000000", "costOfRevenue": "2837000000", "costofGoodsAndServicesSold": "2837000000", "operatingIncome": "804000000", "sellingGeneralAndAdministrative": "825000000", "researchAndDevelopment": "0", "operatingExpenses": "835000000", "investmentIncomeNet": "None", "netInterestIncome": "None", "interestIncome": "None", "interestExpense": "76000000", "nonInterestIncome": "None", "otherNonOperatingIncome": "39000000", "depreciation": "None", "depreciationAndAmortization": "172000000", "incomeBeforeTax": "732000000", "incomeTaxExpense": "207000000", "interestAndDebtExpense": "None", "netIncomeFromContinuingOperations": "525000000", "comprehensiveIncomeNetOfTax": "None", "ebit": "808000000", "ebitda": "980000000", "netIncome": "545000000"}, {"fiscalDateEnding": "2015-12-31", "reportedCurrency": "USD", "grossProfit": "1626000000", "totalRevenue": "4539000000", "costOfRevenue": "2913000000", "costofGoodsAndServicesSold": "2913000000", "operatingIncome": "630000000", "sellingGeneralAndAdministrative": "857000000", "researchAndDevelopment": "324000000", "operatingExpenses": "996000000", "investmentIncomeNet": "None", "netInterestIncome": "None", "interestIncome": "None", "interestExpense": "76000000", "nonInterestIncome": "None", "otherNonOperatingIncome": "None", "depreciation": "None", "depreciationAndAmortization": "181000000", "incomeBeforeTax": "559000000", "incomeTaxExpense": "252000000", "interestAndDebtExpense": "None", "netIncomeFromContinuingOperations": "1066000000", "comprehensiveIncomeNetOfTax": "None", "ebit": "635000000", "ebitda": "816000000", "netIncome": "333000000"}, {"fiscalDateEnding": "2015-09-30", "reportedCurrency": "USD", "grossProfit": "1682000000", "totalRevenue": "4718000000", "costOfRevenue": "3036000000", "costofGoodsAndServicesSold": "3036000000", "operatingIncome": "779000000", "sellingGeneralAndAdministrative": "868000000", "researchAndDevelopment": "0", "operatingExpenses": "903000000", "investmentIncomeNet": "None", "netInterestIncome": "None", "interestIncome": "None", "interestExpense": "74000000", "nonInterestIncome": "None", "otherNonOperatingIncome": "41000000", "depreciation": "None", "depreciationAndAmortization": "182000000", "incomeBeforeTax": "709000000", "incomeTaxExpense": "217000000", "interestAndDebtExpense": "None", "netIncomeFromContinuingOperations": "529000000", "comprehensiveIncomeNetOfTax": "None", "ebit": "783000000", "ebitda": "965000000", "netIncome": "517000000"}, {"fiscalDateEnding": "2015-06-30", "reportedCurrency": "USD", "grossProfit": "1657000000", "totalRevenue": "4643000000", "costOfRevenue": "2986000000", "costofGoodsAndServicesSold": "2986000000", "operatingIncome": "-544000000", "sellingGeneralAndAdministrative": "869000000", "researchAndDevelopment": "0", "operatingExpenses": "2201000000", "investmentIncomeNet": "None", "netInterestIncome": "None", "interestIncome": "None", "interestExpense": "73000000", "nonInterestIncome": "None", "otherNonOperatingIncome": "43000000", "depreciation": "None", "depreciationAndAmortization": "189000000", "incomeBeforeTax": "-613000000", "incomeTaxExpense": "-281000000", "interestAndDebtExpense": "None", "netIncomeFromContinuingOperations": "-293000000", "comprehensiveIncomeNetOfTax": "None", "ebit": "-540000000", "ebitda": "-351000000", "netIncome": "-305000000"}, {"fiscalDateEnding": "2015-03-31", "reportedCurrency": "USD", "grossProfit": "1659000000", "totalRevenue": "4691000000", "costOfRevenue": "3032000000", "costofGoodsAndServicesSold": "3032000000", "operatingIncome": "748000000", "sellingGeneralAndAdministrative": "849000000", "researchAndDevelopment": "0", "operatingExpenses": "911000000", "investmentIncomeNet": "None", "netInterestIncome": "None", "interestIncome": "None", "interestExpense": "72000000", "nonInterestIncome": "None", "otherNonOperatingIncome": "None", "depreciation": "None", "depreciationAndAmortization": "194000000", "incomeBeforeTax": "680000000", "incomeTaxExpense": "230000000", "interestAndDebtExpense": "None", "netIncomeFromContinuingOperations": "0", "comprehensiveIncomeNetOfTax": "None", "ebit": "752000000", "ebitda": "946000000", "netIncome": "468000000"}, {"fiscalDateEnding": "2014-12-31", "reportedCurrency": "USD", "grossProfit": "1553000000", "totalRevenue": "4828000000", "costOfRevenue": "3275000000", "costofGoodsAndServicesSold": "3275000000", "operatingIncome": "158000000", "sellingGeneralAndAdministrative": "695000000", "researchAndDevelopment": "368000000", "operatingExpenses": "1395000000", "investmentIncomeNet": "None", "netInterestIncome": "None", "interestIncome": "None", "interestExpense": "69000000", "nonInterestIncome": "None", "otherNonOperatingIncome": "37000000", "depreciation": "None", "depreciationAndAmortization": "207000000", "incomeBeforeTax": "94000000", "incomeTaxExpense": "175000000", "interestAndDebtExpense": "None", "netIncomeFromContinuingOperations": "1000000", "comprehensiveIncomeNetOfTax": "None", "ebit": "163000000", "ebitda": "370000000", "netIncome": "-83000000"}, {"fiscalDateEnding": "2014-09-30", "reportedCurrency": "USD", "grossProfit": "1901000000", "totalRevenue": "5442000000", "costOfRevenue": "3541000000", "costofGoodsAndServicesSold": "3541000000", "operatingIncome": "907000000", "sellingGeneralAndAdministrative": "1011000000", "researchAndDevelopment": "0", "operatingExpenses": "994000000", "investmentIncomeNet": "None", "netInterestIncome": "None", "interestIncome": "None", "interestExpense": "71000000", "nonInterestIncome": "None", "otherNonOperatingIncome": "36000000", "depreciation": "None", "depreciationAndAmortization": "220000000", "incomeBeforeTax": "841000000", "incomeTaxExpense": "290000000", "interestAndDebtExpense": "None", "netIncomeFromContinuingOperations": "551000000", "comprehensiveIncomeNetOfTax": "None", "ebit": "912000000", "ebitda": "1132000000", "netIncome": "562000000"}, {"fiscalDateEnding": "2014-06-30", "reportedCurrency": "USD", "grossProfit": "1809000000", "totalRevenue": "5343000000", "costOfRevenue": "3534000000", "costofGoodsAndServicesSold": "3534000000", "operatingIncome": "790000000", "sellingGeneralAndAdministrative": "1032000000", "researchAndDevelopment": "0", "operatingExpenses": "1019000000", "investmentIncomeNet": "None", "netInterestIncome": "None", "interestIncome": "None", "interestExpense": "72000000", "nonInterestIncome": "None", "otherNonOperatingIncome": "45000000", "depreciation": "None", "depreciationAndAmortization": "217000000", "incomeBeforeTax": "723000000", "incomeTaxExpense": "233000000", "interestAndDebtExpense": "None", "netIncomeFromContinuingOperations": "490000000", "comprehensiveIncomeNetOfTax": "None", "ebit": "795000000", "ebitda": "1012000000", "netIncome": "509000000"}, {"fiscalDateEnding": "2014-03-31", "reportedCurrency": "USD", "grossProfit": "1825000000", "totalRevenue": "5278000000", "costOfRevenue": "3453000000", "costofGoodsAndServicesSold": "3453000000", "operatingIncome": "797000000", "sellingGeneralAndAdministrative": "971000000", "researchAndDevelopment": "0", "operatingExpenses": "1028000000", "investmentIncomeNet": "None", "netInterestIncome": "None", "interestIncome": "None", "interestExpense": "71000000", "nonInterestIncome": "None", "otherNonOperatingIncome": "46000000", "depreciation": "None", "depreciationAndAmortization": "218000000", "incomeBeforeTax": "729000000", "incomeTaxExpense": "226000000", "interestAndDebtExpense": "None", "netIncomeFromContinuingOperations": "503000000", "comprehensiveIncomeNetOfTax": "None", "ebit": "800000000", "ebitda": "1018000000", "netIncome": "538000000"}, {"fiscalDateEnding": "2013-12-31", "reportedCurrency": "USD", "grossProfit": "1813000000", "totalRevenue": "5305000000", "costOfRevenue": "3492000000", "costofGoodsAndServicesSold": "3492000000", "operatingIncome": "822000000", "sellingGeneralAndAdministrative": "999000000", "researchAndDevelopment": "360000000", "operatingExpenses": "991000000", "investmentIncomeNet": "None", "netInterestIncome": "None", "interestIncome": "None", "interestExpense": "72000000", "nonInterestIncome": "None", "otherNonOperatingIncome": "52000000", "depreciation": "None", "depreciationAndAmortization": "222000000", "incomeBeforeTax": "754000000", "incomeTaxExpense": "244000000", "interestAndDebtExpense": "None", "netIncomeFromContinuingOperations": "510000000", "comprehensiveIncomeNetOfTax": "None", "ebit": "826000000", "ebitda": "1048000000", "netIncome": "539000000"}, {"fiscalDateEnding": "2013-09-30", "reportedCurrency": "USD", "grossProfit": "1805000000", "totalRevenue": "5262000000", "costOfRevenue": "3457000000", "costofGoodsAndServicesSold": "3457000000", "operatingIncome": "807000000", "sellingGeneralAndAdministrative": "990000000", "researchAndDevelopment": "0", "operatingExpenses": "998000000", "investmentIncomeNet": "None", "netInterestIncome": "None", "interestIncome": "None", "interestExpense": "73000000", "nonInterestIncome": "None", "otherNonOperatingIncome": "55000000", "depreciation": "None", "depreciationAndAmortization": "208000000", "incomeBeforeTax": "740000000", "incomeTaxExpense": "224000000", "interestAndDebtExpense": "None", "netIncomeFromContinuingOperations": "516000000", "comprehensiveIncomeNetOfTax": "None", "ebit": "813000000", "ebitda": "1021000000", "netIncome": "546000000"}, {"fiscalDateEnding": "2013-06-30", "reportedCurrency": "USD", "grossProfit": "1800000000", "totalRevenue": "5267000000", "costOfRevenue": "3467000000", "costofGoodsAndServicesSold": "3467000000", "operatingIncome": "796000000", "sellingGeneralAndAdministrative": "1012000000", "researchAndDevelopment": "0", "operatingExpenses": "1004000000", "investmentIncomeNet": "None", "netInterestIncome": "None", "interestIncome": "None", "interestExpense": "71000000", "nonInterestIncome": "None", "otherNonOperatingIncome": "60000000", "depreciation": "None", "depreciationAndAmortization": "212000000", "incomeBeforeTax": "730000000", "incomeTaxExpense": "238000000", "interestAndDebtExpense": "None", "netIncomeFromContinuingOperations": "492000000", "comprehensiveIncomeNetOfTax": "None", "ebit": "801000000", "ebitda": "1013000000", "netIncome": "526000000"}, {"fiscalDateEnding": "2013-03-31", "reportedCurrency": "USD", "grossProfit": "1822000000", "totalRevenue": "5318000000", "costOfRevenue": "3496000000", "costofGoodsAndServicesSold": "3496000000", "operatingIncome": "783000000", "sellingGeneralAndAdministrative": "1027000000", "researchAndDevelopment": "None", "operatingExpenses": "1039000000", "investmentIncomeNet": "None", "netInterestIncome": "None", "interestIncome": "None", "interestExpense": "67000000", "nonInterestIncome": "None", "otherNonOperatingIncome": "58000000", "depreciation": "None", "depreciationAndAmortization": "221000000", "incomeBeforeTax": "721000000", "incomeTaxExpense": "223000000", "interestAndDebtExpense": "None", "netIncomeFromContinuingOperations": "498000000", "comprehensiveIncomeNetOfTax": "None", "ebit": "788000000", "ebitda": "1009000000", "netIncome": "531000000"}, {"fiscalDateEnding": "2012-12-31", "reportedCurrency": "USD", "grossProfit": "1524000000", "totalRevenue": "5307000000", "costOfRevenue": "3783000000", "costofGoodsAndServicesSold": "3783000000", "operatingIncome": "449000000", "sellingGeneralAndAdministrative": "1066000000", "researchAndDevelopment": "356000000", "operatingExpenses": "1075000000", "investmentIncomeNet": "None", "netInterestIncome": "None", "interestIncome": "None", "interestExpense": "72000000", "nonInterestIncome": "None", "otherNonOperatingIncome": "None", "depreciation": "None", "depreciationAndAmortization": "215000000", "incomeBeforeTax": "382000000", "incomeTaxExpense": "147000000", "interestAndDebtExpense": "None", "netIncomeFromContinuingOperations": "0", "comprehensiveIncomeNetOfTax": "None", "ebit": "454000000", "ebitda": "669000000", "netIncome": "267000000"}, {"fiscalDateEnding": "2012-09-30", "reportedCurrency": "USD", "grossProfit": "1766000000", "totalRevenue": "5246000000", "costOfRevenue": "3480000000", "costofGoodsAndServicesSold": "3480000000", "operatingIncome": "783000000", "sellingGeneralAndAdministrative": "988000000", "researchAndDevelopment": "0", "operatingExpenses": "983000000", "investmentIncomeNet": "None", "netInterestIncome": "None", "interestIncome": "None", "interestExpense": "70000000", "nonInterestIncome": "None", "otherNonOperatingIncome": "None", "depreciation": "None", "depreciationAndAmortization": "210000000", "incomeBeforeTax": "717000000", "incomeTaxExpense": "223000000", "interestAndDebtExpense": "None", "netIncomeFromContinuingOperations": "0", "comprehensiveIncomeNetOfTax": "None", "ebit": "787000000", "ebitda": "997000000", "netIncome": "517000000"}, {"fiscalDateEnding": "2012-06-30", "reportedCurrency": "USD", "grossProfit": "1755000000", "totalRevenue": "5269000000", "costOfRevenue": "3514000000", "costofGoodsAndServicesSold": "3514000000", "operatingIncome": "754000000", "sellingGeneralAndAdministrative": "1019000000", "researchAndDevelopment": "0", "operatingExpenses": "1001000000", "investmentIncomeNet": "None", "netInterestIncome": "None", "interestIncome": "None", "interestExpense": "71000000", "nonInterestIncome": "None", "otherNonOperatingIncome": "None", "depreciation": "None", "depreciationAndAmortization": "214000000", "incomeBeforeTax": "688000000", "incomeTaxExpense": "213000000", "interestAndDebtExpense": "None", "netIncomeFromContinuingOperations": "0", "comprehensiveIncomeNetOfTax": "None", "ebit": "545000000", "ebitda": "759000000", "netIncome": "498000000"}, {"fiscalDateEnding": "2012-03-31", "reportedCurrency": "USD", "grossProfit": "1704000000", "totalRevenue": "5241000000", "costOfRevenue": "3537000000", "costofGoodsAndServicesSold": "3537000000", "operatingIncome": "700000000", "sellingGeneralAndAdministrative": "996000000", "researchAndDevelopment": "0", "operatingExpenses": "1004000000", "investmentIncomeNet": "None", "netInterestIncome": "None", "interestIncome": "None", "interestExpense": "71000000", "nonInterestIncome": "None", "otherNonOperatingIncome": "None", "depreciation": "None", "depreciationAndAmortization": "218000000", "incomeBeforeTax": "633000000", "incomeTaxExpense": "185000000", "interestAndDebtExpense": "None", "netIncomeFromContinuingOperations": "0", "comprehensiveIncomeNetOfTax": "None", "ebit": "486000000", "ebitda": "704000000", "netIncome": "468000000"}, {"fiscalDateEnding": "2011-12-31", "reportedCurrency": "USD", "grossProfit": "1544000000", "totalRevenue": "5176000000", "costOfRevenue": "3632000000", "costofGoodsAndServicesSold": "3632000000", "operatingIncome": "611000000", "sellingGeneralAndAdministrative": "957000000", "researchAndDevelopment": "316000000", "operatingExpenses": "933000000", "investmentIncomeNet": "None", "netInterestIncome": "None", "interestIncome": "None", "interestExpense": "72000000", "nonInterestIncome": "None", "otherNonOperatingIncome": "None", "depreciation": "None", "depreciationAndAmortization": "270000000", "incomeBeforeTax": "544000000", "incomeTaxExpense": "161000000", "interestAndDebtExpense": "None", "netIncomeFromContinuingOperations": "0", "comprehensiveIncomeNetOfTax": "None", "ebit": "616000000", "ebitda": "886000000", "netIncome": "401000000"}, {"fiscalDateEnding": "2011-09-30", "reportedCurrency": "USD", "grossProfit": "1588000000", "totalRevenue": "5382000000", "costOfRevenue": "3794000000", "costofGoodsAndServicesSold": "3794000000", "operatingIncome": "662000000", "sellingGeneralAndAdministrative": "943000000", "researchAndDevelopment": "0", "operatingExpenses": "926000000", "investmentIncomeNet": "None", "netInterestIncome": "None", "interestIncome": "None", "interestExpense": "70000000", "nonInterestIncome": "None", "otherNonOperatingIncome": "40000000", "depreciation": "None", "depreciationAndAmortization": "291000000", "incomeBeforeTax": "597000000", "incomeTaxExpense": "174000000", "interestAndDebtExpense": "None", "netIncomeFromContinuingOperations": "423000000", "comprehensiveIncomeNetOfTax": "None", "ebit": "376000000", "ebitda": "667000000", "netIncome": "432000000"}, {"fiscalDateEnding": "2011-06-30", "reportedCurrency": "USD", "grossProfit": "1557000000", "totalRevenue": "5259000000", "costOfRevenue": "3702000000", "costofGoodsAndServicesSold": "3702000000", "operatingIncome": "625000000", "sellingGeneralAndAdministrative": "940000000", "researchAndDevelopment": "0", "operatingExpenses": "932000000", "investmentIncomeNet": "None", "netInterestIncome": "None", "interestIncome": "None", "interestExpense": "71000000", "nonInterestIncome": "None", "otherNonOperatingIncome": "51000000", "depreciation": "None", "depreciationAndAmortization": "287000000", "incomeBeforeTax": "558000000", "incomeTaxExpense": "173000000", "interestAndDebtExpense": "None", "netIncomeFromContinuingOperations": "385000000", "comprehensiveIncomeNetOfTax": "None", "ebit": "342000000", "ebitda": "629000000", "netIncome": "408000000"}, {"fiscalDateEnding": "2011-03-31", "reportedCurrency": "USD", "grossProfit": "1463000000", "totalRevenue": "5029000000", "costOfRevenue": "3566000000", "costofGoodsAndServicesSold": "3566000000", "operatingIncome": "544000000", "sellingGeneralAndAdministrative": "921000000", "researchAndDevelopment": "0", "operatingExpenses": "919000000", "investmentIncomeNet": "None", "netInterestIncome": "None", "interestIncome": "None", "interestExpense": "64000000", "nonInterestIncome": "None", "otherNonOperatingIncome": "44000000", "depreciation": "None", "depreciationAndAmortization": "243000000", "incomeBeforeTax": "484000000", "incomeTaxExpense": "152000000", "interestAndDebtExpense": "None", "netIncomeFromContinuingOperations": "332000000", "comprehensiveIncomeNetOfTax": "None", "ebit": "305000000", "ebitda": "548000000", "netIncome": "350000000"}, {"fiscalDateEnding": "2010-12-31", "reportedCurrency": "USD", "grossProfit": "1645000000", "totalRevenue": "5075000000", "costOfRevenue": "3430000000", "costofGoodsAndServicesSold": "3430000000", "operatingIncome": "699000000", "sellingGeneralAndAdministrative": "954000000", "researchAndDevelopment": "317000000", "operatingExpenses": "946000000", "investmentIncomeNet": "None", "netInterestIncome": "None", "interestIncome": "None", "interestExpense": "63000000", "nonInterestIncome": "None", "otherNonOperatingIncome": "None", "depreciation": "None", "depreciationAndAmortization": "206000000", "incomeBeforeTax": "640000000", "incomeTaxExpense": "171000000", "interestAndDebtExpense": "None", "netIncomeFromContinuingOperations": "0", "comprehensiveIncomeNetOfTax": "None", "ebit": "703000000", "ebitda": "909000000", "netIncome": "492000000"}, {"fiscalDateEnding": "2010-09-30", "reportedCurrency": "USD", "grossProfit": "1614000000", "totalRevenue": "4979000000", "costOfRevenue": "3365000000", "costofGoodsAndServicesSold": "3365000000", "operatingIncome": "698000000", "sellingGeneralAndAdministrative": "909000000", "researchAndDevelopment": "0", "operatingExpenses": "916000000", "investmentIncomeNet": "None", "netInterestIncome": "None", "interestIncome": "None", "interestExpense": "59000000", "nonInterestIncome": "None", "otherNonOperatingIncome": "None", "depreciation": "None", "depreciationAndAmortization": "205000000", "incomeBeforeTax": "644000000", "incomeTaxExpense": "195000000", "interestAndDebtExpense": "None", "netIncomeFromContinuingOperations": "0", "comprehensiveIncomeNetOfTax": "None", "ebit": "498000000", "ebitda": "703000000", "netIncome": "469000000"}, {"fiscalDateEnding": "2010-06-30", "reportedCurrency": "USD", "grossProfit": "1644000000", "totalRevenue": "4857000000", "costOfRevenue": "3213000000", "costofGoodsAndServicesSold": "3213000000", "operatingIncome": "711000000", "sellingGeneralAndAdministrative": "929000000", "researchAndDevelopment": "0", "operatingExpenses": "933000000", "investmentIncomeNet": "None", "netInterestIncome": "None", "interestIncome": "None", "interestExpense": "60000000", "nonInterestIncome": "None", "otherNonOperatingIncome": "None", "depreciation": "None", "depreciationAndAmortization": "209000000", "incomeBeforeTax": "657000000", "incomeTaxExpense": "181000000", "interestAndDebtExpense": "None", "netIncomeFromContinuingOperations": "0", "comprehensiveIncomeNetOfTax": "None", "ebit": "717000000", "ebitda": "926000000", "netIncome": "498000000"}, {"fiscalDateEnding": "2010-03-31", "reportedCurrency": "USD", "grossProfit": "1647000000", "totalRevenue": "4835000000", "costOfRevenue": "3188000000", "costofGoodsAndServicesSold": "3188000000", "operatingIncome": "665000000", "sellingGeneralAndAdministrative": "881000000", "researchAndDevelopment": "0", "operatingExpenses": "982000000", "investmentIncomeNet": "None", "netInterestIncome": "None", "interestIncome": "None", "interestExpense": "61000000", "nonInterestIncome": "None", "otherNonOperatingIncome": "None", "depreciation": "None", "depreciationAndAmortization": "193000000", "incomeBeforeTax": "609000000", "incomeTaxExpense": "241000000", "interestAndDebtExpense": "None", "netIncomeFromContinuingOperations": "0", "comprehensiveIncomeNetOfTax": "None", "ebit": "670000000", "ebitda": "863000000", "netIncome": "384000000"}, {"fiscalDateEnding": "2009-12-31", "reportedCurrency": "USD", "grossProfit": "1666000000", "totalRevenue": "4982000000", "costOfRevenue": "3316000000", "costofGoodsAndServicesSold": "3316000000", "operatingIncome": "717000000", "sellingGeneralAndAdministrative": "974000000", "researchAndDevelopment": "301000000", "operatingExpenses": "949000000", "investmentIncomeNet": "None", "netInterestIncome": "None", "interestIncome": "None", "interestExpense": "64000000", "nonInterestIncome": "None", "otherNonOperatingIncome": "None", "depreciation": "None", "depreciationAndAmortization": "220000000", "incomeBeforeTax": "658000000", "incomeTaxExpense": "184000000", "interestAndDebtExpense": "None", "netIncomeFromContinuingOperations": "0", "comprehensiveIncomeNetOfTax": "None", "ebit": "722000000", "ebitda": "942000000", "netIncome": "492000000"}, {"fiscalDateEnding": "2009-09-30", "reportedCurrency": "USD", "grossProfit": "1727000000", "totalRevenue": "4913000000", "costOfRevenue": "3186000000", "costofGoodsAndServicesSold": "3186000000", "operatingIncome": "871000000", "sellingGeneralAndAdministrative": "852000000", "researchAndDevelopment": "0", "operatingExpenses": "856000000", "investmentIncomeNet": "None", "netInterestIncome": "None", "interestIncome": "None", "interestExpense": "67000000", "nonInterestIncome": "None", "otherNonOperatingIncome": "None", "depreciation": "None", "depreciationAndAmortization": "196000000", "incomeBeforeTax": "811000000", "incomeTaxExpense": "240000000", "interestAndDebtExpense": "None", "netIncomeFromContinuingOperations": "0", "comprehensiveIncomeNetOfTax": "None", "ebit": "682000000", "ebitda": "878000000", "netIncome": "582000000"}, {"fiscalDateEnding": "2009-06-30", "reportedCurrency": "USD", "grossProfit": "1573000000", "totalRevenue": "4727000000", "costOfRevenue": "3154000000", "costofGoodsAndServicesSold": "3154000000", "operatingIncome": "609000000", "sellingGeneralAndAdministrative": "923000000", "researchAndDevelopment": "0", "operatingExpenses": "964000000", "investmentIncomeNet": "None", "netInterestIncome": "None", "interestIncome": "None", "interestExpense": "71000000", "nonInterestIncome": "None", "otherNonOperatingIncome": "None", "depreciation": "None", "depreciationAndAmortization": "190000000", "incomeBeforeTax": "544000000", "incomeTaxExpense": "158000000", "interestAndDebtExpense": "None", "netIncomeFromContinuingOperations": "0", "comprehensiveIncomeNetOfTax": "None", "ebit": "425000000", "ebitda": "615000000", "netIncome": "430000000"}, {"fiscalDateEnding": "2009-03-31", "reportedCurrency": "USD", "grossProfit": "1454000000", "totalRevenue": "4493000000", "costOfRevenue": "3039000000", "costofGoodsAndServicesSold": "3039000000", "operatingIncome": "628000000", "sellingGeneralAndAdministrative": "749000000", "researchAndDevelopment": "0", "operatingExpenses": "826000000", "investmentIncomeNet": "None", "netInterestIncome": "None", "interestIncome": "None", "interestExpense": "73000000", "nonInterestIncome": "None", "otherNonOperatingIncome": "None", "depreciation": "None", "depreciationAndAmortization": "177000000", "incomeBeforeTax": "563000000", "incomeTaxExpense": "164000000", "interestAndDebtExpense": "None", "netIncomeFromContinuingOperations": "0", "comprehensiveIncomeNetOfTax": "None", "ebit": "636000000", "ebitda": "813000000", "netIncome": "407000000"}, {"fiscalDateEnding": "2008-12-31", "reportedCurrency": "USD", "grossProfit": "1454600000", "totalRevenue": "4597900000", "costOfRevenue": "3143300000", "costofGoodsAndServicesSold": "3143300000", "operatingIncome": "623300000", "sellingGeneralAndAdministrative": "816300000", "researchAndDevelopment": "297000000", "operatingExpenses": "831300000", "investmentIncomeNet": "None", "netInterestIncome": "None", "interestIncome": "None", "interestExpense": "304000000", "nonInterestIncome": "None", "otherNonOperatingIncome": "None", "depreciation": "None", "depreciationAndAmortization": "179500000", "incomeBeforeTax": "557700000", "incomeTaxExpense": "124300000", "interestAndDebtExpense": "None", "netIncomeFromContinuingOperations": "0", "comprehensiveIncomeNetOfTax": "None", "ebit": "630600000", "ebitda": "810100000", "netIncome": "419300000"}, {"fiscalDateEnding": "2008-09-30", "reportedCurrency": "USD", "grossProfit": "1463200000", "totalRevenue": "4998200000", "costOfRevenue": "3535000000", "costofGoodsAndServicesSold": "3535000000", "operatingIncome": "609500000", "sellingGeneralAndAdministrative": "849000000", "researchAndDevelopment": "0", "operatingExpenses": "853700000", "investmentIncomeNet": "None", "netInterestIncome": "None", "interestIncome": "None", "interestExpense": "75500000", "nonInterestIncome": "None", "otherNonOperatingIncome": "None", "depreciation": "None", "depreciationAndAmortization": "195300000", "incomeBeforeTax": "548900000", "incomeTaxExpense": "154500000", "interestAndDebtExpense": "None", "netIncomeFromContinuingOperations": "0", "comprehensiveIncomeNetOfTax": "None", "ebit": "614200000", "ebitda": "809500000", "netIncome": "413100000"}, {"fiscalDateEnding": "2008-06-30", "reportedCurrency": "USD", "grossProfit": "1484500000", "totalRevenue": "5006200000", "costOfRevenue": "3521700000", "costofGoodsAndServicesSold": "3521700000", "operatingIncome": "650100000", "sellingGeneralAndAdministrative": "827300000", "researchAndDevelopment": "0", "operatingExpenses": "834400000", "investmentIncomeNet": "None", "netInterestIncome": "None", "interestIncome": "None", "interestExpense": "72800000", "nonInterestIncome": "None", "otherNonOperatingIncome": "None", "depreciation": "None", "depreciationAndAmortization": "200700000", "incomeBeforeTax": "584700000", "incomeTaxExpense": "174600000", "interestAndDebtExpense": "None", "netIncomeFromContinuingOperations": "0", "comprehensiveIncomeNetOfTax": "None", "ebit": "657200000", "ebitda": "857900000", "netIncome": "416700000"}, {"fiscalDateEnding": "2008-03-31", "reportedCurrency": "USD", "grossProfit": "1455700000", "totalRevenue": "4812700000", "costOfRevenue": "3357000000", "costofGoodsAndServicesSold": "3357000000", "operatingIncome": "664100000", "sellingGeneralAndAdministrative": "798400000", "researchAndDevelopment": "0", "operatingExpenses": "791600000", "investmentIncomeNet": "None", "netInterestIncome": "None", "interestIncome": "None", "interestExpense": "74000000", "nonInterestIncome": "None", "otherNonOperatingIncome": "None", "depreciation": "None", "depreciationAndAmortization": "199500000", "incomeBeforeTax": "597700000", "incomeTaxExpense": "164600000", "interestAndDebtExpense": "None", "netIncomeFromContinuingOperations": "0", "comprehensiveIncomeNetOfTax": "None", "ebit": "657300000", "ebitda": "856800000", "netIncome": "440900000"}, {"fiscalDateEnding": "2007-12-31", "reportedCurrency": "USD", "grossProfit": "1462100000", "totalRevenue": "4758100000", "costOfRevenue": "3296000000", "costofGoodsAndServicesSold": "3296000000", "operatingIncome": "668900000", "sellingGeneralAndAdministrative": "2313900000", "researchAndDevelopment": "276800000", "operatingExpenses": "793200000", "investmentIncomeNet": "None", "netInterestIncome": "None", "interestIncome": "None", "interestExpense": "264800000", "nonInterestIncome": "None", "otherNonOperatingIncome": "None", "depreciation": "None", "depreciationAndAmortization": "180100000", "incomeBeforeTax": "609700000", "incomeTaxExpense": "145400000", "interestAndDebtExpense": "None", "netIncomeFromContinuingOperations": "0", "comprehensiveIncomeNetOfTax": "None", "ebit": "655400000", "ebitda": "835500000", "netIncome": "456000000"}, {"fiscalDateEnding": "2007-09-30", "reportedCurrency": "USD", "grossProfit": "1443500000", "totalRevenue": "4620600000", "costOfRevenue": "3177100000", "costofGoodsAndServicesSold": "3177100000", "operatingIncome": "682700000", "sellingGeneralAndAdministrative": "783700000", "researchAndDevelopment": "0", "operatingExpenses": "760800000", "investmentIncomeNet": "None", "netInterestIncome": "None", "interestIncome": "None", "interestExpense": "79000000", "nonInterestIncome": "None", "otherNonOperatingIncome": "None", "depreciation": "None", "depreciationAndAmortization": "213500000", "incomeBeforeTax": "606900000", "incomeTaxExpense": "167500000", "interestAndDebtExpense": "None", "netIncomeFromContinuingOperations": "0", "comprehensiveIncomeNetOfTax": "None", "ebit": "666300000", "ebitda": "879800000", "netIncome": "453100000"}, {"fiscalDateEnding": "2007-06-30", "reportedCurrency": "USD", "grossProfit": "1446000000", "totalRevenue": "4502000000", "costOfRevenue": "3056000000", "costofGoodsAndServicesSold": "3056000000", "operatingIncome": "648700000", "sellingGeneralAndAdministrative": "797600000", "researchAndDevelopment": "0", "operatingExpenses": "797300000", "investmentIncomeNet": "None", "netInterestIncome": "None", "interestIncome": "None", "interestExpense": "52000000", "nonInterestIncome": "None", "otherNonOperatingIncome": "None", "depreciation": "None", "depreciationAndAmortization": "198300000", "incomeBeforeTax": "556700000", "incomeTaxExpense": "111500000", "interestAndDebtExpense": "None", "netIncomeFromContinuingOperations": "0", "comprehensiveIncomeNetOfTax": "None", "ebit": "695900000", "ebitda": "894200000", "netIncome": "461800000"}, {"fiscalDateEnding": "2007-03-31", "reportedCurrency": "USD", "grossProfit": "1352300000", "totalRevenue": "4385300000", "costOfRevenue": "3033000000", "costofGoodsAndServicesSold": "3033000000", "operatingIncome": "616100000", "sellingGeneralAndAdministrative": "732600000", "researchAndDevelopment": "0", "operatingExpenses": "736200000", "investmentIncomeNet": "None", "netInterestIncome": "None", "interestIncome": "None", "interestExpense": "50000000", "nonInterestIncome": "None", "otherNonOperatingIncome": "None", "depreciation": "None", "depreciationAndAmortization": "214600000", "incomeBeforeTax": "544200000", "incomeTaxExpense": "112100000", "interestAndDebtExpense": "None", "netIncomeFromContinuingOperations": "0", "comprehensiveIncomeNetOfTax": "None", "ebit": "647300000", "ebitda": "861900000", "netIncome": "452000000"}, {"fiscalDateEnding": "2006-12-31", "reportedCurrency": "USD", "grossProfit": "1365900000", "totalRevenue": "4307200000", "costOfRevenue": "2941300000", "costofGoodsAndServicesSold": "2941300000", "operatingIncome": "610600000", "sellingGeneralAndAdministrative": "744700000", "researchAndDevelopment": "301200000", "operatingExpenses": "755300000", "investmentIncomeNet": "None", "netInterestIncome": "None", "interestIncome": "None", "interestExpense": "11288800000", "nonInterestIncome": "None", "otherNonOperatingIncome": "None", "depreciation": "None", "depreciationAndAmortization": "218300000", "incomeBeforeTax": "540700000", "incomeTaxExpense": "124300000", "interestAndDebtExpense": "None", "netIncomeFromContinuingOperations": "0", "comprehensiveIncomeNetOfTax": "None", "ebit": "646100000", "ebitda": "864400000", "netIncome": "482600000"}, {"fiscalDateEnding": "2006-09-30", "reportedCurrency": "USD", "grossProfit": "1275500000", "totalRevenue": "4210400000", "costOfRevenue": "2934900000", "costofGoodsAndServicesSold": "2934900000", "operatingIncome": "526400000", "sellingGeneralAndAdministrative": "749200000", "researchAndDevelopment": "0", "operatingExpenses": "749100000", "investmentIncomeNet": "None", "netInterestIncome": "None", "interestIncome": "None", "interestExpense": "56000000", "nonInterestIncome": "None", "otherNonOperatingIncome": "None", "depreciation": "None", "depreciationAndAmortization": "214900000", "incomeBeforeTax": "459500000", "incomeTaxExpense": "114600000", "interestAndDebtExpense": "None", "netIncomeFromContinuingOperations": "0", "comprehensiveIncomeNetOfTax": "None", "ebit": "543500000", "ebitda": "758400000", "netIncome": "364200000"}, {"fiscalDateEnding": "2006-06-30", "reportedCurrency": "USD", "grossProfit": "1287600000", "totalRevenue": "4161400000", "costOfRevenue": "2873800000", "costofGoodsAndServicesSold": "2873800000", "operatingIncome": "544100000", "sellingGeneralAndAdministrative": "741900000", "researchAndDevelopment": "0", "operatingExpenses": "12331900000", "investmentIncomeNet": "None", "netInterestIncome": "None", "interestIncome": "None", "interestExpense": "64700000", "nonInterestIncome": "None", "otherNonOperatingIncome": "None", "depreciation": "None", "depreciationAndAmortization": "238600000", "incomeBeforeTax": "48800000", "incomeTaxExpense": "131000000", "interestAndDebtExpense": "None", "netIncomeFromContinuingOperations": "0", "comprehensiveIncomeNetOfTax": "None", "ebit": "-11035100000", "ebitda": "-10796500000", "netIncome": "377600000"}, {"fiscalDateEnding": "2006-03-31", "reportedCurrency": "USD", "grossProfit": "1153100000", "totalRevenue": "4067900000", "costOfRevenue": "2914800000", "costofGoodsAndServicesSold": "2914800000", "operatingIncome": "420400000", "sellingGeneralAndAdministrative": "712500000", "researchAndDevelopment": "0", "operatingExpenses": "732700000", "investmentIncomeNet": "None", "netInterestIncome": "None", "interestIncome": "None", "interestExpense": "11543700000", "nonInterestIncome": "None", "otherNonOperatingIncome": "None", "depreciation": "None", "depreciationAndAmortization": "261000000", "incomeBeforeTax": "356700000", "incomeTaxExpense": "99300000", "interestAndDebtExpense": "None", "netIncomeFromContinuingOperations": "0", "comprehensiveIncomeNetOfTax": "None", "ebit": "456400000", "ebitda": "717400000", "netIncome": "275100000"}, {"fiscalDateEnding": "2005-12-31", "reportedCurrency": "USD", "grossProfit": "1289600000", "totalRevenue": "4008900000", "costOfRevenue": "2719300000", "costofGoodsAndServicesSold": "2719300000", "operatingIncome": "572200000", "sellingGeneralAndAdministrative": "715900000", "researchAndDevelopment": "319500000", "operatingExpenses": "717400000", "investmentIncomeNet": "None", "netInterestIncome": "None", "interestIncome": "None", "interestExpense": "190200000", "nonInterestIncome": "None", "otherNonOperatingIncome": "None", "depreciation": "None", "depreciationAndAmortization": "219900000", "incomeBeforeTax": "484400000", "incomeTaxExpense": "114100000", "interestAndDebtExpense": "None", "netIncomeFromContinuingOperations": "0", "comprehensiveIncomeNetOfTax": "None", "ebit": "615300000", "ebitda": "835200000", "netIncome": "371100000"}, {"fiscalDateEnding": "2005-09-30", "reportedCurrency": "USD", "grossProfit": "1156400000", "totalRevenue": "4000800000", "costOfRevenue": "2844400000", "costofGoodsAndServicesSold": "2844400000", "operatingIncome": "464600000", "sellingGeneralAndAdministrative": "679500000", "researchAndDevelopment": "0", "operatingExpenses": "691800000", "investmentIncomeNet": "None", "netInterestIncome": "None", "interestIncome": "None", "interestExpense": "48000000", "nonInterestIncome": "None", "otherNonOperatingIncome": "None", "depreciation": "None", "depreciationAndAmortization": "239600000", "incomeBeforeTax": "380800000", "incomeTaxExpense": "66300000", "interestAndDebtExpense": "None", "netIncomeFromContinuingOperations": "0", "comprehensiveIncomeNetOfTax": "None", "ebit": "520100000", "ebitda": "759700000", "netIncome": "325300000"}, {"fiscalDateEnding": "2005-06-30", "reportedCurrency": "USD", "grossProfit": "1322600000", "totalRevenue": "3987100000", "costOfRevenue": "2664500000", "costofGoodsAndServicesSold": "2664500000", "operatingIncome": "636200000", "sellingGeneralAndAdministrative": "688100000", "researchAndDevelopment": "0", "operatingExpenses": "686400000", "investmentIncomeNet": "None", "netInterestIncome": "None", "interestIncome": "None", "interestExpense": "46300000", "nonInterestIncome": "None", "otherNonOperatingIncome": "None", "depreciation": "None", "depreciationAndAmortization": "193000000", "incomeBeforeTax": "550300000", "incomeTaxExpense": "140800000", "interestAndDebtExpense": "None", "netIncomeFromContinuingOperations": "0", "comprehensiveIncomeNetOfTax": "None", "ebit": "682400000", "ebitda": "875400000", "netIncome": "421800000"}, {"fiscalDateEnding": "2005-03-31", "reportedCurrency": "USD", "grossProfit": "1306600000", "totalRevenue": "3905800000", "costOfRevenue": "2599200000", "costofGoodsAndServicesSold": "2599200000", "operatingIncome": "6376000000", "sellingGeneralAndAdministrative": "653900000", "researchAndDevelopment": "0", "operatingExpenses": "-5069400000", "investmentIncomeNet": "None", "netInterestIncome": "None", "interestIncome": "None", "interestExpense": "43900000", "nonInterestIncome": "None", "otherNonOperatingIncome": "None", "depreciation": "None", "depreciationAndAmortization": "192000000", "incomeBeforeTax": "553400000", "incomeTaxExpense": "117200000", "interestAndDebtExpense": "None", "netIncomeFromContinuingOperations": "0", "comprehensiveIncomeNetOfTax": "None", "ebit": "6437400000", "ebitda": "6629400000", "netIncome": "450100000"}, {"fiscalDateEnding": "2004-12-31", "reportedCurrency": "USD", "grossProfit": "1231700000", "totalRevenue": "3642100000", "costOfRevenue": "2410400000", "costofGoodsAndServicesSold": "2410400000", "operatingIncome": "582800000", "sellingGeneralAndAdministrative": "635200000", "researchAndDevelopment": "279700000", "operatingExpenses": "648900000", "investmentIncomeNet": "None", "netInterestIncome": "None", "interestIncome": "None", "interestExpense": "167800000", "nonInterestIncome": "None", "otherNonOperatingIncome": "None", "depreciation": "None", "depreciationAndAmortization": "184100000", "incomeBeforeTax": "504200000", "incomeTaxExpense": "101400000", "interestAndDebtExpense": "None", "netIncomeFromContinuingOperations": "0", "comprehensiveIncomeNetOfTax": "None", "ebit": "638300000", "ebitda": "822400000", "netIncome": "445300000"}]}