{"symbol": "ADI", "annualReports": [{"fiscalDateEnding": "2024-10-31", "reportedCurrency": "USD", "grossProfit": "5381343000", "totalRevenue": "9427157000", "costOfRevenue": "4045814000", "costofGoodsAndServicesSold": "4045814000", "operatingIncome": "2032798000", "sellingGeneralAndAdministrative": "1068640000", "researchAndDevelopment": "1487863000", "operatingExpenses": "3348545000", "investmentIncomeNet": "None", "netInterestIncome": "-243410000", "interestIncome": "78817000", "interestExpense": "322227000", "nonInterestIncome": "None", "otherNonOperatingIncome": "None", "depreciation": "None", "depreciationAndAmortization": "-66769000", "incomeBeforeTax": "1777340000", "incomeTaxExpense": "142067000", "interestAndDebtExpense": "None", "netIncomeFromContinuingOperations": "1635273000", "comprehensiveIncomeNetOfTax": "None", "ebit": "2099567000", "ebitda": "2032798000", "netIncome": "1635273000"}, {"fiscalDateEnding": "2023-10-31", "reportedCurrency": "USD", "grossProfit": "7877218000", "totalRevenue": "12305539000", "costOfRevenue": "4428321000", "costofGoodsAndServicesSold": "4428321000", "operatingIncome": "3823112000", "sellingGeneralAndAdministrative": "1273584000", "researchAndDevelopment": "1660194000", "operatingExpenses": "4045861000", "investmentIncomeNet": "None", "netInterestIncome": "-223354000", "interestIncome": "41287000", "interestExpense": "264641000", "nonInterestIncome": "None", "otherNonOperatingIncome": "None", "depreciation": "None", "depreciationAndAmortization": "2293103000", "incomeBeforeTax": "3608003000", "incomeTaxExpense": "293424000", "interestAndDebtExpense": "None", "netIncomeFromContinuingOperations": "3314579000", "comprehensiveIncomeNetOfTax": "None", "ebit": "3857724000", "ebitda": "6150827000", "netIncome": "3314579000"}, {"fiscalDateEnding": "2022-10-31", "reportedCurrency": "USD", "grossProfit": "7532474000", "totalRevenue": "12013953000", "costOfRevenue": "4481479000", "costofGoodsAndServicesSold": "4481479000", "operatingIncome": "3278700000", "sellingGeneralAndAdministrative": "1266175000", "researchAndDevelopment": "1700518000", "operatingExpenses": "3979265000", "investmentIncomeNet": "None", "netInterestIncome": "-193502000", "interestIncome": "6906000", "interestExpense": "200408000", "nonInterestIncome": "None", "otherNonOperatingIncome": "20457000", "depreciation": "None", "depreciationAndAmortization": "2297499000", "incomeBeforeTax": "3098749000", "incomeTaxExpense": "350188000", "interestAndDebtExpense": "None", "netIncomeFromContinuingOperations": "2748561000", "comprehensiveIncomeNetOfTax": "None", "ebit": "3314080000", "ebitda": "5611579000", "netIncome": "2748561000"}, {"fiscalDateEnding": "2021-10-31", "reportedCurrency": "USD", "grossProfit": "4525012000", "totalRevenue": "7318286000", "costOfRevenue": "2793274000", "costofGoodsAndServicesSold": "2793274000", "operatingIncome": "1692201000", "sellingGeneralAndAdministrative": "915418000", "researchAndDevelopment": "1296126000", "operatingExpenses": "2748355000", "investmentIncomeNet": "None", "netInterestIncome": "-183605000", "interestIncome": "1220000", "interestExpense": "184825000", "nonInterestIncome": "None", "otherNonOperatingIncome": "-178662000", "depreciation": "None", "depreciationAndAmortization": "1074634000", "incomeBeforeTax": "1328714000", "incomeTaxExpense": "-61708000", "interestAndDebtExpense": "None", "netIncomeFromContinuingOperations": "1390422000", "comprehensiveIncomeNetOfTax": "None", "ebit": "1526089000", "ebitda": "2600723000", "netIncome": "1390422000"}, {"fiscalDateEnding": "2020-10-31", "reportedCurrency": "USD", "grossProfit": "3690478000", "totalRevenue": "5603056000", "costOfRevenue": "1912578000", "costofGoodsAndServicesSold": "1912578000", "operatingIncome": "1498244000", "sellingGeneralAndAdministrative": "659923000", "researchAndDevelopment": "1050519000", "operatingExpenses": "2139897000", "investmentIncomeNet": "None", "netInterestIncome": "-189000000", "interestIncome": "4305000", "interestExpense": "193305000", "nonInterestIncome": "None", "otherNonOperatingIncome": "6678000", "depreciation": "None", "depreciationAndAmortization": "810923000", "incomeBeforeTax": "1311617000", "incomeTaxExpense": "90856000", "interestAndDebtExpense": "None", "netIncomeFromContinuingOperations": "1220761000", "comprehensiveIncomeNetOfTax": "None", "ebit": "1506778000", "ebitda": "2317701000", "netIncome": "1220761000"}, {"fiscalDateEnding": "2019-10-31", "reportedCurrency": "USD", "grossProfit": "4013750000", "totalRevenue": "5991065000", "costOfRevenue": "1977315000", "costofGoodsAndServicesSold": "1977315000", "operatingIncome": "1710608000", "sellingGeneralAndAdministrative": "648094000", "researchAndDevelopment": "1130348000", "operatingExpenses": "2207483000", "investmentIncomeNet": "None", "netInterestIncome": "-218846000", "interestIncome": "10229000", "interestExpense": "229075000", "nonInterestIncome": "None", "otherNonOperatingIncome": "None", "depreciation": "None", "depreciationAndAmortization": "811251000", "incomeBeforeTax": "1485728000", "incomeTaxExpense": "122717000", "interestAndDebtExpense": "None", "netIncomeFromContinuingOperations": "1363011000", "comprehensiveIncomeNetOfTax": "None", "ebit": "1716240000", "ebitda": "2527491000", "netIncome": "1363011000"}, {"fiscalDateEnding": "2018-10-31", "reportedCurrency": "USD", "grossProfit": "4233302000", "totalRevenue": "6200942000", "costOfRevenue": "1967640000", "costofGoodsAndServicesSold": "1967640000", "operatingIncome": "1881735000", "sellingGeneralAndAdministrative": "644552000", "researchAndDevelopment": "1165410000", "operatingExpenses": "2290249000", "investmentIncomeNet": "None", "netInterestIncome": "-244206000", "interestIncome": "9383000", "interestExpense": "253589000", "nonInterestIncome": "None", "otherNonOperatingIncome": "10371000", "depreciation": "None", "depreciationAndAmortization": "799063000", "incomeBeforeTax": "1638517000", "incomeTaxExpense": "143085000", "interestAndDebtExpense": "None", "netIncomeFromContinuingOperations": "1495432000", "comprehensiveIncomeNetOfTax": "None", "ebit": "1907579000", "ebitda": "2706642000", "netIncome": "1495432000"}, {"fiscalDateEnding": "2017-10-31", "reportedCurrency": "USD", "grossProfit": "3061596000", "totalRevenue": "5107503000", "costOfRevenue": "2045907000", "costofGoodsAndServicesSold": "2045907000", "operatingIncome": "1055134000", "sellingGeneralAndAdministrative": "650172000", "researchAndDevelopment": "968602000", "operatingExpenses": "1956999000", "investmentIncomeNet": "None", "netInterestIncome": "-220507000", "interestIncome": "30333000", "interestExpense": "250840000", "nonInterestIncome": "None", "otherNonOperatingIncome": "24191000", "depreciation": "None", "depreciationAndAmortization": "584059000", "incomeBeforeTax": "828485000", "incomeTaxExpense": "101226000", "interestAndDebtExpense": "None", "netIncomeFromContinuingOperations": "727259000", "comprehensiveIncomeNetOfTax": "None", "ebit": "1081405000", "ebitda": "1665464000", "netIncome": "727259000"}, {"fiscalDateEnding": "2016-10-31", "reportedCurrency": "USD", "grossProfit": "2227173000", "totalRevenue": "3421409000", "costOfRevenue": "1194236000", "costofGoodsAndServicesSold": "1194236000", "operatingIncome": "1028112000", "sellingGeneralAndAdministrative": "432864000", "researchAndDevelopment": "653816000", "operatingExpenses": "1185377000", "investmentIncomeNet": "None", "netInterestIncome": "-67536000", "interestIncome": "21221000", "interestExpense": "88757000", "nonInterestIncome": "None", "otherNonOperatingIncome": "17566000", "depreciation": "None", "depreciationAndAmortization": "209790000", "incomeBeforeTax": "956921000", "incomeTaxExpense": "95257000", "interestAndDebtExpense": "None", "netIncomeFromContinuingOperations": "861664000", "comprehensiveIncomeNetOfTax": "None", "ebit": "1045678000", "ebitda": "1255468000", "netIncome": "861664000"}, {"fiscalDateEnding": "2015-10-31", "reportedCurrency": "USD", "grossProfit": "2259262000", "totalRevenue": "3435092000", "costOfRevenue": "1175830000", "costofGoodsAndServicesSold": "1175830000", "operatingIncome": "830841000", "sellingGeneralAndAdministrative": "478972000", "researchAndDevelopment": "637459000", "operatingExpenses": "1428421000", "investmentIncomeNet": "None", "netInterestIncome": "None", "interestIncome": "18405000", "interestExpense": "27030000", "nonInterestIncome": "None", "otherNonOperatingIncome": "6303000", "depreciation": "None", "depreciationAndAmortization": "222240000", "incomeBeforeTax": "810114000", "incomeTaxExpense": "113236000", "interestAndDebtExpense": "None", "netIncomeFromContinuingOperations": "696878000", "comprehensiveIncomeNetOfTax": "None", "ebit": "837144000", "ebitda": "1059384000", "netIncome": "696878000"}, {"fiscalDateEnding": "2014-10-31", "reportedCurrency": "USD", "grossProfit": "1830188000", "totalRevenue": "2864773000", "costOfRevenue": "1034585000", "costofGoodsAndServicesSold": "1034585000", "operatingIncome": "752484000", "sellingGeneralAndAdministrative": "421400000", "researchAndDevelopment": "559686000", "operatingExpenses": "1040382000", "investmentIncomeNet": "None", "netInterestIncome": "None", "interestIncome": "None", "interestExpense": "34784000", "nonInterestIncome": "None", "otherNonOperatingIncome": "11645000", "depreciation": "None", "depreciationAndAmortization": "141970000", "incomeBeforeTax": "729345000", "incomeTaxExpense": "100025000", "interestAndDebtExpense": "None", "netIncomeFromContinuingOperations": "629320000", "comprehensiveIncomeNetOfTax": "None", "ebit": "801451000", "ebitda": "943421000", "netIncome": "629320000"}, {"fiscalDateEnding": "2013-10-31", "reportedCurrency": "USD", "grossProfit": "1692411000", "totalRevenue": "2633689000", "costOfRevenue": "941278000", "costofGoodsAndServicesSold": "941278000", "operatingIncome": "753075000", "sellingGeneralAndAdministrative": "367808000", "researchAndDevelopment": "513255000", "operatingExpenses": "909488000", "investmentIncomeNet": "None", "netInterestIncome": "None", "interestIncome": "None", "interestExpense": "27102000", "nonInterestIncome": "None", "otherNonOperatingIncome": "89350000", "depreciation": "None", "depreciationAndAmortization": "110416000", "incomeBeforeTax": "815323000", "incomeTaxExpense": "141836000", "interestAndDebtExpense": "None", "netIncomeFromContinuingOperations": "673487000", "comprehensiveIncomeNetOfTax": "None", "ebit": "842425000", "ebitda": "952841000", "netIncome": "673487000"}, {"fiscalDateEnding": "2012-10-31", "reportedCurrency": "USD", "grossProfit": "1741001000", "totalRevenue": "2701142000", "costOfRevenue": "960141000", "costofGoodsAndServicesSold": "960141000", "operatingIncome": "824048000", "sellingGeneralAndAdministrative": "373423000", "researchAndDevelopment": "512003000", "operatingExpenses": "908522000", "investmentIncomeNet": "None", "netInterestIncome": "None", "interestIncome": "None", "interestExpense": "26422000", "nonInterestIncome": "None", "otherNonOperatingIncome": "15907000", "depreciation": "None", "depreciationAndAmortization": "109833000", "incomeBeforeTax": "813533000", "incomeTaxExpense": "162297000", "interestAndDebtExpense": "None", "netIncomeFromContinuingOperations": "651236000", "comprehensiveIncomeNetOfTax": "None", "ebit": "839955000", "ebitda": "949788000", "netIncome": "651236000"}, {"fiscalDateEnding": "2011-10-31", "reportedCurrency": "USD", "grossProfit": "1986541000", "totalRevenue": "2993320000", "costOfRevenue": "1006779000", "costofGoodsAndServicesSold": "1006779000", "operatingIncome": "1072025000", "sellingGeneralAndAdministrative": "406700000", "researchAndDevelopment": "505570000", "operatingExpenses": "912277000", "investmentIncomeNet": "None", "netInterestIncome": "None", "interestIncome": "None", "interestExpense": "19146000", "nonInterestIncome": "None", "otherNonOperatingIncome": "8568000", "depreciation": "None", "depreciationAndAmortization": "118219000", "incomeBeforeTax": "1061447000", "incomeTaxExpense": "200553000", "interestAndDebtExpense": "None", "netIncomeFromContinuingOperations": "860894000", "comprehensiveIncomeNetOfTax": "None", "ebit": "1080574000", "ebitda": "1198793000", "netIncome": "867394000"}, {"fiscalDateEnding": "2010-10-31", "reportedCurrency": "USD", "grossProfit": "1799422000", "totalRevenue": "2761503000", "costOfRevenue": "962081000", "costofGoodsAndServicesSold": "962081000", "operatingIncome": "900074000", "sellingGeneralAndAdministrative": "390600000", "researchAndDevelopment": "492305000", "operatingExpenses": "882865000", "investmentIncomeNet": "None", "netInterestIncome": "None", "interestIncome": "None", "interestExpense": "10429000", "nonInterestIncome": "None", "otherNonOperatingIncome": "12020000", "depreciation": "None", "depreciationAndAmortization": "120911000", "incomeBeforeTax": "901665000", "incomeTaxExpense": "190440000", "interestAndDebtExpense": "None", "netIncomeFromContinuingOperations": "711225000", "comprehensiveIncomeNetOfTax": "None", "ebit": "912083000", "ebitda": "1032994000", "netIncome": "712084000"}, {"fiscalDateEnding": "2009-10-31", "reportedCurrency": "USD", "grossProfit": "1118637000", "totalRevenue": "2014908000", "costOfRevenue": "896271000", "costofGoodsAndServicesSold": "896271000", "operatingIncome": "284817000", "sellingGeneralAndAdministrative": "333184000", "researchAndDevelopment": "446980000", "operatingExpenses": "780164000", "investmentIncomeNet": "None", "netInterestIncome": "None", "interestIncome": "None", "interestExpense": "4094000", "nonInterestIncome": "None", "otherNonOperatingIncome": "16721000", "depreciation": "None", "depreciationAndAmortization": "139870000", "incomeBeforeTax": "297444000", "incomeTaxExpense": "50036000", "interestAndDebtExpense": "None", "netIncomeFromContinuingOperations": "247408000", "comprehensiveIncomeNetOfTax": "None", "ebit": "301068000", "ebitda": "440938000", "netIncome": "247772000"}, {"fiscalDateEnding": "2008-10-31", "reportedCurrency": "USD", "grossProfit": "1577275000", "totalRevenue": "2582931000", "costOfRevenue": "1005656000", "costofGoodsAndServicesSold": "1005656000", "operatingIncome": "625025000", "sellingGeneralAndAdministrative": "415700000", "researchAndDevelopment": "533480000", "operatingExpenses": "952250000", "investmentIncomeNet": "None", "netInterestIncome": "None", "interestIncome": "None", "interestExpense": "41077000", "nonInterestIncome": "None", "otherNonOperatingIncome": "None", "depreciation": "None", "depreciationAndAmortization": "153472000", "incomeBeforeTax": "666102000", "incomeTaxExpense": "140925000", "interestAndDebtExpense": "None", "netIncomeFromContinuingOperations": "None", "comprehensiveIncomeNetOfTax": "None", "ebit": "471553000", "ebitda": "625025000", "netIncome": "786284000"}, {"fiscalDateEnding": "2007-10-31", "reportedCurrency": "USD", "grossProfit": "1519217000", "totalRevenue": "2546117000", "costOfRevenue": "1026900000", "costofGoodsAndServicesSold": "1026900000", "operatingIncome": "566186000", "sellingGeneralAndAdministrative": "393200000", "researchAndDevelopment": "519315000", "operatingExpenses": "953031000", "investmentIncomeNet": "None", "netInterestIncome": "None", "interestIncome": "None", "interestExpense": "89165000", "nonInterestIncome": "None", "otherNonOperatingIncome": "None", "depreciation": "None", "depreciationAndAmortization": "154783000", "incomeBeforeTax": "658920000", "incomeTaxExpense": "158444000", "interestAndDebtExpense": "None", "netIncomeFromContinuingOperations": "None", "comprehensiveIncomeNetOfTax": "None", "ebit": "568723000", "ebitda": "723506000", "netIncome": "496907000"}, {"fiscalDateEnding": "2006-10-31", "reportedCurrency": "USD", "grossProfit": "1506140000", "totalRevenue": "2573176000", "costOfRevenue": "1067036000", "costofGoodsAndServicesSold": "1067036000", "operatingIncome": "551806000", "sellingGeneralAndAdministrative": "394100000", "researchAndDevelopment": "536747000", "operatingExpenses": "932623000", "investmentIncomeNet": "None", "netInterestIncome": "None", "interestIncome": "None", "interestExpense": "111337000", "nonInterestIncome": "None", "otherNonOperatingIncome": "None", "depreciation": "None", "depreciationAndAmortization": "172163000", "incomeBeforeTax": "662395000", "incomeTaxExpense": "113661000", "interestAndDebtExpense": "None", "netIncomeFromContinuingOperations": "None", "comprehensiveIncomeNetOfTax": "None", "ebit": "633036000", "ebitda": "805199000", "netIncome": "549482000"}, {"fiscalDateEnding": "2005-10-31", "reportedCurrency": "USD", "grossProfit": "1382840000", "totalRevenue": "2388808000", "costOfRevenue": "1005968000", "costofGoodsAndServicesSold": "1005968000", "operatingIncome": "515987000", "sellingGeneralAndAdministrative": "338300000", "researchAndDevelopment": "497097000", "operatingExpenses": "866853000", "investmentIncomeNet": "None", "netInterestIncome": "None", "interestIncome": "None", "interestExpense": "71703000", "nonInterestIncome": "None", "otherNonOperatingIncome": "None", "depreciation": "None", "depreciationAndAmortization": "155564000", "incomeBeforeTax": "587690000", "incomeTaxExpense": "172903000", "interestAndDebtExpense": "None", "netIncomeFromContinuingOperations": "None", "comprehensiveIncomeNetOfTax": "None", "ebit": "478561000", "ebitda": "634125000", "netIncome": "414787000"}], "quarterlyReports": [{"fiscalDateEnding": "2025-01-31", "reportedCurrency": "USD", "grossProfit": "1430303000", "totalRevenue": "2423174000", "costOfRevenue": "992871000", "costofGoodsAndServicesSold": "992871000", "operatingIncome": "491313000", "sellingGeneralAndAdministrative": "284796000", "researchAndDevelopment": "402892000", "operatingExpenses": "938990000", "investmentIncomeNet": "None", "netInterestIncome": "-51777000", "interestIncome": "23487000", "interestExpense": "75264000", "nonInterestIncome": "None", "otherNonOperatingIncome": "None", "depreciation": "None", "depreciationAndAmortization": "-19527000", "incomeBeforeTax": "435576000", "incomeTaxExpense": "44260000", "interestAndDebtExpense": "None", "netIncomeFromContinuingOperations": "391316000", "comprehensiveIncomeNetOfTax": "None", "ebit": "510840000", "ebitda": "491313000", "netIncome": "391316000"}, {"fiscalDateEnding": "2024-10-31", "reportedCurrency": "USD", "grossProfit": "1416128000", "totalRevenue": "2443205000", "costOfRevenue": "1027077000", "costofGoodsAndServicesSold": "1027077000", "operatingIncome": "569392000", "sellingGeneralAndAdministrative": "277220000", "researchAndDevelopment": "378700000", "operatingExpenses": "846736000", "investmentIncomeNet": "None", "netInterestIncome": "-54857000", "interestIncome": "27947000", "interestExpense": "82804000", "nonInterestIncome": "None", "otherNonOperatingIncome": "None", "depreciation": "None", "depreciationAndAmortization": "520461000", "incomeBeforeTax": "516328000", "incomeTaxExpense": "38256000", "interestAndDebtExpense": "None", "netIncomeFromContinuingOperations": "478072000", "comprehensiveIncomeNetOfTax": "None", "ebit": "599132000", "ebitda": "1119593000", "netIncome": "478072000"}, {"fiscalDateEnding": "2024-07-31", "reportedCurrency": "USD", "grossProfit": "1122632000", "totalRevenue": "2312209000", "costOfRevenue": "1189577000", "costofGoodsAndServicesSold": "1189577000", "operatingIncome": "501132000", "sellingGeneralAndAdministrative": "257213000", "researchAndDevelopment": "362671000", "operatingExpenses": "621500000", "investmentIncomeNet": "None", "netInterestIncome": "-58747000", "interestIncome": "26432000", "interestExpense": "85179000", "nonInterestIncome": "None", "otherNonOperatingIncome": "None", "depreciation": "None", "depreciationAndAmortization": "530307000", "incomeBeforeTax": "422991000", "incomeTaxExpense": "30759000", "interestAndDebtExpense": "None", "netIncomeFromContinuingOperations": "392232000", "comprehensiveIncomeNetOfTax": "None", "ebit": "504439000", "ebitda": "1034746000", "netIncome": "392232000"}, {"fiscalDateEnding": "2024-04-30", "reportedCurrency": "USD", "grossProfit": "990570000", "totalRevenue": "2159039000", "costOfRevenue": "1168469000", "costofGoodsAndServicesSold": "1168469000", "operatingIncome": "389876000", "sellingGeneralAndAdministrative": "244129000", "researchAndDevelopment": "355065000", "operatingExpenses": "600694000", "investmentIncomeNet": "None", "netInterestIncome": "-61834000", "interestIncome": "15269000", "interestExpense": "77103000", "nonInterestIncome": "None", "otherNonOperatingIncome": "None", "depreciation": "None", "depreciationAndAmortization": "528297000", "incomeBeforeTax": "324603000", "incomeTaxExpense": "22361000", "interestAndDebtExpense": "None", "netIncomeFromContinuingOperations": "302242000", "comprehensiveIncomeNetOfTax": "None", "ebit": "397974000", "ebitda": "926271000", "netIncome": "302242000"}, {"fiscalDateEnding": "2024-01-31", "reportedCurrency": "USD", "grossProfit": "1473941000", "totalRevenue": "2512704000", "costOfRevenue": "1038763000", "costofGoodsAndServicesSold": "1038763000", "operatingIncome": "585964000", "sellingGeneralAndAdministrative": "290078000", "researchAndDevelopment": "391427000", "operatingExpenses": "871837000", "investmentIncomeNet": "None", "netInterestIncome": "-67972000", "interestIncome": "9169000", "interestExpense": "77141000", "nonInterestIncome": "None", "otherNonOperatingIncome": "None", "depreciation": "None", "depreciationAndAmortization": "525251000", "incomeBeforeTax": "513418000", "incomeTaxExpense": "50691000", "interestAndDebtExpense": "None", "netIncomeFromContinuingOperations": "462727000", "comprehensiveIncomeNetOfTax": "None", "ebit": "586829000", "ebitda": "1112080000", "netIncome": "462727000"}, {"fiscalDateEnding": "2023-10-31", "reportedCurrency": "USD", "grossProfit": "1646716000", "totalRevenue": "2716484000", "costOfRevenue": "1069768000", "costofGoodsAndServicesSold": "1069768000", "operatingIncome": "634415000", "sellingGeneralAndAdministrative": "288936000", "researchAndDevelopment": "406594000", "operatingExpenses": "898266000", "investmentIncomeNet": "None", "netInterestIncome": "-62501000", "interestIncome": "9089000", "interestExpense": "71590000", "nonInterestIncome": "None", "otherNonOperatingIncome": "None", "depreciation": "None", "depreciationAndAmortization": "536116999", "incomeBeforeTax": "571786000", "incomeTaxExpense": "73356000", "interestAndDebtExpense": "None", "netIncomeFromContinuingOperations": "498430000", "comprehensiveIncomeNetOfTax": "None", "ebit": "639645001", "ebitda": "1175762000", "netIncome": "498430000"}, {"fiscalDateEnding": "2023-07-31", "reportedCurrency": "USD", "grossProfit": "1961615000", "totalRevenue": "3076495000", "costOfRevenue": "1114880000", "costofGoodsAndServicesSold": "1114880000", "operatingIncome": "929493000", "sellingGeneralAndAdministrative": "334113000", "researchAndDevelopment": "423751000", "operatingExpenses": "1008583000", "investmentIncomeNet": "None", "netInterestIncome": "-60552000", "interestIncome": "8794000", "interestExpense": "69346000", "nonInterestIncome": "None", "otherNonOperatingIncome": "14674000", "depreciation": "None", "depreciationAndAmortization": "587692000", "incomeBeforeTax": "874821000", "incomeTaxExpense": "-2198000", "interestAndDebtExpense": "None", "netIncomeFromContinuingOperations": "877019000", "comprehensiveIncomeNetOfTax": "None", "ebit": "940436000", "ebitda": "1528128000", "netIncome": "877019000"}, {"fiscalDateEnding": "2023-04-30", "reportedCurrency": "USD", "grossProfit": "2144546000", "totalRevenue": "3262930000", "costOfRevenue": "1118384000", "costofGoodsAndServicesSold": "1118384000", "operatingIncome": "1128384000", "sellingGeneralAndAdministrative": "324251000", "researchAndDevelopment": "415754000", "operatingExpenses": "993026000", "investmentIncomeNet": "None", "netInterestIncome": "-50677000", "interestIncome": "12575000", "interestExpense": "63252000", "nonInterestIncome": "None", "otherNonOperatingIncome": "22791000", "depreciation": "None", "depreciationAndAmortization": "581796000", "incomeBeforeTax": "1087923000", "incomeTaxExpense": "110267000", "interestAndDebtExpense": "None", "netIncomeFromContinuingOperations": "977656000", "comprehensiveIncomeNetOfTax": "None", "ebit": "1147444000", "ebitda": "1729240000", "netIncome": "977656000"}, {"fiscalDateEnding": "2023-01-31", "reportedCurrency": "USD", "grossProfit": "2124341000", "totalRevenue": "3249630000", "costOfRevenue": "1125289000", "costofGoodsAndServicesSold": "1125289000", "operatingIncome": "1130820000", "sellingGeneralAndAdministrative": "326284000", "researchAndDevelopment": "414095000", "operatingExpenses": "993521000", "investmentIncomeNet": "None", "netInterestIncome": "-49624000", "interestIncome": "10829000", "interestExpense": "60453000", "nonInterestIncome": "None", "otherNonOperatingIncome": "3106000", "depreciation": "None", "depreciationAndAmortization": "587498000", "incomeBeforeTax": "1073473000", "incomeTaxExpense": "111999000", "interestAndDebtExpense": "None", "netIncomeFromContinuingOperations": "961474000", "comprehensiveIncomeNetOfTax": "None", "ebit": "1133926000", "ebitda": "1721424000", "netIncome": "961474000"}, {"fiscalDateEnding": "2022-10-31", "reportedCurrency": "USD", "grossProfit": "2142815000", "totalRevenue": "3247716000", "costOfRevenue": "1104901000", "costofGoodsAndServicesSold": "1104901000", "operatingIncome": "1102476000", "sellingGeneralAndAdministrative": "336560000", "researchAndDevelopment": "421008000", "operatingExpenses": "1010433000", "investmentIncomeNet": "None", "netInterestIncome": "-43379000", "interestIncome": "4328000", "interestExpense": "47707000", "nonInterestIncome": "None", "otherNonOperatingIncome": "-6757000", "depreciation": "None", "depreciationAndAmortization": "572614000", "incomeBeforeTax": "1048012000", "incomeTaxExpense": "111786000", "interestAndDebtExpense": "None", "netIncomeFromContinuingOperations": "936226000", "comprehensiveIncomeNetOfTax": "None", "ebit": "1121835000", "ebitda": "1694449000", "netIncome": "936226000"}, {"fiscalDateEnding": "2022-07-31", "reportedCurrency": "USD", "grossProfit": "1792798000", "totalRevenue": "3109880000", "costOfRevenue": "1317082000", "costofGoodsAndServicesSold": "1317082000", "operatingIncome": "1037612000", "sellingGeneralAndAdministrative": "326942000", "researchAndDevelopment": "430509000", "operatingExpenses": "755186000", "investmentIncomeNet": "None", "netInterestIncome": "-49392000", "interestIncome": "1797000", "interestExpense": "51189000", "nonInterestIncome": "None", "otherNonOperatingIncome": "5820000", "depreciation": "None", "depreciationAndAmortization": "578969000", "incomeBeforeTax": "847937000", "incomeTaxExpense": "98952000", "interestAndDebtExpense": "None", "netIncomeFromContinuingOperations": "748985000", "comprehensiveIncomeNetOfTax": "None", "ebit": "895395000", "ebitda": "1474364000", "netIncome": "748985000"}, {"fiscalDateEnding": "2022-04-30", "reportedCurrency": "USD", "grossProfit": "1944520000", "totalRevenue": "2972064000", "costOfRevenue": "1027544000", "costofGoodsAndServicesSold": "1027544000", "operatingIncome": "918161000", "sellingGeneralAndAdministrative": "305308000", "researchAndDevelopment": "420901000", "operatingExpenses": "979685000", "investmentIncomeNet": "None", "netInterestIncome": "-48985000", "interestIncome": "563000", "interestExpense": "49548000", "nonInterestIncome": "None", "otherNonOperatingIncome": "10632000", "depreciation": "None", "depreciationAndAmortization": "576106000", "incomeBeforeTax": "879245000", "incomeTaxExpense": "95972000", "interestAndDebtExpense": "None", "netIncomeFromContinuingOperations": "783273000", "comprehensiveIncomeNetOfTax": "None", "ebit": "925062000", "ebitda": "1501168000", "netIncome": "783273000"}, {"fiscalDateEnding": "2022-01-31", "reportedCurrency": "USD", "grossProfit": "1401997000", "totalRevenue": "2684293000", "costOfRevenue": "1282296000", "costofGoodsAndServicesSold": "1282296000", "operatingIncome": "364757000", "sellingGeneralAndAdministrative": "297365000", "researchAndDevelopment": "426780000", "operatingExpenses": "977512000", "investmentIncomeNet": "None", "netInterestIncome": "-51746000", "interestIncome": "218000", "interestExpense": "51964000", "nonInterestIncome": "None", "otherNonOperatingIncome": "10762000", "depreciation": "None", "depreciationAndAmortization": "569810000", "incomeBeforeTax": "323555000", "incomeTaxExpense": "43478000", "interestAndDebtExpense": "None", "netIncomeFromContinuingOperations": "280077000", "comprehensiveIncomeNetOfTax": "None", "ebit": "371788000", "ebitda": "941598000", "netIncome": "280077000"}, {"fiscalDateEnding": "2021-10-31", "reportedCurrency": "USD", "grossProfit": "1121820000", "totalRevenue": "2339568000", "costOfRevenue": "1217748000", "costofGoodsAndServicesSold": "1217748000", "operatingIncome": "99005000", "sellingGeneralAndAdministrative": "317455000", "researchAndDevelopment": "399121000", "operatingExpenses": "930170000", "investmentIncomeNet": "None", "netInterestIncome": "-54200000", "interestIncome": "421000", "interestExpense": "54621000", "nonInterestIncome": "None", "otherNonOperatingIncome": "-200551000", "depreciation": "None", "depreciationAndAmortization": "478963000", "incomeBeforeTax": "-156167000", "incomeTaxExpense": "-231854000", "interestAndDebtExpense": "None", "netIncomeFromContinuingOperations": "75687000", "comprehensiveIncomeNetOfTax": "None", "ebit": "-87605001", "ebitda": "391357999", "netIncome": "75687000"}, {"fiscalDateEnding": "2021-07-31", "reportedCurrency": "USD", "grossProfit": "1221184000", "totalRevenue": "1758853000", "costOfRevenue": "537669000", "costofGoodsAndServicesSold": "537669000", "operatingIncome": "609646000", "sellingGeneralAndAdministrative": "206076000", "researchAndDevelopment": "306617000", "operatingExpenses": "620476000", "investmentIncomeNet": "None", "netInterestIncome": "-44359000", "interestIncome": "300000", "interestExpense": "44659000", "nonInterestIncome": "None", "otherNonOperatingIncome": "7291000", "depreciation": "None", "depreciationAndAmortization": "196151000", "incomeBeforeTax": "572278000", "incomeTaxExpense": "68967000", "interestAndDebtExpense": "None", "netIncomeFromContinuingOperations": "503311000", "comprehensiveIncomeNetOfTax": "None", "ebit": "616473000", "ebitda": "812624000", "netIncome": "503311000"}, {"fiscalDateEnding": "2021-04-30", "reportedCurrency": "USD", "grossProfit": "1136637000", "totalRevenue": "1661407000", "costOfRevenue": "524770000", "costofGoodsAndServicesSold": "524770000", "operatingIncome": "519690000", "sellingGeneralAndAdministrative": "206612000", "researchAndDevelopment": "302238000", "operatingExpenses": "616636000", "investmentIncomeNet": "None", "netInterestIncome": "-42776000", "interestIncome": "290000", "interestExpense": "43066000", "nonInterestIncome": "None", "otherNonOperatingIncome": "-639000", "depreciation": "None", "depreciationAndAmortization": "198167000", "incomeBeforeTax": "475985000", "incomeTaxExpense": "53080000", "interestAndDebtExpense": "None", "netIncomeFromContinuingOperations": "422905000", "comprehensiveIncomeNetOfTax": "None", "ebit": "518587000", "ebitda": "716754000", "netIncome": "422905000"}, {"fiscalDateEnding": "2021-01-31", "reportedCurrency": "USD", "grossProfit": "1045371000", "totalRevenue": "1558458000", "costOfRevenue": "513087000", "costofGoodsAndServicesSold": "513087000", "operatingIncome": "463860000", "sellingGeneralAndAdministrative": "185275000", "researchAndDevelopment": "288150000", "operatingExpenses": "581073000", "investmentIncomeNet": "None", "netInterestIncome": "-42270000", "interestIncome": "209000", "interestExpense": "42479000", "nonInterestIncome": "None", "otherNonOperatingIncome": "15237000", "depreciation": "None", "depreciationAndAmortization": "201353000", "incomeBeforeTax": "436618000", "incomeTaxExpense": "48099000", "interestAndDebtExpense": "None", "netIncomeFromContinuingOperations": "388519000", "comprehensiveIncomeNetOfTax": "None", "ebit": "478633000", "ebitda": "679986000", "netIncome": "388519000"}, {"fiscalDateEnding": "2020-10-31", "reportedCurrency": "USD", "grossProfit": "1023084000", "totalRevenue": "1526295000", "costOfRevenue": "503211000", "costofGoodsAndServicesSold": "503211000", "operatingIncome": "461672000", "sellingGeneralAndAdministrative": "165115000", "researchAndDevelopment": "280239000", "operatingExpenses": "553361000", "investmentIncomeNet": "None", "netInterestIncome": "-48066000", "interestIncome": "527000", "interestExpense": "48593000", "nonInterestIncome": "None", "otherNonOperatingIncome": "4231000", "depreciation": "None", "depreciationAndAmortization": "202216000", "incomeBeforeTax": "417310000", "incomeTaxExpense": "30784000", "interestAndDebtExpense": "None", "netIncomeFromContinuingOperations": "386526000", "comprehensiveIncomeNetOfTax": "None", "ebit": "469151000", "ebitda": "671367000", "netIncome": "386526000"}, {"fiscalDateEnding": "2020-07-31", "reportedCurrency": "USD", "grossProfit": "972578000", "totalRevenue": "1456136000", "costOfRevenue": "483558000", "costofGoodsAndServicesSold": "483558000", "operatingIncome": "419124000", "sellingGeneralAndAdministrative": "144653000", "researchAndDevelopment": "260794000", "operatingExpenses": "521624000", "investmentIncomeNet": "None", "netInterestIncome": "-45410000", "interestIncome": "504000", "interestExpense": "45914000", "nonInterestIncome": "None", "otherNonOperatingIncome": "-181000", "depreciation": "None", "depreciationAndAmortization": "201463000", "incomeBeforeTax": "373029000", "incomeTaxExpense": "10364000", "interestAndDebtExpense": "None", "netIncomeFromContinuingOperations": "362665000", "comprehensiveIncomeNetOfTax": "None", "ebit": "418479000", "ebitda": "619942000", "netIncome": "362665000"}, {"fiscalDateEnding": "2020-04-30", "reportedCurrency": "USD", "grossProfit": "846674000", "totalRevenue": "1317060000", "costOfRevenue": "470386000", "costofGoodsAndServicesSold": "470386000", "operatingIncome": "344020000", "sellingGeneralAndAdministrative": "141775000", "researchAndDevelopment": "252413000", "operatingExpenses": "501334000", "investmentIncomeNet": "None", "netInterestIncome": "-48651000", "interestIncome": "1334000", "interestExpense": "49985000", "nonInterestIncome": "None", "otherNonOperatingIncome": "1026000", "depreciation": "None", "depreciationAndAmortization": "203312000", "incomeBeforeTax": "295061000", "incomeTaxExpense": "27365000", "interestAndDebtExpense": "None", "netIncomeFromContinuingOperations": "267696000", "comprehensiveIncomeNetOfTax": "None", "ebit": "344582000", "ebitda": "547894000", "netIncome": "267696000"}, {"fiscalDateEnding": "2020-01-31", "reportedCurrency": "USD", "grossProfit": "848142000", "totalRevenue": "1303565000", "costOfRevenue": "455423000", "costofGoodsAndServicesSold": "455423000", "operatingIncome": "273428000", "sellingGeneralAndAdministrative": "199280000", "researchAndDevelopment": "257073000", "operatingExpenses": "563578000", "investmentIncomeNet": "None", "netInterestIncome": "-46873000", "interestIncome": "1940000", "interestExpense": "48813000", "nonInterestIncome": "None", "otherNonOperatingIncome": "1602000", "depreciation": "None", "depreciationAndAmortization": "203932000", "incomeBeforeTax": "226217000", "incomeTaxExpense": "22343000", "interestAndDebtExpense": "None", "netIncomeFromContinuingOperations": "203874000", "comprehensiveIncomeNetOfTax": "None", "ebit": "274566000", "ebitda": "478498000", "netIncome": "203874000"}, {"fiscalDateEnding": "2019-10-31", "reportedCurrency": "USD", "grossProfit": "942191000", "totalRevenue": "1443219000", "costOfRevenue": "501028000", "costofGoodsAndServicesSold": "501028000", "operatingIncome": "338361000", "sellingGeneralAndAdministrative": "194505000", "researchAndDevelopment": "277018000", "operatingExpenses": "539042000", "investmentIncomeNet": "None", "netInterestIncome": "-48787000", "interestIncome": "1988000", "interestExpense": "50775000", "nonInterestIncome": "None", "otherNonOperatingIncome": "None", "depreciation": "None", "depreciationAndAmortization": "205164000", "incomeBeforeTax": "287827000", "incomeTaxExpense": "10133000", "interestAndDebtExpense": "None", "netIncomeFromContinuingOperations": "277694000", "comprehensiveIncomeNetOfTax": "None", "ebit": "341013000", "ebitda": "546177000", "netIncome": "277694000"}, {"fiscalDateEnding": "2019-07-31", "reportedCurrency": "USD", "grossProfit": "997811000", "totalRevenue": "1480143000", "costOfRevenue": "482332000", "costofGoodsAndServicesSold": "482332000", "operatingIncome": "446726000", "sellingGeneralAndAdministrative": "150776000", "researchAndDevelopment": "280102000", "operatingExpenses": "550158000", "investmentIncomeNet": "None", "netInterestIncome": "-57246000", "interestIncome": "2625000", "interestExpense": "59871000", "nonInterestIncome": "None", "otherNonOperatingIncome": "2703000", "depreciation": "None", "depreciationAndAmortization": "204127000", "incomeBeforeTax": "389558000", "incomeTaxExpense": "27184000", "interestAndDebtExpense": "None", "netIncomeFromContinuingOperations": "362374000", "comprehensiveIncomeNetOfTax": "None", "ebit": "448965000", "ebitda": "653092000", "netIncome": "362374000"}, {"fiscalDateEnding": "2019-04-30", "reportedCurrency": "USD", "grossProfit": "1034092000", "totalRevenue": "1526602000", "costOfRevenue": "492510000", "costofGoodsAndServicesSold": "492510000", "operatingIncome": "469695000", "sellingGeneralAndAdministrative": "315197000", "researchAndDevelopment": "285846000", "operatingExpenses": "556235000", "investmentIncomeNet": "None", "netInterestIncome": "-56773000", "interestIncome": "2928000", "interestExpense": "59701000", "nonInterestIncome": "None", "otherNonOperatingIncome": "-1597000", "depreciation": "None", "depreciationAndAmortization": "201375000", "incomeBeforeTax": "408397000", "incomeTaxExpense": "40460000", "interestAndDebtExpense": "None", "netIncomeFromContinuingOperations": "367937000", "comprehensiveIncomeNetOfTax": "None", "ebit": "467634000", "ebitda": "669009000", "netIncome": "367937000"}, {"fiscalDateEnding": "2019-01-31", "reportedCurrency": "USD", "grossProfit": "1039656000", "totalRevenue": "1541101000", "costOfRevenue": "501445000", "costofGoodsAndServicesSold": "501445000", "operatingIncome": "455826000", "sellingGeneralAndAdministrative": "154958000", "researchAndDevelopment": "287382000", "operatingExpenses": "562048000", "investmentIncomeNet": "None", "netInterestIncome": "None", "interestIncome": "None", "interestExpense": "58728000", "nonInterestIncome": "None", "otherNonOperatingIncome": "2848000", "depreciation": "None", "depreciationAndAmortization": "200585000", "incomeBeforeTax": "399946000", "incomeTaxExpense": "44940000", "interestAndDebtExpense": "None", "netIncomeFromContinuingOperations": "355006000", "comprehensiveIncomeNetOfTax": "None", "ebit": "458628000", "ebitda": "659213000", "netIncome": "355006000"}, {"fiscalDateEnding": "2018-10-31", "reportedCurrency": "USD", "grossProfit": "1093654000", "totalRevenue": "1596586000", "costOfRevenue": "502932000", "costofGoodsAndServicesSold": "502932000", "operatingIncome": "513372000", "sellingGeneralAndAdministrative": "164183000", "researchAndDevelopment": "295699000", "operatingExpenses": "578440000", "investmentIncomeNet": "None", "netInterestIncome": "None", "interestIncome": "None", "interestExpense": "59102000", "nonInterestIncome": "None", "otherNonOperatingIncome": "3252000", "depreciation": "None", "depreciationAndAmortization": "201190000", "incomeBeforeTax": "457522000", "incomeTaxExpense": "24557000", "interestAndDebtExpense": "None", "netIncomeFromContinuingOperations": "432965000", "comprehensiveIncomeNetOfTax": "None", "ebit": "516624000", "ebitda": "717814000", "netIncome": "432965000"}, {"fiscalDateEnding": "2018-07-31", "reportedCurrency": "USD", "grossProfit": "1070646000", "totalRevenue": "1572679000", "costOfRevenue": "502033000", "costofGoodsAndServicesSold": "502033000", "operatingIncome": "499039000", "sellingGeneralAndAdministrative": "158357000", "researchAndDevelopment": "291642000", "operatingExpenses": "570538000", "investmentIncomeNet": "None", "netInterestIncome": "None", "interestIncome": "None", "interestExpense": "61665000", "nonInterestIncome": "None", "otherNonOperatingIncome": "3220000", "depreciation": "None", "depreciationAndAmortization": "199865000", "incomeBeforeTax": "440594000", "incomeTaxExpense": "26130000", "interestAndDebtExpense": "None", "netIncomeFromContinuingOperations": "414464000", "comprehensiveIncomeNetOfTax": "None", "ebit": "503048000", "ebitda": "702913000", "netIncome": "414464000"}, {"fiscalDateEnding": "2018-04-30", "reportedCurrency": "USD", "grossProfit": "1033812000", "totalRevenue": "1513053000", "costOfRevenue": "479241000", "costofGoodsAndServicesSold": "479241000", "operatingIncome": "463976000", "sellingGeneralAndAdministrative": "159024000", "researchAndDevelopment": "289472000", "operatingExpenses": "568747000", "investmentIncomeNet": "None", "netInterestIncome": "None", "interestIncome": "None", "interestExpense": "64792000", "nonInterestIncome": "None", "otherNonOperatingIncome": "2363000", "depreciation": "None", "depreciationAndAmortization": "199543000", "incomeBeforeTax": "401547000", "incomeTaxExpense": "21716000", "interestAndDebtExpense": "None", "netIncomeFromContinuingOperations": "379831000", "comprehensiveIncomeNetOfTax": "None", "ebit": "465866000", "ebitda": "665409000", "netIncome": "379831000"}, {"fiscalDateEnding": "2018-01-31", "reportedCurrency": "USD", "grossProfit": "1035190000", "totalRevenue": "1518624000", "costOfRevenue": "483434000", "costofGoodsAndServicesSold": "483434000", "operatingIncome": "405348000", "sellingGeneralAndAdministrative": "162947000", "researchAndDevelopment": "288597000", "operatingExpenses": "572524000", "investmentIncomeNet": "None", "netInterestIncome": "None", "interestIncome": "None", "interestExpense": "68030000", "nonInterestIncome": "None", "otherNonOperatingIncome": "1536000", "depreciation": "None", "depreciationAndAmortization": "198465000", "incomeBeforeTax": "338854000", "incomeTaxExpense": "70682000", "interestAndDebtExpense": "None", "netIncomeFromContinuingOperations": "268172000", "comprehensiveIncomeNetOfTax": "None", "ebit": "406254000", "ebitda": "604719000", "netIncome": "268172000"}, {"fiscalDateEnding": "2017-10-31", "reportedCurrency": "USD", "grossProfit": "1006025000", "totalRevenue": "1541170000", "costOfRevenue": "535145000", "costofGoodsAndServicesSold": "535145000", "operatingIncome": "448210000", "sellingGeneralAndAdministrative": "173081000", "researchAndDevelopment": "273746000", "operatingExpenses": "557815000", "investmentIncomeNet": "None", "netInterestIncome": "None", "interestIncome": "None", "interestExpense": "63517000", "nonInterestIncome": "None", "otherNonOperatingIncome": "-3029000", "depreciation": "None", "depreciationAndAmortization": "189736000", "incomeBeforeTax": "381664000", "incomeTaxExpense": "34014000", "interestAndDebtExpense": "None", "netIncomeFromContinuingOperations": "347650000", "comprehensiveIncomeNetOfTax": "None", "ebit": "448722000", "ebitda": "638458000", "netIncome": "347650000"}, {"fiscalDateEnding": "2017-07-31", "reportedCurrency": "USD", "grossProfit": "766624000", "totalRevenue": "1433902000", "costOfRevenue": "667278000", "costofGoodsAndServicesSold": "667278000", "operatingIncome": "194821000", "sellingGeneralAndAdministrative": "171332000", "researchAndDevelopment": "275670000", "operatingExpenses": "571803000", "investmentIncomeNet": "None", "netInterestIncome": "None", "interestIncome": "None", "interestExpense": "73073000", "nonInterestIncome": "None", "otherNonOperatingIncome": "5050000", "depreciation": "None", "depreciationAndAmortization": "202455000", "incomeBeforeTax": "126798000", "incomeTaxExpense": "57882000", "interestAndDebtExpense": "None", "netIncomeFromContinuingOperations": "68916000", "comprehensiveIncomeNetOfTax": "None", "ebit": "199403000", "ebitda": "401858000", "netIncome": "68916000"}, {"fiscalDateEnding": "2017-04-30", "reportedCurrency": "USD", "grossProfit": "640443000", "totalRevenue": "1147982000", "costOfRevenue": "507539000", "costofGoodsAndServicesSold": "507539000", "operatingIncome": "145835000", "sellingGeneralAndAdministrative": "174033000", "researchAndDevelopment": "235232000", "operatingExpenses": "494608000", "investmentIncomeNet": "None", "netInterestIncome": "None", "interestIncome": "None", "interestExpense": "71636000", "nonInterestIncome": "None", "otherNonOperatingIncome": "12515000", "depreciation": "None", "depreciationAndAmortization": "137542000", "incomeBeforeTax": "86714000", "incomeTaxExpense": "-6850000", "interestAndDebtExpense": "None", "netIncomeFromContinuingOperations": "93564000", "comprehensiveIncomeNetOfTax": "None", "ebit": "157886000", "ebitda": "295428000", "netIncome": "93564000"}, {"fiscalDateEnding": "2017-01-31", "reportedCurrency": "USD", "grossProfit": "648504000", "totalRevenue": "984449000", "costOfRevenue": "335945000", "costofGoodsAndServicesSold": "335945000", "operatingIncome": "266268000", "sellingGeneralAndAdministrative": "131793000", "researchAndDevelopment": "183954000", "operatingExpenses": "332773000", "investmentIncomeNet": "None", "netInterestIncome": "None", "interestIncome": "None", "interestExpense": "42614000", "nonInterestIncome": "None", "otherNonOperatingIncome": "9655000", "depreciation": "None", "depreciationAndAmortization": "54326000", "incomeBeforeTax": "233309000", "incomeTaxExpense": "16180000", "interestAndDebtExpense": "None", "netIncomeFromContinuingOperations": "217129000", "comprehensiveIncomeNetOfTax": "None", "ebit": "275394000", "ebitda": "329720000", "netIncome": "217129000"}, {"fiscalDateEnding": "2016-10-31", "reportedCurrency": "USD", "grossProfit": "666687000", "totalRevenue": "1003623000", "costOfRevenue": "336936000", "costofGoodsAndServicesSold": "336936000", "operatingIncome": "356981000", "sellingGeneralAndAdministrative": "90095000", "researchAndDevelopment": "172926000", "operatingExpenses": "309706000", "investmentIncomeNet": "None", "netInterestIncome": "None", "interestIncome": "None", "interestExpense": "38764000", "nonInterestIncome": "None", "otherNonOperatingIncome": "5217000", "depreciation": "None", "depreciationAndAmortization": "53663000", "incomeBeforeTax": "323434000", "incomeTaxExpense": "27277000", "interestAndDebtExpense": "None", "netIncomeFromContinuingOperations": "296157000", "comprehensiveIncomeNetOfTax": "None", "ebit": "365574000", "ebitda": "419237000", "netIncome": "296157000"}, {"fiscalDateEnding": "2016-07-31", "reportedCurrency": "USD", "grossProfit": "572290000", "totalRevenue": "869591000", "costOfRevenue": "297301000", "costofGoodsAndServicesSold": "297301000", "operatingIncome": "268707000", "sellingGeneralAndAdministrative": "123477000", "researchAndDevelopment": "163227000", "operatingExpenses": "303583000", "investmentIncomeNet": "None", "netInterestIncome": "None", "interestIncome": "None", "interestExpense": "18476000", "nonInterestIncome": "None", "otherNonOperatingIncome": "6169000", "depreciation": "None", "depreciationAndAmortization": "52648000", "incomeBeforeTax": "256400000", "incomeTaxExpense": "25970000", "interestAndDebtExpense": "None", "netIncomeFromContinuingOperations": "230430000", "comprehensiveIncomeNetOfTax": "None", "ebit": "274876000", "ebitda": "327524000", "netIncome": "230430000"}, {"fiscalDateEnding": "2016-04-30", "reportedCurrency": "USD", "grossProfit": "510903000", "totalRevenue": "778766000", "costOfRevenue": "267863000", "costofGoodsAndServicesSold": "267863000", "operatingIncome": "207379000", "sellingGeneralAndAdministrative": "112186000", "researchAndDevelopment": "160235000", "operatingExpenses": "289840000", "investmentIncomeNet": "None", "netInterestIncome": "None", "interestIncome": "None", "interestExpense": "18455000", "nonInterestIncome": "None", "otherNonOperatingIncome": "5986000", "depreciation": "None", "depreciationAndAmortization": "51923000", "incomeBeforeTax": "194910000", "incomeTaxExpense": "24337000", "interestAndDebtExpense": "None", "netIncomeFromContinuingOperations": "170573000", "comprehensiveIncomeNetOfTax": "None", "ebit": "213365000", "ebitda": "265288000", "netIncome": "170573000"}, {"fiscalDateEnding": "2016-01-31", "reportedCurrency": "USD", "grossProfit": "477293000", "totalRevenue": "769429000", "costOfRevenue": "292136000", "costofGoodsAndServicesSold": "292136000", "operatingIncome": "195045000", "sellingGeneralAndAdministrative": "106706000", "researchAndDevelopment": "157428000", "operatingExpenses": "282248000", "investmentIncomeNet": "None", "netInterestIncome": "None", "interestIncome": "None", "interestExpense": "13062000", "nonInterestIncome": "None", "otherNonOperatingIncome": "194000", "depreciation": "None", "depreciationAndAmortization": "51556000", "incomeBeforeTax": "182177000", "incomeTaxExpense": "17673000", "interestAndDebtExpense": "None", "netIncomeFromContinuingOperations": "164504000", "comprehensiveIncomeNetOfTax": "None", "ebit": "195239000", "ebitda": "246795000", "netIncome": "164504000"}, {"fiscalDateEnding": "2015-10-31", "reportedCurrency": "USD", "grossProfit": "641796000", "totalRevenue": "978722000", "costOfRevenue": "336926000", "costofGoodsAndServicesSold": "336926000", "operatingIncome": "108630000", "sellingGeneralAndAdministrative": "121400000", "researchAndDevelopment": "170736000", "operatingExpenses": "533166000", "investmentIncomeNet": "None", "netInterestIncome": "None", "interestIncome": "None", "interestExpense": "6739000", "nonInterestIncome": "None", "otherNonOperatingIncome": "2786000", "depreciation": "None", "depreciationAndAmortization": "50990000", "incomeBeforeTax": "104677000", "incomeTaxExpense": "8372000", "interestAndDebtExpense": "None", "netIncomeFromContinuingOperations": "96305000", "comprehensiveIncomeNetOfTax": "None", "ebit": "111416000", "ebitda": "162406000", "netIncome": "96305000"}, {"fiscalDateEnding": "2015-07-31", "reportedCurrency": "USD", "grossProfit": "569037000", "totalRevenue": "863365000", "costOfRevenue": "294328000", "costofGoodsAndServicesSold": "294328000", "operatingIncome": "265269000", "sellingGeneralAndAdministrative": "117847000", "researchAndDevelopment": "160784000", "operatingExpenses": "303768000", "investmentIncomeNet": "None", "netInterestIncome": "None", "interestIncome": "None", "interestExpense": "6755000", "nonInterestIncome": "None", "otherNonOperatingIncome": "964000", "depreciation": "None", "depreciationAndAmortization": "57548000", "incomeBeforeTax": "259478000", "incomeTaxExpense": "43000000", "interestAndDebtExpense": "None", "netIncomeFromContinuingOperations": "216478000", "comprehensiveIncomeNetOfTax": "None", "ebit": "266233000", "ebitda": "323781000", "netIncome": "216478000"}, {"fiscalDateEnding": "2015-04-30", "reportedCurrency": "USD", "grossProfit": "544822000", "totalRevenue": "821019000", "costOfRevenue": "276197000", "costofGoodsAndServicesSold": "276197000", "operatingIncome": "249008000", "sellingGeneralAndAdministrative": "114597000", "researchAndDevelopment": "154233000", "operatingExpenses": "295814000", "investmentIncomeNet": "None", "netInterestIncome": "None", "interestIncome": "None", "interestExpense": "6880000", "nonInterestIncome": "None", "otherNonOperatingIncome": "3061000", "depreciation": "None", "depreciationAndAmortization": "57190000", "incomeBeforeTax": "245189000", "incomeTaxExpense": "39851000", "interestAndDebtExpense": "None", "netIncomeFromContinuingOperations": "205338000", "comprehensiveIncomeNetOfTax": "None", "ebit": "252069000", "ebitda": "309259000", "netIncome": "205338000"}, {"fiscalDateEnding": "2015-01-31", "reportedCurrency": "USD", "grossProfit": "503607000", "totalRevenue": "771986000", "costOfRevenue": "268379000", "costofGoodsAndServicesSold": "268379000", "operatingIncome": "207934000", "sellingGeneralAndAdministrative": "120171000", "researchAndDevelopment": "151706000", "operatingExpenses": "295673000", "investmentIncomeNet": "None", "netInterestIncome": "None", "interestIncome": "None", "interestExpense": "6656000", "nonInterestIncome": "None", "otherNonOperatingIncome": "-508000", "depreciation": "None", "depreciationAndAmortization": "56512000", "incomeBeforeTax": "200770000", "incomeTaxExpense": "22013000", "interestAndDebtExpense": "None", "netIncomeFromContinuingOperations": "178757000", "comprehensiveIncomeNetOfTax": "None", "ebit": "207426000", "ebitda": "263938000", "netIncome": "178757000"}, {"fiscalDateEnding": "2014-10-31", "reportedCurrency": "USD", "grossProfit": "486037000", "totalRevenue": "814247000", "costOfRevenue": "328210000", "costofGoodsAndServicesSold": "328210000", "operatingIncome": "149929000", "sellingGeneralAndAdministrative": "87754000", "researchAndDevelopment": "154797000", "operatingExpenses": "301471000", "investmentIncomeNet": "None", "netInterestIncome": "None", "interestIncome": "None", "interestExpense": "13161000", "nonInterestIncome": "None", "otherNonOperatingIncome": "1930000", "depreciation": "None", "depreciationAndAmortization": "57103000", "incomeBeforeTax": "138698000", "incomeTaxExpense": "30003000", "interestAndDebtExpense": "None", "netIncomeFromContinuingOperations": "108695000", "comprehensiveIncomeNetOfTax": "None", "ebit": "151859000", "ebitda": "208962000", "netIncome": "108695000"}, {"fiscalDateEnding": "2014-07-31", "reportedCurrency": "USD", "grossProfit": "476290000", "totalRevenue": "727752000", "costOfRevenue": "251462000", "costofGoodsAndServicesSold": "251462000", "operatingIncome": "202546000", "sellingGeneralAndAdministrative": "133048000", "researchAndDevelopment": "140095000", "operatingExpenses": "273744000", "investmentIncomeNet": "None", "netInterestIncome": "None", "interestIncome": "None", "interestExpense": "8178000", "nonInterestIncome": "None", "otherNonOperatingIncome": "3020000", "depreciation": "None", "depreciationAndAmortization": "29963000", "incomeBeforeTax": "197388000", "incomeTaxExpense": "16782000", "interestAndDebtExpense": "None", "netIncomeFromContinuingOperations": "180606000", "comprehensiveIncomeNetOfTax": "None", "ebit": "205566000", "ebitda": "235529000", "netIncome": "180606000"}, {"fiscalDateEnding": "2014-04-30", "reportedCurrency": "USD", "grossProfit": "458743000", "totalRevenue": "694536000", "costOfRevenue": "235793000", "costofGoodsAndServicesSold": "235793000", "operatingIncome": "220400000", "sellingGeneralAndAdministrative": "102456000", "researchAndDevelopment": "136258000", "operatingExpenses": "238343000", "investmentIncomeNet": "None", "netInterestIncome": "None", "interestIncome": "None", "interestExpense": "6874000", "nonInterestIncome": "None", "otherNonOperatingIncome": "3842000", "depreciation": "None", "depreciationAndAmortization": "27514000", "incomeBeforeTax": "217368000", "incomeTaxExpense": "29935000", "interestAndDebtExpense": "None", "netIncomeFromContinuingOperations": "187433000", "comprehensiveIncomeNetOfTax": "None", "ebit": "224242000", "ebitda": "251756000", "netIncome": "187433000"}, {"fiscalDateEnding": "2014-01-31", "reportedCurrency": "USD", "grossProfit": "409118000", "totalRevenue": "628238000", "costOfRevenue": "219120000", "costofGoodsAndServicesSold": "219120000", "operatingIncome": "179609000", "sellingGeneralAndAdministrative": "98142000", "researchAndDevelopment": "128646000", "operatingExpenses": "226824000", "investmentIncomeNet": "None", "netInterestIncome": "None", "interestIncome": "None", "interestExpense": "6571000", "nonInterestIncome": "None", "otherNonOperatingIncome": "2853000", "depreciation": "None", "depreciationAndAmortization": "27390000", "incomeBeforeTax": "175891000", "incomeTaxExpense": "23305000", "interestAndDebtExpense": "None", "netIncomeFromContinuingOperations": "152586000", "comprehensiveIncomeNetOfTax": "None", "ebit": "182462000", "ebitda": "209852000", "netIncome": "152586000"}, {"fiscalDateEnding": "2013-10-31", "reportedCurrency": "USD", "grossProfit": "444870000", "totalRevenue": "678133000", "costOfRevenue": "233263000", "costofGoodsAndServicesSold": "233263000", "operatingIncome": "199862000", "sellingGeneralAndAdministrative": "69497000", "researchAndDevelopment": "131034000", "operatingExpenses": "229231000", "investmentIncomeNet": "None", "netInterestIncome": "None", "interestIncome": "None", "interestExpense": "6659000", "nonInterestIncome": "None", "otherNonOperatingIncome": "89309000", "depreciation": "None", "depreciationAndAmortization": "27570000", "incomeBeforeTax": "282512000", "incomeTaxExpense": "80958000", "interestAndDebtExpense": "None", "netIncomeFromContinuingOperations": "201554000", "comprehensiveIncomeNetOfTax": "None", "ebit": "289171000", "ebitda": "316741000", "netIncome": "201554000"}, {"fiscalDateEnding": "2013-07-31", "reportedCurrency": "USD", "grossProfit": "435062000", "totalRevenue": "674172000", "costOfRevenue": "239110000", "costofGoodsAndServicesSold": "239110000", "operatingIncome": "208342000", "sellingGeneralAndAdministrative": "98544000", "researchAndDevelopment": "128947000", "operatingExpenses": "226720000", "investmentIncomeNet": "None", "netInterestIncome": "None", "interestIncome": "None", "interestExpense": "7672000", "nonInterestIncome": "None", "otherNonOperatingIncome": "-5629000", "depreciation": "None", "depreciationAndAmortization": "27503000", "incomeBeforeTax": "195041000", "incomeTaxExpense": "18802000", "interestAndDebtExpense": "None", "netIncomeFromContinuingOperations": "176239000", "comprehensiveIncomeNetOfTax": "None", "ebit": "202713000", "ebitda": "230216000", "netIncome": "176239000"}, {"fiscalDateEnding": "2013-04-30", "reportedCurrency": "USD", "grossProfit": "422195000", "totalRevenue": "659250000", "costOfRevenue": "237055000", "costofGoodsAndServicesSold": "237055000", "operatingIncome": "191382000", "sellingGeneralAndAdministrative": "102702000", "researchAndDevelopment": "128110000", "operatingExpenses": "230813000", "investmentIncomeNet": "None", "netInterestIncome": "None", "interestIncome": "None", "interestExpense": "6357000", "nonInterestIncome": "None", "otherNonOperatingIncome": "2636000", "depreciation": "None", "depreciationAndAmortization": "27533000", "incomeBeforeTax": "187661000", "incomeTaxExpense": "23189000", "interestAndDebtExpense": "None", "netIncomeFromContinuingOperations": "164472000", "comprehensiveIncomeNetOfTax": "None", "ebit": "194018000", "ebitda": "221551000", "netIncome": "164472000"}, {"fiscalDateEnding": "2013-01-31", "reportedCurrency": "USD", "grossProfit": "390284000", "totalRevenue": "622134000", "costOfRevenue": "231850000", "costofGoodsAndServicesSold": "231850000", "operatingIncome": "153489000", "sellingGeneralAndAdministrative": "97165000", "researchAndDevelopment": "125164000", "operatingExpenses": "222724000", "investmentIncomeNet": "None", "netInterestIncome": "None", "interestIncome": "None", "interestExpense": "6414000", "nonInterestIncome": "None", "otherNonOperatingIncome": "3034000", "depreciation": "None", "depreciationAndAmortization": "27810000", "incomeBeforeTax": "150109000", "incomeTaxExpense": "18887000", "interestAndDebtExpense": "None", "netIncomeFromContinuingOperations": "131222000", "comprehensiveIncomeNetOfTax": "None", "ebit": "156523000", "ebitda": "184333000", "netIncome": "131222000"}, {"fiscalDateEnding": "2012-10-31", "reportedCurrency": "USD", "grossProfit": "443282000", "totalRevenue": "694964000", "costOfRevenue": "251682000", "costofGoodsAndServicesSold": "251682000", "operatingIncome": "215279000", "sellingGeneralAndAdministrative": "77226000", "researchAndDevelopment": "130394000", "operatingExpenses": "228003000", "investmentIncomeNet": "None", "netInterestIncome": "None", "interestIncome": "None", "interestExpense": "6391000", "nonInterestIncome": "None", "otherNonOperatingIncome": "3636000", "depreciation": "None", "depreciationAndAmortization": "27538000", "incomeBeforeTax": "212524000", "incomeTaxExpense": "33337000", "interestAndDebtExpense": "None", "netIncomeFromContinuingOperations": "179187000", "comprehensiveIncomeNetOfTax": "None", "ebit": "218915000", "ebitda": "246453000", "netIncome": "179187000"}, {"fiscalDateEnding": "2012-07-31", "reportedCurrency": "USD", "grossProfit": "447874000", "totalRevenue": "683026000", "costOfRevenue": "235152000", "costofGoodsAndServicesSold": "235152000", "operatingIncome": "212471000", "sellingGeneralAndAdministrative": "97197000", "researchAndDevelopment": "129694000", "operatingExpenses": "229567000", "investmentIncomeNet": "None", "netInterestIncome": "None", "interestIncome": "None", "interestExpense": "6459000", "nonInterestIncome": "None", "otherNonOperatingIncome": "3457000", "depreciation": "None", "depreciationAndAmortization": "27163000", "incomeBeforeTax": "209469000", "incomeTaxExpense": "39701000", "interestAndDebtExpense": "None", "netIncomeFromContinuingOperations": "169768000", "comprehensiveIncomeNetOfTax": "None", "ebit": "215928000", "ebitda": "243091000", "netIncome": "169768000"}, {"fiscalDateEnding": "2012-04-30", "reportedCurrency": "USD", "grossProfit": "440455000", "totalRevenue": "675094000", "costOfRevenue": "234639000", "costofGoodsAndServicesSold": "234639000", "operatingIncome": "212926000", "sellingGeneralAndAdministrative": "100000000", "researchAndDevelopment": "127537000", "operatingExpenses": "227529000", "investmentIncomeNet": "None", "netInterestIncome": "None", "interestIncome": "None", "interestExpense": "6890000", "nonInterestIncome": "None", "otherNonOperatingIncome": "5418000", "depreciation": "None", "depreciationAndAmortization": "26889000", "incomeBeforeTax": "211454000", "incomeTaxExpense": "48555000", "interestAndDebtExpense": "None", "netIncomeFromContinuingOperations": "162899000", "comprehensiveIncomeNetOfTax": "None", "ebit": "218344000", "ebitda": "245233000", "netIncome": "162899000"}, {"fiscalDateEnding": "2012-01-31", "reportedCurrency": "USD", "grossProfit": "409390000", "totalRevenue": "648058000", "costOfRevenue": "238668000", "costofGoodsAndServicesSold": "238668000", "operatingIncome": "183372000", "sellingGeneralAndAdministrative": "99000000", "researchAndDevelopment": "124378000", "operatingExpenses": "223423000", "investmentIncomeNet": "None", "netInterestIncome": "None", "interestIncome": "None", "interestExpense": "6682000", "nonInterestIncome": "None", "otherNonOperatingIncome": "3396000", "depreciation": "None", "depreciationAndAmortization": "28243000", "incomeBeforeTax": "180086000", "incomeTaxExpense": "40704000", "interestAndDebtExpense": "None", "netIncomeFromContinuingOperations": "139382000", "comprehensiveIncomeNetOfTax": "None", "ebit": "186768000", "ebitda": "215011000", "netIncome": "139382000"}, {"fiscalDateEnding": "2011-10-31", "reportedCurrency": "USD", "grossProfit": "460514000", "totalRevenue": "716134000", "costOfRevenue": "255620000", "costofGoodsAndServicesSold": "255620000", "operatingIncome": "235292000", "sellingGeneralAndAdministrative": "99100000", "researchAndDevelopment": "123889000", "operatingExpenses": "222983000", "investmentIncomeNet": "None", "netInterestIncome": "None", "interestIncome": "None", "interestExpense": "6079000", "nonInterestIncome": "None", "otherNonOperatingIncome": "1787000", "depreciation": "None", "depreciationAndAmortization": "29048000", "incomeBeforeTax": "231000000", "incomeTaxExpense": "47473000", "interestAndDebtExpense": "None", "netIncomeFromContinuingOperations": "183527000", "comprehensiveIncomeNetOfTax": "None", "ebit": "237079000", "ebitda": "266127000", "netIncome": "183527000"}, {"fiscalDateEnding": "2011-07-31", "reportedCurrency": "USD", "grossProfit": "509640000", "totalRevenue": "757902000", "costOfRevenue": "248262000", "costofGoodsAndServicesSold": "248262000", "operatingIncome": "278841000", "sellingGeneralAndAdministrative": "102300000", "researchAndDevelopment": "128476000", "operatingExpenses": "230799000", "investmentIncomeNet": "None", "netInterestIncome": "None", "interestIncome": "None", "interestExpense": "6159000", "nonInterestIncome": "None", "otherNonOperatingIncome": "2189000", "depreciation": "None", "depreciationAndAmortization": "29480000", "incomeBeforeTax": "274871000", "incomeTaxExpense": "54936000", "interestAndDebtExpense": "None", "netIncomeFromContinuingOperations": "219935000", "comprehensiveIncomeNetOfTax": "None", "ebit": "281030000", "ebitda": "310510000", "netIncome": "219935000"}, {"fiscalDateEnding": "2011-04-30", "reportedCurrency": "USD", "grossProfit": "534214000", "totalRevenue": "790780000", "costOfRevenue": "256566000", "costofGoodsAndServicesSold": "256566000", "operatingIncome": "298486000", "sellingGeneralAndAdministrative": "105268000", "researchAndDevelopment": "130460000", "operatingExpenses": "235728000", "investmentIncomeNet": "None", "netInterestIncome": "None", "interestIncome": "None", "interestExpense": "4078000", "nonInterestIncome": "None", "otherNonOperatingIncome": "2348000", "depreciation": "None", "depreciationAndAmortization": "29806000", "incomeBeforeTax": "296756000", "incomeTaxExpense": "54930000", "interestAndDebtExpense": "None", "netIncomeFromContinuingOperations": "241826000", "comprehensiveIncomeNetOfTax": "None", "ebit": "300834000", "ebitda": "330640000", "netIncome": "241826000"}, {"fiscalDateEnding": "2011-01-31", "reportedCurrency": "USD", "grossProfit": "482173000", "totalRevenue": "728504000", "costOfRevenue": "246331000", "costofGoodsAndServicesSold": "246331000", "operatingIncome": "259406000", "sellingGeneralAndAdministrative": "100000000", "researchAndDevelopment": "122745000", "operatingExpenses": "222767000", "investmentIncomeNet": "None", "netInterestIncome": "None", "interestIncome": "None", "interestExpense": "2830000", "nonInterestIncome": "None", "otherNonOperatingIncome": "2244000", "depreciation": "None", "depreciationAndAmortization": "29885000", "incomeBeforeTax": "258820000", "incomeTaxExpense": "43214000", "interestAndDebtExpense": "None", "netIncomeFromContinuingOperations": "215606000", "comprehensiveIncomeNetOfTax": "None", "ebit": "261650000", "ebitda": "291535000", "netIncome": "222106000"}, {"fiscalDateEnding": "2010-10-31", "reportedCurrency": "USD", "grossProfit": "516229000", "totalRevenue": "769990000", "costOfRevenue": "253761000", "costofGoodsAndServicesSold": "253761000", "operatingIncome": "285740000", "sellingGeneralAndAdministrative": "102300000", "researchAndDevelopment": "128140000", "operatingExpenses": "230489000", "investmentIncomeNet": "None", "netInterestIncome": "None", "interestIncome": "None", "interestExpense": "2709000", "nonInterestIncome": "None", "otherNonOperatingIncome": "5026000", "depreciation": "None", "depreciationAndAmortization": "29946000", "incomeBeforeTax": "288057000", "incomeTaxExpense": "63063000", "interestAndDebtExpense": "None", "netIncomeFromContinuingOperations": "224994000", "comprehensiveIncomeNetOfTax": "None", "ebit": "290766000", "ebitda": "320712000", "netIncome": "224994000"}, {"fiscalDateEnding": "2010-07-31", "reportedCurrency": "USD", "grossProfit": "480202000", "totalRevenue": "720290000", "costOfRevenue": "240088000", "costofGoodsAndServicesSold": "240088000", "operatingIncome": "251145000", "sellingGeneralAndAdministrative": "102070000", "researchAndDevelopment": "126987000", "operatingExpenses": "229057000", "investmentIncomeNet": "None", "netInterestIncome": "None", "interestIncome": "None", "interestExpense": "2614000", "nonInterestIncome": "None", "otherNonOperatingIncome": "2790000", "depreciation": "None", "depreciationAndAmortization": "29191000", "incomeBeforeTax": "251321000", "incomeTaxExpense": "51830000", "interestAndDebtExpense": "None", "netIncomeFromContinuingOperations": "199491000", "comprehensiveIncomeNetOfTax": "None", "ebit": "253935000", "ebitda": "283126000", "netIncome": "199491000"}, {"fiscalDateEnding": "2010-04-30", "reportedCurrency": "USD", "grossProfit": "434515000", "totalRevenue": "668240000", "costOfRevenue": "233725000", "costofGoodsAndServicesSold": "233725000", "operatingIncome": "214075000", "sellingGeneralAndAdministrative": "97700000", "researchAndDevelopment": "122780000", "operatingExpenses": "220440000", "investmentIncomeNet": "None", "netInterestIncome": "None", "interestIncome": "None", "interestExpense": "2568000", "nonInterestIncome": "None", "otherNonOperatingIncome": "2513000", "depreciation": "None", "depreciationAndAmortization": "30692000", "incomeBeforeTax": "214020000", "incomeTaxExpense": "46880000", "interestAndDebtExpense": "None", "netIncomeFromContinuingOperations": "167140000", "comprehensiveIncomeNetOfTax": "None", "ebit": "216588000", "ebitda": "247280000", "netIncome": "167140000"}, {"fiscalDateEnding": "2010-01-31", "reportedCurrency": "USD", "grossProfit": "368476000", "totalRevenue": "602983000", "costOfRevenue": "234507000", "costofGoodsAndServicesSold": "234507000", "operatingIncome": "149114000", "sellingGeneralAndAdministrative": "88500000", "researchAndDevelopment": "114398000", "operatingExpenses": "202879000", "investmentIncomeNet": "None", "netInterestIncome": "None", "interestIncome": "None", "interestExpense": "2538000", "nonInterestIncome": "None", "otherNonOperatingIncome": "1691000", "depreciation": "None", "depreciationAndAmortization": "31082000", "incomeBeforeTax": "148267000", "incomeTaxExpense": "28667000", "interestAndDebtExpense": "None", "netIncomeFromContinuingOperations": "119600000", "comprehensiveIncomeNetOfTax": "None", "ebit": "150805000", "ebitda": "181887000", "netIncome": "120459000"}, {"fiscalDateEnding": "2009-10-31", "reportedCurrency": "USD", "grossProfit": "321854000", "totalRevenue": "571600000", "costOfRevenue": "249746000", "costofGoodsAndServicesSold": "249746000", "operatingIncome": "128372000", "sellingGeneralAndAdministrative": "83356000", "researchAndDevelopment": "110126000", "operatingExpenses": "193482000", "investmentIncomeNet": "None", "netInterestIncome": "None", "interestIncome": "None", "interestExpense": "2726000", "nonInterestIncome": "None", "otherNonOperatingIncome": "None", "depreciation": "None", "depreciationAndAmortization": "32148000", "incomeBeforeTax": "127226000", "incomeTaxExpense": "21617000", "interestAndDebtExpense": "None", "netIncomeFromContinuingOperations": "0", "comprehensiveIncomeNetOfTax": "None", "ebit": "129952000", "ebitda": "162100000", "netIncome": "105609000"}, {"fiscalDateEnding": "2009-07-31", "reportedCurrency": "USD", "grossProfit": "266229000", "totalRevenue": "491991000", "costOfRevenue": "225762000", "costofGoodsAndServicesSold": "225762000", "operatingIncome": "78945000", "sellingGeneralAndAdministrative": "79700000", "researchAndDevelopment": "107578000", "operatingExpenses": "187284000", "investmentIncomeNet": "None", "netInterestIncome": "None", "interestIncome": "None", "interestExpense": "1368000", "nonInterestIncome": "None", "otherNonOperatingIncome": "2450000", "depreciation": "None", "depreciationAndAmortization": "31979000", "incomeBeforeTax": "80027000", "incomeTaxExpense": "14567000", "interestAndDebtExpense": "None", "netIncomeFromContinuingOperations": "65460000", "comprehensiveIncomeNetOfTax": "None", "ebit": "81395000", "ebitda": "113374000", "netIncome": "65460000"}, {"fiscalDateEnding": "2009-04-30", "reportedCurrency": "USD", "grossProfit": "261552000", "totalRevenue": "474748000", "costOfRevenue": "213196000", "costofGoodsAndServicesSold": "213196000", "operatingIncome": "57909000", "sellingGeneralAndAdministrative": "82300000", "researchAndDevelopment": "109448000", "operatingExpenses": "191724000", "investmentIncomeNet": "None", "netInterestIncome": "None", "interestIncome": "None", "interestExpense": "3527000", "nonInterestIncome": "None", "otherNonOperatingIncome": "None", "depreciation": "None", "depreciationAndAmortization": "35031000", "incomeBeforeTax": "62233000", "incomeTaxExpense": "10479000", "interestAndDebtExpense": "None", "netIncomeFromContinuingOperations": "0", "comprehensiveIncomeNetOfTax": "None", "ebit": "62233000", "ebitda": "97264000", "netIncome": "51754000"}, {"fiscalDateEnding": "2009-01-31", "reportedCurrency": "USD", "grossProfit": "269002000", "totalRevenue": "476569000", "costOfRevenue": "207567000", "costofGoodsAndServicesSold": "207567000", "operatingIncome": "19591000", "sellingGeneralAndAdministrative": "87846000", "researchAndDevelopment": "119828000", "operatingExpenses": "207674000", "investmentIncomeNet": "None", "netInterestIncome": "None", "interestIncome": "None", "interestExpense": "7796000", "nonInterestIncome": "None", "otherNonOperatingIncome": "None", "depreciation": "None", "depreciationAndAmortization": "40712000", "incomeBeforeTax": "27958000", "incomeTaxExpense": "3373000", "interestAndDebtExpense": "None", "netIncomeFromContinuingOperations": "0", "comprehensiveIncomeNetOfTax": "None", "ebit": "27958000", "ebitda": "68670000", "netIncome": "24949000"}, {"fiscalDateEnding": "2008-10-31", "reportedCurrency": "USD", "grossProfit": "403657000", "totalRevenue": "660696000", "costOfRevenue": "257039000", "costofGoodsAndServicesSold": "257039000", "operatingIncome": "160737000", "sellingGeneralAndAdministrative": "106400000", "researchAndDevelopment": "133451000", "operatingExpenses": "242920000", "investmentIncomeNet": "None", "netInterestIncome": "None", "interestIncome": "None", "interestExpense": "10257000", "nonInterestIncome": "None", "otherNonOperatingIncome": "None", "depreciation": "None", "depreciationAndAmortization": "37935000", "incomeBeforeTax": "171365000", "incomeTaxExpense": "27123000", "interestAndDebtExpense": "None", "netIncomeFromContinuingOperations": "0", "comprehensiveIncomeNetOfTax": "None", "ebit": "160737000", "ebitda": "198672000", "netIncome": "143871000"}, {"fiscalDateEnding": "2008-07-31", "reportedCurrency": "USD", "grossProfit": "401794000", "totalRevenue": "658986000", "costOfRevenue": "257192000", "costofGoodsAndServicesSold": "257192000", "operatingIncome": "161190000", "sellingGeneralAndAdministrative": "104800000", "researchAndDevelopment": "135837000", "operatingExpenses": "240604000", "investmentIncomeNet": "None", "netInterestIncome": "None", "interestIncome": "None", "interestExpense": "16954000", "nonInterestIncome": "None", "otherNonOperatingIncome": "None", "depreciation": "None", "depreciationAndAmortization": "38682000", "incomeBeforeTax": "168731000", "incomeTaxExpense": "39536000", "interestAndDebtExpense": "None", "netIncomeFromContinuingOperations": "0", "comprehensiveIncomeNetOfTax": "None", "ebit": "122508000", "ebitda": "161190000", "netIncome": "138608000"}, {"fiscalDateEnding": "2008-04-30", "reportedCurrency": "USD", "grossProfit": "396021000", "totalRevenue": "649340000", "costOfRevenue": "253319000", "costofGoodsAndServicesSold": "253319000", "operatingIncome": "157185000", "sellingGeneralAndAdministrative": "104200000", "researchAndDevelopment": "134653000", "operatingExpenses": "238836000", "investmentIncomeNet": "None", "netInterestIncome": "None", "interestIncome": "None", "interestExpense": "13749000", "nonInterestIncome": "None", "otherNonOperatingIncome": "None", "depreciation": "None", "depreciationAndAmortization": "38881000", "incomeBeforeTax": "167740000", "incomeTaxExpense": "37848000", "interestAndDebtExpense": "None", "netIncomeFromContinuingOperations": "0", "comprehensiveIncomeNetOfTax": "None", "ebit": "118304000", "ebitda": "157185000", "netIncome": "133086000"}, {"fiscalDateEnding": "2008-01-31", "reportedCurrency": "USD", "grossProfit": "375803000", "totalRevenue": "613909000", "costOfRevenue": "238106000", "costofGoodsAndServicesSold": "238106000", "operatingIncome": "145913000", "sellingGeneralAndAdministrative": "100400000", "researchAndDevelopment": "129539000", "operatingExpenses": "229890000", "investmentIncomeNet": "None", "netInterestIncome": "None", "interestIncome": "None", "interestExpense": "12353000", "nonInterestIncome": "None", "otherNonOperatingIncome": "None", "depreciation": "None", "depreciationAndAmortization": "37974000", "incomeBeforeTax": "158266000", "incomeTaxExpense": "36418000", "interestAndDebtExpense": "None", "netIncomeFromContinuingOperations": "0", "comprehensiveIncomeNetOfTax": "None", "ebit": "107939000", "ebitda": "145913000", "netIncome": "370719000"}, {"fiscalDateEnding": "2007-10-31", "reportedCurrency": "USD", "grossProfit": "331974000", "totalRevenue": "505059000", "costOfRevenue": "173085000", "costofGoodsAndServicesSold": "173085000", "operatingIncome": "133502000", "sellingGeneralAndAdministrative": "97400000", "researchAndDevelopment": "80173000", "operatingExpenses": "213784000", "investmentIncomeNet": "None", "netInterestIncome": "None", "interestIncome": "None", "interestExpense": "9103000", "nonInterestIncome": "None", "otherNonOperatingIncome": "None", "depreciation": "None", "depreciationAndAmortization": "37677000", "incomeBeforeTax": "146393000", "incomeTaxExpense": "44716000", "interestAndDebtExpense": "None", "netIncomeFromContinuingOperations": "0", "comprehensiveIncomeNetOfTax": "None", "ebit": "118190000", "ebitda": "155867000", "netIncome": "97889000"}, {"fiscalDateEnding": "2007-07-31", "reportedCurrency": "USD", "grossProfit": "388585000", "totalRevenue": "680312000", "costOfRevenue": "291727000", "costofGoodsAndServicesSold": "291727000", "operatingIncome": "137644000", "sellingGeneralAndAdministrative": "99900000", "researchAndDevelopment": "148562000", "operatingExpenses": "250941000", "investmentIncomeNet": "None", "netInterestIncome": "None", "interestIncome": "None", "interestExpense": "16449000", "nonInterestIncome": "None", "otherNonOperatingIncome": "None", "depreciation": "None", "depreciationAndAmortization": "38909000", "incomeBeforeTax": "154093000", "incomeTaxExpense": "33658000", "interestAndDebtExpense": "None", "netIncomeFromContinuingOperations": "0", "comprehensiveIncomeNetOfTax": "None", "ebit": "98735000", "ebitda": "137644000", "netIncome": "120435000"}, {"fiscalDateEnding": "2007-04-30", "reportedCurrency": "USD", "grossProfit": "381638000", "totalRevenue": "669132000", "costOfRevenue": "287494000", "costofGoodsAndServicesSold": "287494000", "operatingIncome": "131791000", "sellingGeneralAndAdministrative": "90200000", "researchAndDevelopment": "146686000", "operatingExpenses": "239731000", "investmentIncomeNet": "None", "netInterestIncome": "None", "interestIncome": "None", "interestExpense": "31092000", "nonInterestIncome": "None", "otherNonOperatingIncome": "None", "depreciation": "None", "depreciationAndAmortization": "38974000", "incomeBeforeTax": "162883000", "incomeTaxExpense": "37527000", "interestAndDebtExpense": "None", "netIncomeFromContinuingOperations": "0", "comprehensiveIncomeNetOfTax": "None", "ebit": "144322000", "ebitda": "183296000", "netIncome": "125356000"}, {"fiscalDateEnding": "2007-01-31", "reportedCurrency": "USD", "grossProfit": "417020000", "totalRevenue": "691614000", "costOfRevenue": "274594000", "costofGoodsAndServicesSold": "274594000", "operatingIncome": "163249000", "sellingGeneralAndAdministrative": "102000000", "researchAndDevelopment": "143894000", "operatingExpenses": "5253771000", "investmentIncomeNet": "None", "netInterestIncome": "None", "interestIncome": "None", "interestExpense": "32521000", "nonInterestIncome": "None", "otherNonOperatingIncome": "None", "depreciation": "None", "depreciationAndAmortization": "39223000", "incomeBeforeTax": "195551000", "incomeTaxExpense": "42543000", "interestAndDebtExpense": "None", "netIncomeFromContinuingOperations": "0", "comprehensiveIncomeNetOfTax": "None", "ebit": "169411000", "ebitda": "208634000", "netIncome": "153227000"}, {"fiscalDateEnding": "2006-10-31", "reportedCurrency": "USD", "grossProfit": "374572000", "totalRevenue": "644342000", "costOfRevenue": "269770000", "costofGoodsAndServicesSold": "269770000", "operatingIncome": "119324000", "sellingGeneralAndAdministrative": "99100000", "researchAndDevelopment": "137550000", "operatingExpenses": "240050000", "investmentIncomeNet": "None", "netInterestIncome": "None", "interestIncome": "None", "interestExpense": "25243000", "nonInterestIncome": "None", "otherNonOperatingIncome": "None", "depreciation": "None", "depreciationAndAmortization": "42263000", "incomeBeforeTax": "143819000", "incomeTaxExpense": "6148000", "interestAndDebtExpense": "None", "netIncomeFromContinuingOperations": "0", "comprehensiveIncomeNetOfTax": "None", "ebit": "134522000", "ebitda": "176785000", "netIncome": "138419000"}, {"fiscalDateEnding": "2006-07-31", "reportedCurrency": "USD", "grossProfit": "390110000", "totalRevenue": "663660000", "costOfRevenue": "273550000", "costofGoodsAndServicesSold": "273550000", "operatingIncome": "148886000", "sellingGeneralAndAdministrative": "98000000", "researchAndDevelopment": "136061000", "operatingExpenses": "235724000", "investmentIncomeNet": "None", "netInterestIncome": "None", "interestIncome": "None", "interestExpense": "26277000", "nonInterestIncome": "None", "otherNonOperatingIncome": "None", "depreciation": "None", "depreciationAndAmortization": "43326000", "incomeBeforeTax": "175163000", "incomeTaxExpense": "30478000", "interestAndDebtExpense": "None", "netIncomeFromContinuingOperations": "0", "comprehensiveIncomeNetOfTax": "None", "ebit": "154386000", "ebitda": "197712000", "netIncome": "144685000"}, {"fiscalDateEnding": "2006-04-30", "reportedCurrency": "USD", "grossProfit": "380671000", "totalRevenue": "643872000", "costOfRevenue": "263201000", "costofGoodsAndServicesSold": "263201000", "operatingIncome": "151391000", "sellingGeneralAndAdministrative": "95900000", "researchAndDevelopment": "131848000", "operatingExpenses": "229280000", "investmentIncomeNet": "None", "netInterestIncome": "None", "interestIncome": "None", "interestExpense": "39225000", "nonInterestIncome": "None", "otherNonOperatingIncome": "None", "depreciation": "None", "depreciationAndAmortization": "43091000", "incomeBeforeTax": "190616000", "incomeTaxExpense": "44795000", "interestAndDebtExpense": "None", "netIncomeFromContinuingOperations": "0", "comprehensiveIncomeNetOfTax": "None", "ebit": "151391000", "ebitda": "194482000", "netIncome": "145821000"}, {"fiscalDateEnding": "2006-01-31", "reportedCurrency": "USD", "grossProfit": "360787000", "totalRevenue": "621302000", "costOfRevenue": "260515000", "costofGoodsAndServicesSold": "260515000", "operatingIncome": "132205000", "sellingGeneralAndAdministrative": "94800000", "researchAndDevelopment": "131288000", "operatingExpenses": "228582000", "investmentIncomeNet": "None", "netInterestIncome": "None", "interestIncome": "None", "interestExpense": "20592000", "nonInterestIncome": "None", "otherNonOperatingIncome": "None", "depreciation": "None", "depreciationAndAmortization": "43483000", "incomeBeforeTax": "152797000", "incomeTaxExpense": "32240000", "interestAndDebtExpense": "None", "netIncomeFromContinuingOperations": "0", "comprehensiveIncomeNetOfTax": "None", "ebit": "88722000", "ebitda": "132205000", "netIncome": "120557000"}, {"fiscalDateEnding": "2005-10-31", "reportedCurrency": "USD", "grossProfit": "362675000", "totalRevenue": "622130000", "costOfRevenue": "259455000", "costofGoodsAndServicesSold": "259455000", "operatingIncome": "122776000", "sellingGeneralAndAdministrative": "84700000", "researchAndDevelopment": "123704000", "operatingExpenses": "239899000", "investmentIncomeNet": "None", "netInterestIncome": "None", "interestIncome": "None", "interestExpense": "21890000", "nonInterestIncome": "None", "otherNonOperatingIncome": "None", "depreciation": "None", "depreciationAndAmortization": "38396000", "incomeBeforeTax": "144666000", "incomeTaxExpense": "76325000", "interestAndDebtExpense": "None", "netIncomeFromContinuingOperations": "0", "comprehensiveIncomeNetOfTax": "None", "ebit": "122776000", "ebitda": "161172000", "netIncome": "68341000"}, {"fiscalDateEnding": "2005-07-31", "reportedCurrency": "USD", "grossProfit": "338238000", "totalRevenue": "582416000", "costOfRevenue": "244178000", "costofGoodsAndServicesSold": "244178000", "operatingIncome": "134614000", "sellingGeneralAndAdministrative": "84400000", "researchAndDevelopment": "119217000", "operatingExpenses": "203624000", "investmentIncomeNet": "None", "netInterestIncome": "None", "interestIncome": "None", "interestExpense": "19062000", "nonInterestIncome": "None", "otherNonOperatingIncome": "None", "depreciation": "None", "depreciationAndAmortization": "38473000", "incomeBeforeTax": "153676000", "incomeTaxExpense": "32272000", "interestAndDebtExpense": "None", "netIncomeFromContinuingOperations": "0", "comprehensiveIncomeNetOfTax": "None", "ebit": "134614000", "ebitda": "173087000", "netIncome": "121404000"}, {"fiscalDateEnding": "2005-04-30", "reportedCurrency": "USD", "grossProfit": "346399000", "totalRevenue": "603726000", "costOfRevenue": "257327000", "costofGoodsAndServicesSold": "257327000", "operatingIncome": "133944000", "sellingGeneralAndAdministrative": "85813000", "researchAndDevelopment": "126642000", "operatingExpenses": "212455000", "investmentIncomeNet": "None", "netInterestIncome": "None", "interestIncome": "None", "interestExpense": "16768000", "nonInterestIncome": "None", "otherNonOperatingIncome": "None", "depreciation": "None", "depreciationAndAmortization": "39698000", "incomeBeforeTax": "150712000", "incomeTaxExpense": "33113000", "interestAndDebtExpense": "None", "netIncomeFromContinuingOperations": "0", "comprehensiveIncomeNetOfTax": "None", "ebit": "133944000", "ebitda": "173642000", "netIncome": "117599000"}, {"fiscalDateEnding": "2005-01-31", "reportedCurrency": "USD", "grossProfit": "335528000", "totalRevenue": "580536000", "costOfRevenue": "245008000", "costofGoodsAndServicesSold": "245008000", "operatingIncome": "124653000", "sellingGeneralAndAdministrative": "83300000", "researchAndDevelopment": "127534000", "operatingExpenses": "210875000", "investmentIncomeNet": "None", "netInterestIncome": "None", "interestIncome": "None", "interestExpense": "13983000", "nonInterestIncome": "None", "otherNonOperatingIncome": "None", "depreciation": "None", "depreciationAndAmortization": "38997000", "incomeBeforeTax": "138636000", "incomeTaxExpense": "31193000", "interestAndDebtExpense": "None", "netIncomeFromContinuingOperations": "0", "comprehensiveIncomeNetOfTax": "None", "ebit": "124653000", "ebitda": "163650000", "netIncome": "107443000"}]}