{"symbol": "TRGP", "annualReports": [{"fiscalDateEnding": "2024-12-31", "reportedCurrency": "USD", "grossProfit": "4255500000", "totalRevenue": "16381500000", "costOfRevenue": "12126000000", "costofGoodsAndServicesSold": "12126000000", "operatingIncome": "2695400000", "sellingGeneralAndAdministrative": "384900000", "researchAndDevelopment": "None", "operatingExpenses": "1560100000", "investmentIncomeNet": "None", "netInterestIncome": "-768000000", "interestIncome": "None", "interestExpense": "767200000", "nonInterestIncome": "None", "otherNonOperatingIncome": "None", "depreciation": "None", "depreciationAndAmortization": "1423000000", "incomeBeforeTax": "1938000000", "incomeTaxExpense": "384500000", "interestAndDebtExpense": "None", "netIncomeFromContinuingOperations": "1553500000", "comprehensiveIncomeNetOfTax": "None", "ebit": "2705200000", "ebitda": "4128200000", "netIncome": "1279100000"}, {"fiscalDateEnding": "2023-12-31", "reportedCurrency": "USD", "grossProfit": "4054300000", "totalRevenue": "16060300000", "costOfRevenue": "12006000000", "costofGoodsAndServicesSold": "12006000000", "operatingIncome": "2626200000", "sellingGeneralAndAdministrative": "348700000", "researchAndDevelopment": "None", "operatingExpenses": "1428100000", "investmentIncomeNet": "None", "netInterestIncome": "-655400000", "interestIncome": "None", "interestExpense": "687800000", "nonInterestIncome": "None", "otherNonOperatingIncome": "None", "depreciation": "None", "depreciationAndAmortization": "1335500000", "incomeBeforeTax": "1942500000", "incomeTaxExpense": "363200000", "interestAndDebtExpense": "None", "netIncomeFromContinuingOperations": "1617600000", "comprehensiveIncomeNetOfTax": "None", "ebit": "2630300000", "ebitda": "3965800000", "netIncome": "1345900000"}, {"fiscalDateEnding": "2022-12-31", "reportedCurrency": "USD", "grossProfit": "2951700000", "totalRevenue": "20929800000", "costOfRevenue": "17978100000", "costofGoodsAndServicesSold": "17978100000", "operatingIncome": "1729000000", "sellingGeneralAndAdministrative": "309700000", "researchAndDevelopment": "None", "operatingExpenses": "1222500000", "investmentIncomeNet": "None", "netInterestIncome": "-495700000", "interestIncome": "None", "interestExpense": "446100000", "nonInterestIncome": "None", "otherNonOperatingIncome": "429900000", "depreciation": "None", "depreciationAndAmortization": "1100800000", "incomeBeforeTax": "1663200000", "incomeTaxExpense": "131800000", "interestAndDebtExpense": "None", "netIncomeFromContinuingOperations": "1531400000", "comprehensiveIncomeNetOfTax": "None", "ebit": "1729000000", "ebitda": "2829800000", "netIncome": "896800000"}, {"fiscalDateEnding": "2021-12-31", "reportedCurrency": "USD", "grossProfit": "2349700000", "totalRevenue": "16949800000", "costOfRevenue": "14600100000", "costofGoodsAndServicesSold": "14600100000", "operatingIncome": "1289500000", "sellingGeneralAndAdministrative": "273200000", "researchAndDevelopment": "None", "operatingExpenses": "1020300000", "investmentIncomeNet": "None", "netInterestIncome": "-404500000", "interestIncome": "None", "interestExpense": "387900000", "nonInterestIncome": "None", "otherNonOperatingIncome": "-23300000", "depreciation": "None", "depreciationAndAmortization": "874600000", "incomeBeforeTax": "436900000", "incomeTaxExpense": "14800000", "interestAndDebtExpense": "None", "netIncomeFromContinuingOperations": "422100000", "comprehensiveIncomeNetOfTax": "None", "ebit": "824800000", "ebitda": "1699400000", "netIncome": "422100000"}, {"fiscalDateEnding": "2020-12-31", "reportedCurrency": "USD", "grossProfit": "2290100000", "totalRevenue": "8260300000", "costOfRevenue": "5970200000", "costofGoodsAndServicesSold": "5970200000", "operatingIncome": "3809600000", "sellingGeneralAndAdministrative": "254600000", "researchAndDevelopment": "None", "operatingExpenses": "1037000000", "investmentIncomeNet": "None", "netInterestIncome": "-345700000", "interestIncome": "None", "interestExpense": "391300000", "nonInterestIncome": "None", "otherNonOperatingIncome": "76000000", "depreciation": "None", "depreciationAndAmortization": "868700000", "incomeBeforeTax": "-1573100000", "incomeTaxExpense": "-248100000", "interestAndDebtExpense": "None", "netIncomeFromContinuingOperations": "-1325000000", "comprehensiveIncomeNetOfTax": "None", "ebit": "-1181800000", "ebitda": "-313100000", "netIncome": "-1325000000"}, {"fiscalDateEnding": "2019-12-31", "reportedCurrency": "USD", "grossProfit": "1581000000", "totalRevenue": "8671100000", "costOfRevenue": "7090100000", "costofGoodsAndServicesSold": "7090100000", "operatingIncome": "618700000", "sellingGeneralAndAdministrative": "280700000", "researchAndDevelopment": "None", "operatingExpenses": "1144900000", "investmentIncomeNet": "None", "netInterestIncome": "-337800000", "interestIncome": "298800000", "interestExpense": "337800000", "nonInterestIncome": "None", "otherNonOperatingIncome": "108300000", "depreciation": "None", "depreciationAndAmortization": "976300000", "incomeBeforeTax": "-46700000", "incomeTaxExpense": "-87900000", "interestAndDebtExpense": "None", "netIncomeFromContinuingOperations": "41200000", "comprehensiveIncomeNetOfTax": "None", "ebit": "291100000", "ebitda": "1267400000", "netIncome": "41200000"}, {"fiscalDateEnding": "2018-12-31", "reportedCurrency": "USD", "grossProfit": "1429900000", "totalRevenue": "10484000000", "costOfRevenue": "9054100000", "costofGoodsAndServicesSold": "9054100000", "operatingIncome": "237500000", "sellingGeneralAndAdministrative": "256900000", "researchAndDevelopment": "0", "operatingExpenses": "982500000", "investmentIncomeNet": "None", "netInterestIncome": "-185800000", "interestIncome": "178500000", "interestExpense": "185800000", "nonInterestIncome": "None", "otherNonOperatingIncome": "7400000", "depreciation": "None", "depreciationAndAmortization": "819600000", "incomeBeforeTax": "65900000", "incomeTaxExpense": "5500000", "interestAndDebtExpense": "None", "netIncomeFromContinuingOperations": "60400000", "comprehensiveIncomeNetOfTax": "None", "ebit": "447400000", "ebitda": "1267000000", "netIncome": "1600000"}, {"fiscalDateEnding": "2017-12-31", "reportedCurrency": "USD", "grossProfit": "1099300000", "totalRevenue": "8814900000", "costOfRevenue": "7715600000", "costofGoodsAndServicesSold": "7715600000", "operatingIncome": "-122400000", "sellingGeneralAndAdministrative": "203400000", "researchAndDevelopment": "0", "operatingExpenses": "827800000", "investmentIncomeNet": "None", "netInterestIncome": "-233700000", "interestIncome": "250700000", "interestExpense": "233700000", "nonInterestIncome": "None", "otherNonOperatingIncome": "-19600000", "depreciation": "None", "depreciationAndAmortization": "813400000", "incomeBeforeTax": "-292900000", "incomeTaxExpense": "-397100000", "interestAndDebtExpense": "None", "netIncomeFromContinuingOperations": "104200000", "comprehensiveIncomeNetOfTax": "None", "ebit": "-59200000", "ebitda": "754200000", "netIncome": "54000000"}, {"fiscalDateEnding": "2016-12-31", "reportedCurrency": "USD", "grossProfit": "1010300000", "totalRevenue": "6690900000", "costOfRevenue": "5680600000", "costofGoodsAndServicesSold": "5680600000", "operatingIncome": "55800000", "sellingGeneralAndAdministrative": "187200000", "researchAndDevelopment": "0", "operatingExpenses": "747500000", "investmentIncomeNet": "None", "netInterestIncome": "-254200000", "interestIncome": "268500000", "interestExpense": "254200000", "nonInterestIncome": "None", "otherNonOperatingIncome": "-13100000", "depreciation": "None", "depreciationAndAmortization": "762300000", "incomeBeforeTax": "-259700000", "incomeTaxExpense": "-100600000", "interestAndDebtExpense": "None", "netIncomeFromContinuingOperations": "-159100000", "comprehensiveIncomeNetOfTax": "None", "ebit": "268900000", "ebitda": "1031200000", "netIncome": "-187300000"}, {"fiscalDateEnding": "2015-12-31", "reportedCurrency": "USD", "grossProfit": "1108500000", "totalRevenue": "6658600000", "costOfRevenue": "5550100000", "costofGoodsAndServicesSold": "5550100000", "operatingIncome": "159300000", "sellingGeneralAndAdministrative": "161700000", "researchAndDevelopment": "0", "operatingExpenses": "659200000", "investmentIncomeNet": "None", "netInterestIncome": "None", "interestIncome": "234400000", "interestExpense": "231900000", "nonInterestIncome": "None", "otherNonOperatingIncome": "-29100000", "depreciation": "None", "depreciationAndAmortization": "677100000", "incomeBeforeTax": "-111800000", "incomeTaxExpense": "39600000", "interestAndDebtExpense": "None", "netIncomeFromContinuingOperations": "-151400000", "comprehensiveIncomeNetOfTax": "None", "ebit": "441300000", "ebitda": "1118400000", "netIncome": "58300000"}, {"fiscalDateEnding": "2014-12-31", "reportedCurrency": "USD", "grossProfit": "1218600000", "totalRevenue": "8616500000", "costOfRevenue": "7397900000", "costofGoodsAndServicesSold": "7397900000", "operatingIncome": "640500000", "sellingGeneralAndAdministrative": "148000000", "researchAndDevelopment": "0", "operatingExpenses": "578100000", "investmentIncomeNet": "None", "netInterestIncome": "None", "interestIncome": "None", "interestExpense": "147100000", "nonInterestIncome": "None", "otherNonOperatingIncome": "10000000", "depreciation": "None", "depreciationAndAmortization": "351000000", "incomeBeforeTax": "491000000", "incomeTaxExpense": "68000000", "interestAndDebtExpense": "None", "netIncomeFromContinuingOperations": "423000000", "comprehensiveIncomeNetOfTax": "None", "ebit": "635700000", "ebitda": "986700000", "netIncome": "102300000"}, {"fiscalDateEnding": "2013-12-31", "reportedCurrency": "USD", "grossProfit": "905600000", "totalRevenue": "6556000000", "costOfRevenue": "5650400000", "costofGoodsAndServicesSold": "5650400000", "operatingIncome": "368200000", "sellingGeneralAndAdministrative": "151500000", "researchAndDevelopment": "0", "operatingExpenses": "537400000", "investmentIncomeNet": "None", "netInterestIncome": "None", "interestIncome": "None", "interestExpense": "134100000", "nonInterestIncome": "None", "otherNonOperatingIncome": "30100000", "depreciation": "None", "depreciationAndAmortization": "271900000", "incomeBeforeTax": "249500000", "incomeTaxExpense": "48200000", "interestAndDebtExpense": "None", "netIncomeFromContinuingOperations": "201300000", "comprehensiveIncomeNetOfTax": "None", "ebit": "372100000", "ebitda": "644000000", "netIncome": "65100000"}, {"fiscalDateEnding": "2012-12-31", "reportedCurrency": "USD", "grossProfit": "809100000", "totalRevenue": "5885700000", "costOfRevenue": "5076600000", "costofGoodsAndServicesSold": "5076600000", "operatingIncome": "336300000", "sellingGeneralAndAdministrative": "139800000", "researchAndDevelopment": "0", "operatingExpenses": "472800000", "investmentIncomeNet": "None", "netInterestIncome": "None", "interestIncome": "None", "interestExpense": "120800000", "nonInterestIncome": "None", "otherNonOperatingIncome": "-19300000", "depreciation": "None", "depreciationAndAmortization": "197600000", "incomeBeforeTax": "196200000", "incomeTaxExpense": "36900000", "interestAndDebtExpense": "None", "netIncomeFromContinuingOperations": "159300000", "comprehensiveIncomeNetOfTax": "None", "ebit": "351900000", "ebitda": "549500000", "netIncome": "38100000"}, {"fiscalDateEnding": "2011-12-31", "reportedCurrency": "USD", "grossProfit": "955500000", "totalRevenue": "6994500000", "costOfRevenue": "6039000000", "costofGoodsAndServicesSold": "6039000000", "operatingIncome": "351100000", "sellingGeneralAndAdministrative": "136100000", "researchAndDevelopment": "None", "operatingExpenses": "604400000", "investmentIncomeNet": "None", "netInterestIncome": "None", "interestIncome": "None", "interestExpense": "111700000", "nonInterestIncome": "None", "otherNonOperatingIncome": "None", "depreciation": "None", "depreciationAndAmortization": "181000000", "incomeBeforeTax": "242000000", "incomeTaxExpense": "26600000", "interestAndDebtExpense": "None", "netIncomeFromContinuingOperations": "None", "comprehensiveIncomeNetOfTax": "None", "ebit": "345600000", "ebitda": "526600000", "netIncome": "30700000"}, {"fiscalDateEnding": "2010-12-31", "reportedCurrency": "USD", "grossProfit": "781500000", "totalRevenue": "5469200000", "costOfRevenue": "4687700000", "costofGoodsAndServicesSold": "4687700000", "operatingIncome": "196100000", "sellingGeneralAndAdministrative": "144400000", "researchAndDevelopment": "None", "operatingExpenses": "585400000", "investmentIncomeNet": "None", "netInterestIncome": "None", "interestIncome": "None", "interestExpense": "110900000", "nonInterestIncome": "None", "otherNonOperatingIncome": "None", "depreciation": "None", "depreciationAndAmortization": "174700000", "incomeBeforeTax": "85800000", "incomeTaxExpense": "22500000", "interestAndDebtExpense": "None", "netIncomeFromContinuingOperations": "None", "comprehensiveIncomeNetOfTax": "None", "ebit": "194700000", "ebitda": "369400000", "netIncome": "-15000000"}, {"fiscalDateEnding": "2009-12-31", "reportedCurrency": "USD", "grossProfit": "744900000", "totalRevenue": "4536000000", "costOfRevenue": "3791100000", "costofGoodsAndServicesSold": "3791100000", "operatingIncome": "217200000", "sellingGeneralAndAdministrative": "120400000", "researchAndDevelopment": "None", "operatingExpenses": "527700000", "investmentIncomeNet": "None", "netInterestIncome": "None", "interestIncome": "None", "interestExpense": "132100000", "nonInterestIncome": "None", "otherNonOperatingIncome": "None", "depreciation": "None", "depreciationAndAmortization": "168800000", "incomeBeforeTax": "99800000", "incomeTaxExpense": "20700000", "interestAndDebtExpense": "None", "netIncomeFromContinuingOperations": "None", "comprehensiveIncomeNetOfTax": "None", "ebit": "234800000", "ebitda": "403600000", "netIncome": "29300000"}, {"fiscalDateEnding": "2008-12-31", "reportedCurrency": "USD", "grossProfit": "780400000", "totalRevenue": "7998900000", "costOfRevenue": "7218500000", "costofGoodsAndServicesSold": "7218500000", "operatingIncome": "234500000", "sellingGeneralAndAdministrative": "96400000", "researchAndDevelopment": "None", "operatingExpenses": "545900000", "investmentIncomeNet": "None", "netInterestIncome": "None", "interestIncome": "None", "interestExpense": "141200000", "nonInterestIncome": "None", "otherNonOperatingIncome": "None", "depreciation": "None", "depreciationAndAmortization": "160900000", "incomeBeforeTax": "153700000", "incomeTaxExpense": "19300000", "interestAndDebtExpense": "None", "netIncomeFromContinuingOperations": "None", "comprehensiveIncomeNetOfTax": "None", "ebit": "296800000", "ebitda": "457700000", "netIncome": "37300000"}], "quarterlyReports": [{"fiscalDateEnding": "2024-12-31", "reportedCurrency": "USD", "grossProfit": "1104200000", "totalRevenue": "4405300000", "costOfRevenue": "3301100000", "costofGoodsAndServicesSold": "3301100000", "operatingIncome": "700500000", "sellingGeneralAndAdministrative": "97500000", "researchAndDevelopment": "None", "operatingExpenses": "403700000", "investmentIncomeNet": "None", "netInterestIncome": "-177700000", "interestIncome": "None", "interestExpense": "177700000", "nonInterestIncome": "None", "otherNonOperatingIncome": "None", "depreciation": "None", "depreciationAndAmortization": "378500000", "incomeBeforeTax": "524400000", "incomeTaxExpense": "110400000", "interestAndDebtExpense": "None", "netIncomeFromContinuingOperations": "414000000", "comprehensiveIncomeNetOfTax": "None", "ebit": "702100000", "ebitda": "1080600000", "netIncome": "351000000"}, {"fiscalDateEnding": "2024-09-30", "reportedCurrency": "USD", "grossProfit": "830400000", "totalRevenue": "3851800000", "costOfRevenue": "3021400000", "costofGoodsAndServicesSold": "3021400000", "operatingIncome": "728200000", "sellingGeneralAndAdministrative": "102600000", "researchAndDevelopment": "None", "operatingExpenses": "100500000", "investmentIncomeNet": "None", "netInterestIncome": "-184900000", "interestIncome": "None", "interestExpense": "184900000", "nonInterestIncome": "None", "otherNonOperatingIncome": "None", "depreciation": "None", "depreciationAndAmortization": "355400000", "incomeBeforeTax": "545100000", "incomeTaxExpense": "97000000", "interestAndDebtExpense": "None", "netIncomeFromContinuingOperations": "448100000", "comprehensiveIncomeNetOfTax": "None", "ebit": "731000000", "ebitda": "1086400000", "netIncome": "387400000"}, {"fiscalDateEnding": "2024-06-30", "reportedCurrency": "USD", "grossProfit": "781900000", "totalRevenue": "3618600000", "costOfRevenue": "2836700000", "costofGoodsAndServicesSold": "2836700000", "operatingIncome": "683500000", "sellingGeneralAndAdministrative": "98300000", "researchAndDevelopment": "None", "operatingExpenses": "98400000", "investmentIncomeNet": "None", "netInterestIncome": "-176800000", "interestIncome": "None", "interestExpense": "176000000", "nonInterestIncome": "None", "otherNonOperatingIncome": "None", "depreciation": "None", "depreciationAndAmortization": "350200000", "incomeBeforeTax": "453200000", "incomeTaxExpense": "94300000", "interestAndDebtExpense": "None", "netIncomeFromContinuingOperations": "358900000", "comprehensiveIncomeNetOfTax": "None", "ebit": "627200000", "ebitda": "977400000", "netIncome": "298500000"}, {"fiscalDateEnding": "2024-03-31", "reportedCurrency": "USD", "grossProfit": "761000000", "totalRevenue": "4597500000", "costOfRevenue": "3836500000", "costofGoodsAndServicesSold": "3836500000", "operatingIncome": "674400000", "sellingGeneralAndAdministrative": "86500000", "researchAndDevelopment": "None", "operatingExpenses": "86600000", "investmentIncomeNet": "None", "netInterestIncome": "-228600000", "interestIncome": "None", "interestExpense": "228600000", "nonInterestIncome": "None", "otherNonOperatingIncome": "None", "depreciation": "None", "depreciationAndAmortization": "342100000", "incomeBeforeTax": "415300000", "incomeTaxExpense": "82700000", "interestAndDebtExpense": "None", "netIncomeFromContinuingOperations": "332600000", "comprehensiveIncomeNetOfTax": "None", "ebit": "639500000", "ebitda": "981600000", "netIncome": "275200000"}, {"fiscalDateEnding": "2023-12-31", "reportedCurrency": "USD", "grossProfit": "722400000", "totalRevenue": "4231800000", "costOfRevenue": "3509400000", "costofGoodsAndServicesSold": "3509400000", "operatingIncome": "627100000", "sellingGeneralAndAdministrative": "95300000", "researchAndDevelopment": "None", "operatingExpenses": "95300000", "investmentIncomeNet": "None", "netInterestIncome": "-180100000", "interestIncome": "None", "interestExpense": "178000000", "nonInterestIncome": "None", "otherNonOperatingIncome": "None", "depreciation": "None", "depreciationAndAmortization": "342800000", "incomeBeforeTax": "460100000", "incomeTaxExpense": "102500000", "interestAndDebtExpense": "None", "netIncomeFromContinuingOperations": "357600000", "comprehensiveIncomeNetOfTax": "None", "ebit": "635300000", "ebitda": "978100000", "netIncome": "299600000"}, {"fiscalDateEnding": "2023-09-30", "reportedCurrency": "USD", "grossProfit": "875300000", "totalRevenue": "3896600000", "costOfRevenue": "3021300000", "costofGoodsAndServicesSold": "3021300000", "operatingIncome": "505100000", "sellingGeneralAndAdministrative": "90000000", "researchAndDevelopment": "None", "operatingExpenses": "370200000", "investmentIncomeNet": "None", "netInterestIncome": "-175100000", "interestIncome": "None", "interestExpense": "175100000", "nonInterestIncome": "None", "otherNonOperatingIncome": "None", "depreciation": "None", "depreciationAndAmortization": "332700000", "incomeBeforeTax": "332900000", "incomeTaxExpense": "53900000", "interestAndDebtExpense": "None", "netIncomeFromContinuingOperations": "279000000", "comprehensiveIncomeNetOfTax": "None", "ebit": "505100000", "ebitda": "837800000", "netIncome": "220000000"}, {"fiscalDateEnding": "2023-06-30", "reportedCurrency": "USD", "grossProfit": "1002700000", "totalRevenue": "3403700000", "costOfRevenue": "2401000000", "costofGoodsAndServicesSold": "2401000000", "operatingIncome": "649100000", "sellingGeneralAndAdministrative": "81000000", "researchAndDevelopment": "None", "operatingExpenses": "353600000", "investmentIncomeNet": "None", "netInterestIncome": "-166600000", "interestIncome": "None", "interestExpense": "166600000", "nonInterestIncome": "None", "otherNonOperatingIncome": "None", "depreciation": "None", "depreciationAndAmortization": "333600000", "incomeBeforeTax": "483900000", "incomeTaxExpense": "96400000", "interestAndDebtExpense": "None", "netIncomeFromContinuingOperations": "387500000", "comprehensiveIncomeNetOfTax": "None", "ebit": "649100000", "ebitda": "982700000", "netIncome": "329300000"}, {"fiscalDateEnding": "2023-03-31", "reportedCurrency": "USD", "grossProfit": "1176700000", "totalRevenue": "4520500000", "costOfRevenue": "3343800000", "costofGoodsAndServicesSold": "3343800000", "operatingIncome": "836700000", "sellingGeneralAndAdministrative": "82400000", "researchAndDevelopment": "None", "operatingExpenses": "340000000", "investmentIncomeNet": "None", "netInterestIncome": "-168000000", "interestIncome": "None", "interestExpense": "168000000", "nonInterestIncome": "None", "otherNonOperatingIncome": "-3200000", "depreciation": "None", "depreciationAndAmortization": "324800000", "incomeBeforeTax": "665500000", "incomeTaxExpense": "110300000", "interestAndDebtExpense": "None", "netIncomeFromContinuingOperations": "555200000", "comprehensiveIncomeNetOfTax": "None", "ebit": "836700000", "ebitda": "1161500000", "netIncome": "497000000"}, {"fiscalDateEnding": "2022-12-31", "reportedCurrency": "USD", "grossProfit": "900700000", "totalRevenue": "4554800000", "costOfRevenue": "3654100000", "costofGoodsAndServicesSold": "3654100000", "operatingIncome": "551400000", "sellingGeneralAndAdministrative": "92500000", "researchAndDevelopment": "None", "operatingExpenses": "349300000", "investmentIncomeNet": "None", "netInterestIncome": "-145600000", "interestIncome": "None", "interestExpense": "145600000", "nonInterestIncome": "None", "otherNonOperatingIncome": "-100000", "depreciation": "None", "depreciationAndAmortization": "329800000", "incomeBeforeTax": "405700000", "incomeTaxExpense": "9800000", "interestAndDebtExpense": "None", "netIncomeFromContinuingOperations": "395900000", "comprehensiveIncomeNetOfTax": "None", "ebit": "551300000", "ebitda": "881100000", "netIncome": "318000000"}, {"fiscalDateEnding": "2022-09-30", "reportedCurrency": "USD", "grossProfit": "766600000", "totalRevenue": "5360100000", "costOfRevenue": "4593500000", "costofGoodsAndServicesSold": "4593500000", "operatingIncome": "430000000", "sellingGeneralAndAdministrative": "79100000", "researchAndDevelopment": "None", "operatingExpenses": "336600000", "investmentIncomeNet": "None", "netInterestIncome": "-125800000", "interestIncome": "None", "interestExpense": "125800000", "nonInterestIncome": "None", "otherNonOperatingIncome": "-12900000", "depreciation": "None", "depreciationAndAmortization": "288500000", "incomeBeforeTax": "291300000", "incomeTaxExpense": "12000000", "interestAndDebtExpense": "None", "netIncomeFromContinuingOperations": "279300000", "comprehensiveIncomeNetOfTax": "None", "ebit": "430000000", "ebitda": "718500000", "netIncome": "279300000"}, {"fiscalDateEnding": "2022-06-30", "reportedCurrency": "USD", "grossProfit": "738600000", "totalRevenue": "6055800000", "costOfRevenue": "5317200000", "costofGoodsAndServicesSold": "5317200000", "operatingIncome": "451900000", "sellingGeneralAndAdministrative": "71000000", "researchAndDevelopment": "None", "operatingExpenses": "286700000", "investmentIncomeNet": "None", "netInterestIncome": "-115000000", "interestIncome": "None", "interestExpense": "81200000", "nonInterestIncome": "None", "otherNonOperatingIncome": "437800000", "depreciation": "None", "depreciationAndAmortization": "271000000", "incomeBeforeTax": "774700000", "incomeTaxExpense": "87100000", "interestAndDebtExpense": "None", "netIncomeFromContinuingOperations": "687600000", "comprehensiveIncomeNetOfTax": "None", "ebit": "451900000", "ebitda": "722900000", "netIncome": "596400000"}, {"fiscalDateEnding": "2022-03-31", "reportedCurrency": "USD", "grossProfit": "545900000", "totalRevenue": "4959100000", "costOfRevenue": "4413200000", "costofGoodsAndServicesSold": "4413200000", "operatingIncome": "295800000", "sellingGeneralAndAdministrative": "67100000", "researchAndDevelopment": "None", "operatingExpenses": "250100000", "investmentIncomeNet": "None", "netInterestIncome": "-109400000", "interestIncome": "None", "interestExpense": "109400000", "nonInterestIncome": "None", "otherNonOperatingIncome": "5100000", "depreciation": "None", "depreciationAndAmortization": "210200000", "incomeBeforeTax": "191500000", "incomeTaxExpense": "22900000", "interestAndDebtExpense": "None", "netIncomeFromContinuingOperations": "168600000", "comprehensiveIncomeNetOfTax": "None", "ebit": "295800000", "ebitda": "506000000", "netIncome": "168600000"}, {"fiscalDateEnding": "2021-12-31", "reportedCurrency": "USD", "grossProfit": "652200000", "totalRevenue": "5441600000", "costOfRevenue": "4789400000", "costofGoodsAndServicesSold": "4789400000", "operatingIncome": "-91600000", "sellingGeneralAndAdministrative": "80800000", "researchAndDevelopment": "None", "operatingExpenses": "279200000", "investmentIncomeNet": "None", "netInterestIncome": "-103700000", "interestIncome": "None", "interestExpense": "103700000", "nonInterestIncome": "None", "otherNonOperatingIncome": "-62600000", "depreciation": "None", "depreciationAndAmortization": "220700000", "incomeBeforeTax": "-257900000", "incomeTaxExpense": "-8700000", "interestAndDebtExpense": "None", "netIncomeFromContinuingOperations": "-249200000", "comprehensiveIncomeNetOfTax": "None", "ebit": "-154200001", "ebitda": "66499999", "netIncome": "-313600000"}, {"fiscalDateEnding": "2021-09-30", "reportedCurrency": "USD", "grossProfit": "622200000", "totalRevenue": "4459700000", "costOfRevenue": "3837500000", "costofGoodsAndServicesSold": "3837500000", "operatingIncome": "366500000", "sellingGeneralAndAdministrative": "67300000", "researchAndDevelopment": "None", "operatingExpenses": "255700000", "investmentIncomeNet": "None", "netInterestIncome": "-91000000", "interestIncome": "None", "interestExpense": "91000000", "nonInterestIncome": "None", "otherNonOperatingIncome": "14500000", "depreciation": "None", "depreciationAndAmortization": "223800000", "incomeBeforeTax": "290000000", "incomeTaxExpense": "2000000", "interestAndDebtExpense": "None", "netIncomeFromContinuingOperations": "288000000", "comprehensiveIncomeNetOfTax": "None", "ebit": "366600000", "ebitda": "590400000", "netIncome": "182200000"}, {"fiscalDateEnding": "2021-06-30", "reportedCurrency": "USD", "grossProfit": "495000000", "totalRevenue": "3415900000", "costOfRevenue": "2920900000", "costofGoodsAndServicesSold": "2920900000", "operatingIncome": "245800000", "sellingGeneralAndAdministrative": "63700000", "researchAndDevelopment": "None", "operatingExpenses": "249200000", "investmentIncomeNet": "None", "netInterestIncome": "-96700000", "interestIncome": "None", "interestExpense": "94800000", "nonInterestIncome": "None", "otherNonOperatingIncome": "12900000", "depreciation": "None", "depreciationAndAmortization": "213000000", "incomeBeforeTax": "162000000", "incomeTaxExpense": "6600000", "interestAndDebtExpense": "None", "netIncomeFromContinuingOperations": "155400000", "comprehensiveIncomeNetOfTax": "None", "ebit": "245700000", "ebitda": "458700000", "netIncome": "56200000"}, {"fiscalDateEnding": "2021-03-31", "reportedCurrency": "USD", "grossProfit": "580200000", "totalRevenue": "3632700000", "costOfRevenue": "3052500000", "costofGoodsAndServicesSold": "3052500000", "operatingIncome": "344100000", "sellingGeneralAndAdministrative": "61400000", "researchAndDevelopment": "None", "operatingExpenses": "236100000", "investmentIncomeNet": "None", "netInterestIncome": "-113100000", "interestIncome": "None", "interestExpense": "113100000", "nonInterestIncome": "None", "otherNonOperatingIncome": "11900000", "depreciation": "None", "depreciationAndAmortization": "217100000", "incomeBeforeTax": "242900000", "incomeTaxExpense": "15000000", "interestAndDebtExpense": "None", "netIncomeFromContinuingOperations": "227900000", "comprehensiveIncomeNetOfTax": "None", "ebit": "344100000", "ebitda": "561200000", "netIncome": "146400000"}, {"fiscalDateEnding": "2020-12-31", "reportedCurrency": "USD", "grossProfit": "596700000", "totalRevenue": "2572800000", "costOfRevenue": "1976100000", "costofGoodsAndServicesSold": "1976100000", "operatingIncome": "265200000", "sellingGeneralAndAdministrative": "74000000", "researchAndDevelopment": "None", "operatingExpenses": "289000000", "investmentIncomeNet": "None", "netInterestIncome": "-100700000", "interestIncome": "None", "interestExpense": "100700000", "nonInterestIncome": "None", "otherNonOperatingIncome": "19700000", "depreciation": "None", "depreciationAndAmortization": "217800000", "incomeBeforeTax": "184500000", "incomeTaxExpense": "38500000", "interestAndDebtExpense": "None", "netIncomeFromContinuingOperations": "146000000", "comprehensiveIncomeNetOfTax": "None", "ebit": "2718300000", "ebitda": "2936100000", "netIncome": "33600000"}, {"fiscalDateEnding": "2020-09-30", "reportedCurrency": "USD", "grossProfit": "608200000", "totalRevenue": "2115100000", "costOfRevenue": "1506900000", "costofGoodsAndServicesSold": "1506900000", "operatingIncome": "295500000", "sellingGeneralAndAdministrative": "58600000", "researchAndDevelopment": "None", "operatingExpenses": "241200000", "investmentIncomeNet": "None", "netInterestIncome": "-111400000", "interestIncome": "None", "interestExpense": "97700000", "nonInterestIncome": "None", "otherNonOperatingIncome": "20000000", "depreciation": "None", "depreciationAndAmortization": "203700000", "incomeBeforeTax": "204100000", "incomeTaxExpense": "31900000", "interestAndDebtExpense": "None", "netIncomeFromContinuingOperations": "172200000", "comprehensiveIncomeNetOfTax": "None", "ebit": "301800000", "ebitda": "505500000", "netIncome": "69300000"}, {"fiscalDateEnding": "2020-06-30", "reportedCurrency": "USD", "grossProfit": "458400000", "totalRevenue": "1523500000", "costOfRevenue": "1065100000", "costofGoodsAndServicesSold": "1065100000", "operatingIncome": "213100000", "sellingGeneralAndAdministrative": "61500000", "researchAndDevelopment": "None", "operatingExpenses": "245300000", "investmentIncomeNet": "None", "netInterestIncome": "-74900000", "interestIncome": "None", "interestExpense": "96700000", "nonInterestIncome": "None", "otherNonOperatingIncome": "15700000", "depreciation": "None", "depreciationAndAmortization": "204500000", "incomeBeforeTax": "153900000", "incomeTaxExpense": "-23200000", "interestAndDebtExpense": "None", "netIncomeFromContinuingOperations": "177100000", "comprehensiveIncomeNetOfTax": "None", "ebit": "213100000", "ebitda": "417600000", "netIncome": "81000000"}, {"fiscalDateEnding": "2020-03-31", "reportedCurrency": "USD", "grossProfit": "621500000", "totalRevenue": "2048900000", "costOfRevenue": "1427400000", "costofGoodsAndServicesSold": "1427400000", "operatingIncome": "-2077500000", "sellingGeneralAndAdministrative": "60500000", "researchAndDevelopment": "None", "operatingExpenses": "256200000", "investmentIncomeNet": "None", "netInterestIncome": "-98000000", "interestIncome": "77400000", "interestExpense": "98000000", "nonInterestIncome": "None", "otherNonOperatingIncome": "20600000", "depreciation": "None", "depreciationAndAmortization": "239100000", "incomeBeforeTax": "-2115600000", "incomeTaxExpense": "-295300000", "interestAndDebtExpense": "None", "netIncomeFromContinuingOperations": "-1820300000", "comprehensiveIncomeNetOfTax": "None", "ebit": "365300000", "ebitda": "604400000", "netIncome": "-1737800000"}, {"fiscalDateEnding": "2019-12-31", "reportedCurrency": "USD", "grossProfit": "518400000", "totalRevenue": "2473900000", "costOfRevenue": "1955500000", "costofGoodsAndServicesSold": "1955500000", "operatingIncome": "-23700000", "sellingGeneralAndAdministrative": "57200000", "researchAndDevelopment": "None", "operatingExpenses": "320400000", "investmentIncomeNet": "None", "netInterestIncome": "-96000000", "interestIncome": "72900000", "interestExpense": "96000000", "nonInterestIncome": "None", "otherNonOperatingIncome": "None", "depreciation": "None", "depreciationAndAmortization": "252700000", "incomeBeforeTax": "-93000000", "incomeTaxExpense": "-77900000", "interestAndDebtExpense": "None", "netIncomeFromContinuingOperations": "-15100000", "comprehensiveIncomeNetOfTax": "None", "ebit": "198000000", "ebitda": "450700000", "netIncome": "-112800000"}, {"fiscalDateEnding": "2019-09-30", "reportedCurrency": "USD", "grossProfit": "330100000", "totalRevenue": "1902500000", "costOfRevenue": "1572400000", "costofGoodsAndServicesSold": "1572400000", "operatingIncome": "41600000", "sellingGeneralAndAdministrative": "69900000", "researchAndDevelopment": "None", "operatingExpenses": "270100000", "investmentIncomeNet": "None", "netInterestIncome": "-89100000", "interestIncome": "79100000", "interestExpense": "89100000", "nonInterestIncome": "None", "otherNonOperatingIncome": "75800000", "depreciation": "None", "depreciationAndAmortization": "244300000", "incomeBeforeTax": "28300000", "incomeTaxExpense": "-3800000", "interestAndDebtExpense": "None", "netIncomeFromContinuingOperations": "32100000", "comprehensiveIncomeNetOfTax": "None", "ebit": "12600000", "ebitda": "256900000", "netIncome": "-47300000"}, {"fiscalDateEnding": "2019-06-30", "reportedCurrency": "USD", "grossProfit": "396500000", "totalRevenue": "1995300000", "costOfRevenue": "1598800000", "costofGoodsAndServicesSold": "1598800000", "operatingIncome": "113700000", "sellingGeneralAndAdministrative": "72800000", "researchAndDevelopment": "None", "operatingExpenses": "283000000", "investmentIncomeNet": "None", "netInterestIncome": "-72100000", "interestIncome": "68900000", "interestExpense": "72100000", "nonInterestIncome": "None", "otherNonOperatingIncome": "3200000", "depreciation": "None", "depreciationAndAmortization": "237200000", "incomeBeforeTax": "45600000", "incomeTaxExpense": "-3300000", "interestAndDebtExpense": "None", "netIncomeFromContinuingOperations": "48900000", "comprehensiveIncomeNetOfTax": "None", "ebit": "113700000", "ebitda": "350900000", "netIncome": "-10200000"}, {"fiscalDateEnding": "2019-03-31", "reportedCurrency": "USD", "grossProfit": "336000000", "totalRevenue": "2299400000", "costOfRevenue": "1963400000", "costofGoodsAndServicesSold": "1963400000", "operatingIncome": "61300000", "sellingGeneralAndAdministrative": "81100000", "researchAndDevelopment": "None", "operatingExpenses": "274700000", "investmentIncomeNet": "None", "netInterestIncome": "-80600000", "interestIncome": "77800000", "interestExpense": "80600000", "nonInterestIncome": "None", "otherNonOperatingIncome": "2800000", "depreciation": "None", "depreciationAndAmortization": "237400000", "incomeBeforeTax": "-27600000", "incomeTaxExpense": "-2900000", "interestAndDebtExpense": "None", "netIncomeFromContinuingOperations": "-24700000", "comprehensiveIncomeNetOfTax": "None", "ebit": "61300000", "ebitda": "298700000", "netIncome": "-38900000"}, {"fiscalDateEnding": "2018-12-31", "reportedCurrency": "USD", "grossProfit": "380400000", "totalRevenue": "2597700000", "costOfRevenue": "2217300000", "costofGoodsAndServicesSold": "2217300000", "operatingIncome": "-80700000", "sellingGeneralAndAdministrative": "80000000", "researchAndDevelopment": "0", "operatingExpenses": "265500000", "investmentIncomeNet": "None", "netInterestIncome": "None", "interestIncome": "None", "interestExpense": "61600000", "nonInterestIncome": "None", "otherNonOperatingIncome": "None", "depreciation": "None", "depreciationAndAmortization": "208800000", "incomeBeforeTax": "-120400000", "incomeTaxExpense": "-32200000", "interestAndDebtExpense": "None", "netIncomeFromContinuingOperations": "-88200000", "comprehensiveIncomeNetOfTax": "None", "ebit": "114900000", "ebitda": "323700000", "netIncome": "-106600000"}, {"fiscalDateEnding": "2018-09-30", "reportedCurrency": "USD", "grossProfit": "396600000", "totalRevenue": "2986400000", "costOfRevenue": "2589800000", "costofGoodsAndServicesSold": "2589800000", "operatingIncome": "76700000", "sellingGeneralAndAdministrative": "63200000", "researchAndDevelopment": "0", "operatingExpenses": "258800000", "investmentIncomeNet": "None", "netInterestIncome": "None", "interestIncome": "None", "interestExpense": "78200000", "nonInterestIncome": "None", "otherNonOperatingIncome": "3000000", "depreciation": "None", "depreciationAndAmortization": "206400000", "incomeBeforeTax": "-15100000", "incomeTaxExpense": "-3900000", "interestAndDebtExpense": "None", "netIncomeFromContinuingOperations": "-11200000", "comprehensiveIncomeNetOfTax": "None", "ebit": "138700000", "ebitda": "345100000", "netIncome": "-23700000"}, {"fiscalDateEnding": "2018-06-30", "reportedCurrency": "USD", "grossProfit": "336500000", "totalRevenue": "2444400000", "costOfRevenue": "2107900000", "costofGoodsAndServicesSold": "2107900000", "operatingIncome": "155400000", "sellingGeneralAndAdministrative": "57000000", "researchAndDevelopment": "0", "operatingExpenses": "227800000", "investmentIncomeNet": "None", "netInterestIncome": "None", "interestIncome": "None", "interestExpense": "62000000", "nonInterestIncome": "None", "otherNonOperatingIncome": "1900000", "depreciation": "None", "depreciationAndAmortization": "202600000", "incomeBeforeTax": "153900000", "incomeTaxExpense": "32800000", "interestAndDebtExpense": "None", "netIncomeFromContinuingOperations": "121100000", "comprehensiveIncomeNetOfTax": "None", "ebit": "108700000", "ebitda": "311300000", "netIncome": "109100000"}, {"fiscalDateEnding": "2018-03-31", "reportedCurrency": "USD", "grossProfit": "316500000", "totalRevenue": "2455600000", "costOfRevenue": "2139100000", "costofGoodsAndServicesSold": "2139100000", "operatingIncome": "86300000", "sellingGeneralAndAdministrative": "56700000", "researchAndDevelopment": "0", "operatingExpenses": "230300000", "investmentIncomeNet": "None", "netInterestIncome": "None", "interestIncome": "None", "interestExpense": "16100000", "nonInterestIncome": "None", "otherNonOperatingIncome": "1500000", "depreciation": "None", "depreciationAndAmortization": "198100000", "incomeBeforeTax": "47800000", "incomeTaxExpense": "8900000", "interestAndDebtExpense": "None", "netIncomeFromContinuingOperations": "38900000", "comprehensiveIncomeNetOfTax": "None", "ebit": "86300000", "ebitda": "284400000", "netIncome": "22900000"}, {"fiscalDateEnding": "2017-12-31", "reportedCurrency": "USD", "grossProfit": "327800000", "totalRevenue": "2702800000", "costOfRevenue": "2375000000", "costofGoodsAndServicesSold": "2375000000", "operatingIncome": "113500000", "sellingGeneralAndAdministrative": "53900000", "researchAndDevelopment": "0", "operatingExpenses": "215000000", "investmentIncomeNet": "None", "netInterestIncome": "None", "interestIncome": "None", "interestExpense": "52500000", "nonInterestIncome": "None", "otherNonOperatingIncome": "None", "depreciation": "None", "depreciationAndAmortization": "206700000", "incomeBeforeTax": "34400000", "incomeTaxExpense": "-264800000", "interestAndDebtExpense": "None", "netIncomeFromContinuingOperations": "1333100000", "comprehensiveIncomeNetOfTax": "None", "ebit": "112800000", "ebitda": "319500000", "netIncome": "283300000"}, {"fiscalDateEnding": "2017-09-30", "reportedCurrency": "USD", "grossProfit": "260400000", "totalRevenue": "2131800000", "costOfRevenue": "1871400000", "costofGoodsAndServicesSold": "1871400000", "operatingIncome": "-323600000", "sellingGeneralAndAdministrative": "49900000", "researchAndDevelopment": "0", "operatingExpenses": "205700000", "investmentIncomeNet": "None", "netInterestIncome": "None", "interestIncome": "None", "interestExpense": "56100000", "nonInterestIncome": "None", "otherNonOperatingIncome": "400000", "depreciation": "None", "depreciationAndAmortization": "208200000", "incomeBeforeTax": "-252500000", "incomeTaxExpense": "-97400000", "interestAndDebtExpense": "None", "netIncomeFromContinuingOperations": "-155100000", "comprehensiveIncomeNetOfTax": "None", "ebit": "55500000", "ebitda": "263700000", "netIncome": "-167600000"}, {"fiscalDateEnding": "2017-06-30", "reportedCurrency": "USD", "grossProfit": "243700000", "totalRevenue": "1867700000", "costOfRevenue": "1624000000", "costofGoodsAndServicesSold": "1624000000", "operatingIncome": "37200000", "sellingGeneralAndAdministrative": "51000000", "researchAndDevelopment": "0", "operatingExpenses": "206400000", "investmentIncomeNet": "None", "netInterestIncome": "None", "interestIncome": "None", "interestExpense": "62100000", "nonInterestIncome": "None", "otherNonOperatingIncome": "200000", "depreciation": "None", "depreciationAndAmortization": "203500000", "incomeBeforeTax": "-35400000", "incomeTaxExpense": "-106000000", "interestAndDebtExpense": "None", "netIncomeFromContinuingOperations": "70600000", "comprehensiveIncomeNetOfTax": "None", "ebit": "38200000", "ebitda": "241700000", "netIncome": "57600000"}, {"fiscalDateEnding": "2017-03-31", "reportedCurrency": "USD", "grossProfit": "267300000", "totalRevenue": "2112600000", "costOfRevenue": "1845300000", "costofGoodsAndServicesSold": "1845300000", "operatingIncome": "50500000", "sellingGeneralAndAdministrative": "48700000", "researchAndDevelopment": "0", "operatingExpenses": "200700000", "investmentIncomeNet": "None", "netInterestIncome": "None", "interestIncome": "None", "interestExpense": "63000000", "nonInterestIncome": "None", "otherNonOperatingIncome": "-21100000", "depreciation": "None", "depreciationAndAmortization": "191100000", "incomeBeforeTax": "-39400000", "incomeTaxExpense": "71100000", "interestAndDebtExpense": "None", "netIncomeFromContinuingOperations": "-110500000", "comprehensiveIncomeNetOfTax": "None", "ebit": "66600000", "ebitda": "257700000", "netIncome": "-119300000"}, {"fiscalDateEnding": "2016-12-31", "reportedCurrency": "USD", "grossProfit": "274500000", "totalRevenue": "2012600000", "costOfRevenue": "1738100000", "costofGoodsAndServicesSold": "1738100000", "operatingIncome": "-97600000", "sellingGeneralAndAdministrative": "48900000", "researchAndDevelopment": "0", "operatingExpenses": "189100000", "investmentIncomeNet": "None", "netInterestIncome": "None", "interestIncome": "None", "interestExpense": "67200000", "nonInterestIncome": "None", "otherNonOperatingIncome": "None", "depreciation": "None", "depreciationAndAmortization": "194100000", "incomeBeforeTax": "-237400000", "incomeTaxExpense": "-96800000", "interestAndDebtExpense": "None", "netIncomeFromContinuingOperations": "-211600000", "comprehensiveIncomeNetOfTax": "None", "ebit": "91400000", "ebitda": "285500000", "netIncome": "-150800000"}, {"fiscalDateEnding": "2016-09-30", "reportedCurrency": "USD", "grossProfit": "245600000", "totalRevenue": "1652300000", "costOfRevenue": "1406700000", "costofGoodsAndServicesSold": "1406700000", "operatingIncome": "51600000", "sellingGeneralAndAdministrative": "46100000", "researchAndDevelopment": "0", "operatingExpenses": "194000000", "investmentIncomeNet": "None", "netInterestIncome": "None", "interestIncome": "None", "interestExpense": "62700000", "nonInterestIncome": "None", "otherNonOperatingIncome": "-800000", "depreciation": "None", "depreciationAndAmortization": "184000000", "incomeBeforeTax": "-11900000", "incomeTaxExpense": "-8700000", "interestAndDebtExpense": "None", "netIncomeFromContinuingOperations": "-3200000", "comprehensiveIncomeNetOfTax": "None", "ebit": "56300000", "ebitda": "240300000", "netIncome": "-10700000"}, {"fiscalDateEnding": "2016-06-30", "reportedCurrency": "USD", "grossProfit": "252300000", "totalRevenue": "1583600000", "costOfRevenue": "1331300000", "costofGoodsAndServicesSold": "1331300000", "operatingIncome": "66300000", "sellingGeneralAndAdministrative": "47000000", "researchAndDevelopment": "0", "operatingExpenses": "186000000", "investmentIncomeNet": "None", "netInterestIncome": "None", "interestIncome": "None", "interestExpense": "71400000", "nonInterestIncome": "None", "otherNonOperatingIncome": "-4500000", "depreciation": "None", "depreciationAndAmortization": "186100000", "incomeBeforeTax": "-12900000", "incomeTaxExpense": "1700000", "interestAndDebtExpense": "None", "netIncomeFromContinuingOperations": "-14600000", "comprehensiveIncomeNetOfTax": "None", "ebit": "66300000", "ebitda": "252400000", "netIncome": "-23200000"}, {"fiscalDateEnding": "2016-03-31", "reportedCurrency": "USD", "grossProfit": "237900000", "totalRevenue": "1442400000", "costOfRevenue": "1204500000", "costofGoodsAndServicesSold": "1204500000", "operatingIncome": "35500000", "sellingGeneralAndAdministrative": "45300000", "researchAndDevelopment": "0", "operatingExpenses": "178400000", "investmentIncomeNet": "None", "netInterestIncome": "None", "interestIncome": "None", "interestExpense": "52900000", "nonInterestIncome": "None", "otherNonOperatingIncome": "-4900000", "depreciation": "None", "depreciationAndAmortization": "193500000", "incomeBeforeTax": "2400000", "incomeTaxExpense": "3100000", "interestAndDebtExpense": "None", "netIncomeFromContinuingOperations": "-700000", "comprehensiveIncomeNetOfTax": "None", "ebit": "60400000", "ebitda": "253900000", "netIncome": "-2700000"}, {"fiscalDateEnding": "2015-12-31", "reportedCurrency": "USD", "grossProfit": "223300000", "totalRevenue": "1647400000", "costOfRevenue": "1424100000", "costofGoodsAndServicesSold": "1424100000", "operatingIncome": "-206900000", "sellingGeneralAndAdministrative": "25100000", "researchAndDevelopment": "0", "operatingExpenses": "140100000", "investmentIncomeNet": "None", "netInterestIncome": "None", "interestIncome": "None", "interestExpense": "42400000", "nonInterestIncome": "None", "otherNonOperatingIncome": "None", "depreciation": "None", "depreciationAndAmortization": "228800000", "incomeBeforeTax": "-246500000", "incomeTaxExpense": "-14500000", "interestAndDebtExpense": "None", "netIncomeFromContinuingOperations": "-151400000", "comprehensiveIncomeNetOfTax": "None", "ebit": "75100000", "ebitda": "303900000", "netIncome": "26900000"}, {"fiscalDateEnding": "2015-09-30", "reportedCurrency": "USD", "grossProfit": "293900000", "totalRevenue": "1632100000", "costOfRevenue": "1338200000", "costofGoodsAndServicesSold": "1338200000", "operatingIncome": "115300000", "sellingGeneralAndAdministrative": "44900000", "researchAndDevelopment": "0", "operatingExpenses": "178600000", "investmentIncomeNet": "None", "netInterestIncome": "None", "interestIncome": "None", "interestExpense": "67800000", "nonInterestIncome": "None", "otherNonOperatingIncome": "400000", "depreciation": "None", "depreciationAndAmortization": "165800000", "incomeBeforeTax": "44800000", "incomeTaxExpense": "24000000", "interestAndDebtExpense": "None", "netIncomeFromContinuingOperations": "20800000", "comprehensiveIncomeNetOfTax": "None", "ebit": "115300000", "ebitda": "281100000", "netIncome": "12700000"}, {"fiscalDateEnding": "2015-06-30", "reportedCurrency": "USD", "grossProfit": "298500000", "totalRevenue": "1699400000", "costOfRevenue": "1400900000", "costofGoodsAndServicesSold": "1400900000", "operatingIncome": "112400000", "sellingGeneralAndAdministrative": "49200000", "researchAndDevelopment": "0", "operatingExpenses": "186100000", "investmentIncomeNet": "None", "netInterestIncome": "None", "interestIncome": "None", "interestExpense": "67600000", "nonInterestIncome": "None", "otherNonOperatingIncome": "200000", "depreciation": "None", "depreciationAndAmortization": "162900000", "incomeBeforeTax": "38600000", "incomeTaxExpense": "14800000", "interestAndDebtExpense": "None", "netIncomeFromContinuingOperations": "23800000", "comprehensiveIncomeNetOfTax": "None", "ebit": "114800000", "ebitda": "277700000", "netIncome": "15200000"}, {"fiscalDateEnding": "2015-03-31", "reportedCurrency": "USD", "grossProfit": "291800000", "totalRevenue": "1679700000", "costOfRevenue": "1387900000", "costofGoodsAndServicesSold": "1387900000", "operatingIncome": "137300000", "sellingGeneralAndAdministrative": "42600000", "researchAndDevelopment": "0", "operatingExpenses": "154500000", "investmentIncomeNet": "None", "netInterestIncome": "None", "interestIncome": "None", "interestExpense": "54100000", "nonInterestIncome": "None", "otherNonOperatingIncome": "-23500000", "depreciation": "None", "depreciationAndAmortization": "119600000", "incomeBeforeTax": "49800000", "incomeTaxExpense": "15200000", "interestAndDebtExpense": "None", "netIncomeFromContinuingOperations": "34600000", "comprehensiveIncomeNetOfTax": "None", "ebit": "138500000", "ebitda": "258100000", "netIncome": "3200000"}, {"fiscalDateEnding": "2014-12-31", "reportedCurrency": "USD", "grossProfit": "300300000", "totalRevenue": "2032900000", "costOfRevenue": "1732600000", "costofGoodsAndServicesSold": "1732600000", "operatingIncome": "163100000", "sellingGeneralAndAdministrative": "25800000", "researchAndDevelopment": "0", "operatingExpenses": "137200000", "investmentIncomeNet": "None", "netInterestIncome": "None", "interestIncome": "None", "interestExpense": "40600000", "nonInterestIncome": "None", "otherNonOperatingIncome": "None", "depreciation": "None", "depreciationAndAmortization": "97900000", "incomeBeforeTax": "106900000", "incomeTaxExpense": "14400000", "interestAndDebtExpense": "None", "netIncomeFromContinuingOperations": "423000000", "comprehensiveIncomeNetOfTax": "None", "ebit": "158100000", "ebitda": "256000000", "netIncome": "25600000"}, {"fiscalDateEnding": "2014-09-30", "reportedCurrency": "USD", "grossProfit": "320200000", "totalRevenue": "2288300000", "costOfRevenue": "1968100000", "costofGoodsAndServicesSold": "1968100000", "operatingIncome": "168700000", "sellingGeneralAndAdministrative": "43000000", "researchAndDevelopment": "0", "operatingExpenses": "151500000", "investmentIncomeNet": "None", "netInterestIncome": "None", "interestIncome": "None", "interestExpense": "36900000", "nonInterestIncome": "None", "otherNonOperatingIncome": "None", "depreciation": "None", "depreciationAndAmortization": "87700000", "incomeBeforeTax": "135900000", "incomeTaxExpense": "15500000", "interestAndDebtExpense": "None", "netIncomeFromContinuingOperations": "0", "comprehensiveIncomeNetOfTax": "None", "ebit": "169800000", "ebitda": "257500000", "netIncome": "30700000"}, {"fiscalDateEnding": "2014-06-30", "reportedCurrency": "USD", "grossProfit": "298100000", "totalRevenue": "2061900000", "costOfRevenue": "1763800000", "costofGoodsAndServicesSold": "1763800000", "operatingIncome": "150300000", "sellingGeneralAndAdministrative": "41600000", "researchAndDevelopment": "0", "operatingExpenses": "147800000", "investmentIncomeNet": "None", "netInterestIncome": "None", "interestIncome": "None", "interestExpense": "35700000", "nonInterestIncome": "None", "otherNonOperatingIncome": "4100000", "depreciation": "None", "depreciationAndAmortization": "85800000", "incomeBeforeTax": "118700000", "incomeTaxExpense": "15500000", "interestAndDebtExpense": "None", "netIncomeFromContinuingOperations": "103200000", "comprehensiveIncomeNetOfTax": "None", "ebit": "151300000", "ebitda": "237100000", "netIncome": "26400000"}, {"fiscalDateEnding": "2014-03-31", "reportedCurrency": "USD", "grossProfit": "300000000", "totalRevenue": "2352900000", "costOfRevenue": "2052900000", "costofGoodsAndServicesSold": "2052900000", "operatingIncome": "158400000", "sellingGeneralAndAdministrative": "38000000", "researchAndDevelopment": "0", "operatingExpenses": "141600000", "investmentIncomeNet": "None", "netInterestIncome": "None", "interestIncome": "None", "interestExpense": "33900000", "nonInterestIncome": "None", "otherNonOperatingIncome": "None", "depreciation": "None", "depreciationAndAmortization": "79600000", "incomeBeforeTax": "129400000", "incomeTaxExpense": "22500000", "interestAndDebtExpense": "None", "netIncomeFromContinuingOperations": "0", "comprehensiveIncomeNetOfTax": "None", "ebit": "158400000", "ebitda": "238000000", "netIncome": "19600000"}, {"fiscalDateEnding": "2013-12-31", "reportedCurrency": "USD", "grossProfit": "281800000", "totalRevenue": "2159800000", "costOfRevenue": "1878000000", "costofGoodsAndServicesSold": "1878000000", "operatingIncome": "145000000", "sellingGeneralAndAdministrative": "39000000", "researchAndDevelopment": "0", "operatingExpenses": "136800000", "investmentIncomeNet": "None", "netInterestIncome": "None", "interestIncome": "None", "interestExpense": "36200000", "nonInterestIncome": "None", "otherNonOperatingIncome": "None", "depreciation": "None", "depreciationAndAmortization": "73200000", "incomeBeforeTax": "113500000", "incomeTaxExpense": "17900000", "interestAndDebtExpense": "None", "netIncomeFromContinuingOperations": "0", "comprehensiveIncomeNetOfTax": "None", "ebit": "149000000", "ebitda": "222200000", "netIncome": "20400000"}, {"fiscalDateEnding": "2013-09-30", "reportedCurrency": "USD", "grossProfit": "228000000", "totalRevenue": "1556800000", "costOfRevenue": "1328800000", "costofGoodsAndServicesSold": "1328800000", "operatingIncome": "88500000", "sellingGeneralAndAdministrative": "37700000", "researchAndDevelopment": "0", "operatingExpenses": "139500000", "investmentIncomeNet": "None", "netInterestIncome": "None", "interestIncome": "None", "interestExpense": "33400000", "nonInterestIncome": "None", "otherNonOperatingIncome": "None", "depreciation": "None", "depreciationAndAmortization": "69000000", "incomeBeforeTax": "62400000", "incomeTaxExpense": "13000000", "interestAndDebtExpense": "None", "netIncomeFromContinuingOperations": "0", "comprehensiveIncomeNetOfTax": "None", "ebit": "88500000", "ebitda": "157500000", "netIncome": "16300000"}, {"fiscalDateEnding": "2013-06-30", "reportedCurrency": "USD", "grossProfit": "199500000", "totalRevenue": "1441600000", "costOfRevenue": "1242100000", "costofGoodsAndServicesSold": "1242100000", "operatingIncome": "60900000", "sellingGeneralAndAdministrative": "38400000", "researchAndDevelopment": "0", "operatingExpenses": "138600000", "investmentIncomeNet": "None", "netInterestIncome": "None", "interestIncome": "None", "interestExpense": "32400000", "nonInterestIncome": "None", "otherNonOperatingIncome": "None", "depreciation": "None", "depreciationAndAmortization": "65700000", "incomeBeforeTax": "30500000", "incomeTaxExpense": "8000000", "interestAndDebtExpense": "None", "netIncomeFromContinuingOperations": "0", "comprehensiveIncomeNetOfTax": "None", "ebit": "60900000", "ebitda": "126600000", "netIncome": "15000000"}, {"fiscalDateEnding": "2013-03-31", "reportedCurrency": "USD", "grossProfit": "196300000", "totalRevenue": "1397800000", "costOfRevenue": "1201500000", "costofGoodsAndServicesSold": "1201500000", "operatingIncome": "73900000", "sellingGeneralAndAdministrative": "36300000", "researchAndDevelopment": "0", "operatingExpenses": "122400000", "investmentIncomeNet": "None", "netInterestIncome": "None", "interestIncome": "None", "interestExpense": "32100000", "nonInterestIncome": "None", "otherNonOperatingIncome": "1400000", "depreciation": "None", "depreciationAndAmortization": "64000000", "incomeBeforeTax": "43200000", "incomeTaxExpense": "9400000", "interestAndDebtExpense": "None", "netIncomeFromContinuingOperations": "33800000", "comprehensiveIncomeNetOfTax": "None", "ebit": "73900000", "ebitda": "137900000", "netIncome": "13400000"}, {"fiscalDateEnding": "2012-12-31", "reportedCurrency": "USD", "grossProfit": "206800000", "totalRevenue": "1527300000", "costOfRevenue": "1320500000", "costofGoodsAndServicesSold": "1320500000", "operatingIncome": "86400000", "sellingGeneralAndAdministrative": "33500000", "researchAndDevelopment": "0", "operatingExpenses": "120400000", "investmentIncomeNet": "None", "netInterestIncome": "None", "interestIncome": "None", "interestExpense": "29800000", "nonInterestIncome": "None", "otherNonOperatingIncome": "None", "depreciation": "None", "depreciationAndAmortization": "53300000", "incomeBeforeTax": "39800000", "incomeTaxExpense": "12200000", "interestAndDebtExpense": "None", "netIncomeFromContinuingOperations": "0", "comprehensiveIncomeNetOfTax": "None", "ebit": "104500000", "ebitda": "157800000", "netIncome": "11200000"}, {"fiscalDateEnding": "2012-09-30", "reportedCurrency": "USD", "grossProfit": "240500000", "totalRevenue": "1393500000", "costOfRevenue": "1153000000", "costofGoodsAndServicesSold": "1153000000", "operatingIncome": "59000000", "sellingGeneralAndAdministrative": "35700000", "researchAndDevelopment": "0", "operatingExpenses": "181500000", "investmentIncomeNet": "None", "netInterestIncome": "None", "interestIncome": "None", "interestExpense": "30000000", "nonInterestIncome": "None", "otherNonOperatingIncome": "None", "depreciation": "None", "depreciationAndAmortization": "48600000", "incomeBeforeTax": "25000000", "incomeTaxExpense": "6000000", "interestAndDebtExpense": "None", "netIncomeFromContinuingOperations": "0", "comprehensiveIncomeNetOfTax": "None", "ebit": "59000000", "ebitda": "107600000", "netIncome": "8700000"}, {"fiscalDateEnding": "2012-06-30", "reportedCurrency": "USD", "grossProfit": "244500000", "totalRevenue": "1319100000", "costOfRevenue": "1074600000", "costofGoodsAndServicesSold": "1074600000", "operatingIncome": "83200000", "sellingGeneralAndAdministrative": "35700000", "researchAndDevelopment": "0", "operatingExpenses": "161300000", "investmentIncomeNet": "None", "netInterestIncome": "None", "interestIncome": "None", "interestExpense": "30500000", "nonInterestIncome": "None", "otherNonOperatingIncome": "None", "depreciation": "None", "depreciationAndAmortization": "48300000", "incomeBeforeTax": "52100000", "incomeTaxExpense": "8600000", "interestAndDebtExpense": "None", "netIncomeFromContinuingOperations": "0", "comprehensiveIncomeNetOfTax": "None", "ebit": "83200000", "ebitda": "131500000", "netIncome": "8600000"}, {"fiscalDateEnding": "2012-03-31", "reportedCurrency": "USD", "grossProfit": "261600000", "totalRevenue": "1645800000", "costOfRevenue": "1384200000", "costofGoodsAndServicesSold": "1384200000", "operatingIncome": "107700000", "sellingGeneralAndAdministrative": "34900000", "researchAndDevelopment": "0", "operatingExpenses": "153900000", "investmentIncomeNet": "None", "netInterestIncome": "None", "interestIncome": "None", "interestExpense": "30500000", "nonInterestIncome": "None", "otherNonOperatingIncome": "None", "depreciation": "None", "depreciationAndAmortization": "47400000", "incomeBeforeTax": "79300000", "incomeTaxExpense": "10100000", "interestAndDebtExpense": "None", "netIncomeFromContinuingOperations": "0", "comprehensiveIncomeNetOfTax": "None", "ebit": "107700000", "ebitda": "155100000", "netIncome": "9600000"}, {"fiscalDateEnding": "2011-12-31", "reportedCurrency": "USD", "grossProfit": "259500000", "totalRevenue": "1934000000", "costOfRevenue": "1674500000", "costofGoodsAndServicesSold": "1674500000", "operatingIncome": "108300000", "sellingGeneralAndAdministrative": "31000000", "researchAndDevelopment": "0", "operatingExpenses": "151200000", "investmentIncomeNet": "None", "netInterestIncome": "None", "interestIncome": "None", "interestExpense": "28400000", "nonInterestIncome": "None", "otherNonOperatingIncome": "None", "depreciation": "None", "depreciationAndAmortization": "46700000", "incomeBeforeTax": "82900000", "incomeTaxExpense": "8100000", "interestAndDebtExpense": "None", "netIncomeFromContinuingOperations": "0", "comprehensiveIncomeNetOfTax": "None", "ebit": "111300000", "ebitda": "158000000", "netIncome": "8500000"}, {"fiscalDateEnding": "2011-09-30", "reportedCurrency": "USD", "grossProfit": "228100000", "totalRevenue": "1713600000", "costOfRevenue": "1485500000", "costofGoodsAndServicesSold": "1485500000", "operatingIncome": "70800000", "sellingGeneralAndAdministrative": "35400000", "researchAndDevelopment": "0", "operatingExpenses": "157300000", "investmentIncomeNet": "None", "netInterestIncome": "None", "interestIncome": "None", "interestExpense": "26800000", "nonInterestIncome": "None", "otherNonOperatingIncome": "-100000", "depreciation": "None", "depreciationAndAmortization": "45600000", "incomeBeforeTax": "43900000", "incomeTaxExpense": "7400000", "interestAndDebtExpense": "None", "netIncomeFromContinuingOperations": "36500000", "comprehensiveIncomeNetOfTax": "None", "ebit": "70700000", "ebitda": "116300000", "netIncome": "4900000"}, {"fiscalDateEnding": "2011-06-30", "reportedCurrency": "USD", "grossProfit": "250500000", "totalRevenue": "1727700000", "costOfRevenue": "1477200000", "costofGoodsAndServicesSold": "1477200000", "operatingIncome": "98500000", "sellingGeneralAndAdministrative": "35100000", "researchAndDevelopment": "0", "operatingExpenses": "152000000", "investmentIncomeNet": "None", "netInterestIncome": "None", "interestIncome": "None", "interestExpense": "28000000", "nonInterestIncome": "None", "otherNonOperatingIncome": "-1900000", "depreciation": "None", "depreciationAndAmortization": "45300000", "incomeBeforeTax": "68600000", "incomeTaxExpense": "5300000", "interestAndDebtExpense": "None", "netIncomeFromContinuingOperations": "63300000", "comprehensiveIncomeNetOfTax": "None", "ebit": "99800000", "ebitda": "145100000", "netIncome": "10500000"}, {"fiscalDateEnding": "2011-03-31", "reportedCurrency": "USD", "grossProfit": "217500000", "totalRevenue": "1618100000", "costOfRevenue": "1400600000", "costofGoodsAndServicesSold": "1400600000", "operatingIncome": "73500000", "sellingGeneralAndAdministrative": "34600000", "researchAndDevelopment": "0", "operatingExpenses": "144000000", "investmentIncomeNet": "None", "netInterestIncome": "None", "interestIncome": "None", "interestExpense": "28500000", "nonInterestIncome": "None", "otherNonOperatingIncome": "None", "depreciation": "None", "depreciationAndAmortization": "43400000", "incomeBeforeTax": "46600000", "incomeTaxExpense": "5800000", "interestAndDebtExpense": "None", "netIncomeFromContinuingOperations": "0", "comprehensiveIncomeNetOfTax": "None", "ebit": "75100000", "ebitda": "118500000", "netIncome": "6800000"}, {"fiscalDateEnding": "2010-12-31", "reportedCurrency": "USD", "grossProfit": "227100000", "totalRevenue": "1527200000", "costOfRevenue": "1300100000", "costofGoodsAndServicesSold": "1300100000", "operatingIncome": "49600000", "sellingGeneralAndAdministrative": "54600000", "researchAndDevelopment": "0", "operatingExpenses": "177500000", "investmentIncomeNet": "None", "netInterestIncome": "None", "interestIncome": "None", "interestExpense": "27000000", "nonInterestIncome": "None", "otherNonOperatingIncome": "None", "depreciation": "None", "depreciationAndAmortization": "37300000", "incomeBeforeTax": "28300000", "incomeTaxExpense": "4000000", "interestAndDebtExpense": "None", "netIncomeFromContinuingOperations": "0", "comprehensiveIncomeNetOfTax": "None", "ebit": "64600000", "ebitda": "101900000", "netIncome": "-7800000"}, {"fiscalDateEnding": "2010-09-30", "reportedCurrency": "USD", "grossProfit": "186300000", "totalRevenue": "1220000000", "costOfRevenue": "1033700000", "costofGoodsAndServicesSold": "1033700000", "operatingIncome": "43300000", "sellingGeneralAndAdministrative": "27000000", "researchAndDevelopment": "0", "operatingExpenses": "143000000", "investmentIncomeNet": "None", "netInterestIncome": "None", "interestIncome": "None", "interestExpense": "30000000", "nonInterestIncome": "None", "otherNonOperatingIncome": "None", "depreciation": "None", "depreciationAndAmortization": "50700000", "incomeBeforeTax": "4300000", "incomeTaxExpense": "8600000", "interestAndDebtExpense": "None", "netIncomeFromContinuingOperations": "0", "comprehensiveIncomeNetOfTax": "None", "ebit": "53400000", "ebitda": "104100000", "netIncome": "-17500000"}, {"fiscalDateEnding": "2010-06-30", "reportedCurrency": "USD", "grossProfit": "182200000", "totalRevenue": "1240100000", "costOfRevenue": "1057900000", "costofGoodsAndServicesSold": "1057900000", "operatingIncome": "48400000", "sellingGeneralAndAdministrative": "28000000", "researchAndDevelopment": "0", "operatingExpenses": "133800000", "investmentIncomeNet": "None", "netInterestIncome": "None", "interestIncome": "None", "interestExpense": "26400000", "nonInterestIncome": "None", "otherNonOperatingIncome": "None", "depreciation": "None", "depreciationAndAmortization": "43900000", "incomeBeforeTax": "14300000", "incomeTaxExpense": "6900000", "interestAndDebtExpense": "None", "netIncomeFromContinuingOperations": "0", "comprehensiveIncomeNetOfTax": "None", "ebit": "50800000", "ebitda": "94700000", "netIncome": "-11600000"}, {"fiscalDateEnding": "2010-03-31", "reportedCurrency": "USD", "grossProfit": "185900000", "totalRevenue": "1483600000", "costOfRevenue": "1297700000", "costofGoodsAndServicesSold": "1297700000", "operatingIncome": "54800000", "sellingGeneralAndAdministrative": "26000000", "researchAndDevelopment": "0", "operatingExpenses": "131100000", "investmentIncomeNet": "None", "netInterestIncome": "None", "interestIncome": "None", "interestExpense": "27500000", "nonInterestIncome": "None", "otherNonOperatingIncome": "None", "depreciation": "None", "depreciationAndAmortization": "42800000", "incomeBeforeTax": "38900000", "incomeTaxExpense": "3000000", "interestAndDebtExpense": "None", "netIncomeFromContinuingOperations": "0", "comprehensiveIncomeNetOfTax": "None", "ebit": "66400000", "ebitda": "109200000", "netIncome": "21900000"}, {"fiscalDateEnding": "2009-12-31", "reportedCurrency": "USD", "grossProfit": "224800000", "totalRevenue": "1391000000", "costOfRevenue": "1166200000", "costofGoodsAndServicesSold": "1166200000", "operatingIncome": "93100000", "sellingGeneralAndAdministrative": "36800000", "researchAndDevelopment": "0", "operatingExpenses": "131700000", "investmentIncomeNet": "None", "netInterestIncome": "None", "interestIncome": "None", "interestExpense": "29300000", "nonInterestIncome": "None", "otherNonOperatingIncome": "None", "depreciation": "None", "depreciationAndAmortization": "40200000", "incomeBeforeTax": "64000000", "incomeTaxExpense": "15600000", "interestAndDebtExpense": "None", "netIncomeFromContinuingOperations": "0", "comprehensiveIncomeNetOfTax": "None", "ebit": "94000000", "ebitda": "134200000", "netIncome": "16300000"}, {"fiscalDateEnding": "2009-09-30", "reportedCurrency": "USD", "grossProfit": "189300000", "totalRevenue": "1125600000", "costOfRevenue": "936300000", "costofGoodsAndServicesSold": "936300000", "operatingIncome": "50000000", "sellingGeneralAndAdministrative": "31500000", "researchAndDevelopment": "0", "operatingExpenses": "139300000", "investmentIncomeNet": "None", "netInterestIncome": "None", "interestIncome": "None", "interestExpense": "36900000", "nonInterestIncome": "None", "otherNonOperatingIncome": "None", "depreciation": "None", "depreciationAndAmortization": "45000000", "incomeBeforeTax": "9900000", "incomeTaxExpense": "-600000", "interestAndDebtExpense": "None", "netIncomeFromContinuingOperations": "0", "comprehensiveIncomeNetOfTax": "None", "ebit": "50400000", "ebitda": "95400000", "netIncome": "-500000"}, {"fiscalDateEnding": "2009-06-30", "reportedCurrency": "USD", "grossProfit": "0", "totalRevenue": "2014400000", "costOfRevenue": "1858400000", "costofGoodsAndServicesSold": "1858400000", "operatingIncome": "70900000", "sellingGeneralAndAdministrative": "0", "researchAndDevelopment": "0", "operatingExpenses": "0", "investmentIncomeNet": "None", "netInterestIncome": "None", "interestIncome": "None", "interestExpense": "65900000", "nonInterestIncome": "None", "otherNonOperatingIncome": "None", "depreciation": "None", "depreciationAndAmortization": "None", "incomeBeforeTax": "25900000", "incomeTaxExpense": "5700000", "interestAndDebtExpense": "None", "netIncomeFromContinuingOperations": "0", "comprehensiveIncomeNetOfTax": "None", "ebit": "0", "ebitda": "None", "netIncome": "13500000"}, {"fiscalDateEnding": "2008-12-31", "reportedCurrency": "USD", "grossProfit": "377800000", "totalRevenue": "7966000000", "costOfRevenue": "7588200000", "costofGoodsAndServicesSold": "7588200000", "operatingIncome": "215000000", "sellingGeneralAndAdministrative": "0", "researchAndDevelopment": "0", "operatingExpenses": "0", "investmentIncomeNet": "None", "netInterestIncome": "None", "interestIncome": "None", "interestExpense": "141200000", "nonInterestIncome": "None", "otherNonOperatingIncome": "None", "depreciation": "None", "depreciationAndAmortization": "None", "incomeBeforeTax": "153700000", "incomeTaxExpense": "19300000", "interestAndDebtExpense": "None", "netIncomeFromContinuingOperations": "0", "comprehensiveIncomeNetOfTax": "None", "ebit": "0", "ebitda": "None", "netIncome": "37300000"}]}