{"symbol": "LVS", "annualReports": [{"fiscalDateEnding": "2024-12-31", "reportedCurrency": "USD", "grossProfit": "5521000000", "totalRevenue": "11298000000", "costOfRevenue": "5777000000", "costofGoodsAndServicesSold": "5777000000", "operatingIncome": "2402000000", "sellingGeneralAndAdministrative": "1150000000", "researchAndDevelopment": "228000000", "operatingExpenses": "3119000000", "investmentIncomeNet": "None", "netInterestIncome": "-452000000", "interestIncome": "275000000", "interestExpense": "727000000", "nonInterestIncome": "None", "otherNonOperatingIncome": "None", "depreciation": "None", "depreciationAndAmortization": "1368000000", "incomeBeforeTax": "1960000000", "incomeTaxExpense": "208000000", "interestAndDebtExpense": "None", "netIncomeFromContinuingOperations": "1752000000", "comprehensiveIncomeNetOfTax": "None", "ebit": "2687000000", "ebitda": "4055000000", "netIncome": "1446000000"}, {"fiscalDateEnding": "2023-12-31", "reportedCurrency": "USD", "grossProfit": "5167000000", "totalRevenue": "10372000000", "costOfRevenue": "5205000000", "costofGoodsAndServicesSold": "5205000000", "operatingIncome": "2313000000", "sellingGeneralAndAdministrative": "1107000000", "researchAndDevelopment": "205000000", "operatingExpenses": "2854000000", "investmentIncomeNet": "None", "netInterestIncome": "-544000000", "interestIncome": "285000000", "interestExpense": "818000000", "nonInterestIncome": "None", "otherNonOperatingIncome": "None", "depreciation": "None", "depreciationAndAmortization": "1327000000", "incomeBeforeTax": "1775000000", "incomeTaxExpense": "344000000", "interestAndDebtExpense": "None", "netIncomeFromContinuingOperations": "693000000", "comprehensiveIncomeNetOfTax": "None", "ebit": "2593000000", "ebitda": "3920000000", "netIncome": "1221000000"}, {"fiscalDateEnding": "2022-12-31", "reportedCurrency": "USD", "grossProfit": "2585000000", "totalRevenue": "4110000000", "costOfRevenue": "1525000000", "costofGoodsAndServicesSold": "1525000000", "operatingIncome": "-783000000", "sellingGeneralAndAdministrative": "1171000000", "researchAndDevelopment": "143000000", "operatingExpenses": "3386000000", "investmentIncomeNet": "None", "netInterestIncome": "-586000000", "interestIncome": "586000000", "interestExpense": "702000000", "nonInterestIncome": "None", "otherNonOperatingIncome": "107000000", "depreciation": "None", "depreciationAndAmortization": "1036000000", "incomeBeforeTax": "-1387000000", "incomeTaxExpense": "154000000", "interestAndDebtExpense": "None", "netIncomeFromContinuingOperations": "-1541000000", "comprehensiveIncomeNetOfTax": "None", "ebit": "-685000000", "ebitda": "351000000", "netIncome": "-1066000000"}, {"fiscalDateEnding": "2021-12-31", "reportedCurrency": "USD", "grossProfit": "2828000000", "totalRevenue": "4234000000", "costOfRevenue": "1406000000", "costofGoodsAndServicesSold": "1406000000", "operatingIncome": "-662000000", "sellingGeneralAndAdministrative": "1042000000", "researchAndDevelopment": "109000000", "operatingExpenses": "3685000000", "investmentIncomeNet": "None", "netInterestIncome": "-617000000", "interestIncome": "4000000", "interestExpense": "621000000", "nonInterestIncome": "None", "otherNonOperatingIncome": "-27000000", "depreciation": "None", "depreciationAndAmortization": "1041000000", "incomeBeforeTax": "-1474000000", "incomeTaxExpense": "5000000", "interestAndDebtExpense": "None", "netIncomeFromContinuingOperations": "-1469000000", "comprehensiveIncomeNetOfTax": "None", "ebit": "-853000000", "ebitda": "188000000", "netIncome": "-1154000000"}, {"fiscalDateEnding": "2020-12-31", "reportedCurrency": "USD", "grossProfit": "1633000000", "totalRevenue": "2940000000", "costOfRevenue": "1307000000", "costofGoodsAndServicesSold": "1307000000", "operatingIncome": "-1320000000", "sellingGeneralAndAdministrative": "966000000", "researchAndDevelopment": "18000000", "operatingExpenses": "3007000000", "investmentIncomeNet": "None", "netInterestIncome": "-515000000", "interestIncome": "21000000", "interestExpense": "536000000", "nonInterestIncome": "None", "otherNonOperatingIncome": "43000000", "depreciation": "None", "depreciationAndAmortization": "997000000", "incomeBeforeTax": "-1876000000", "incomeTaxExpense": "24000000", "interestAndDebtExpense": "None", "netIncomeFromContinuingOperations": "-2143000000", "comprehensiveIncomeNetOfTax": "None", "ebit": "-1353000000", "ebitda": "-356000000", "netIncome": "-1442000000"}, {"fiscalDateEnding": "2019-12-31", "reportedCurrency": "USD", "grossProfit": "9958000000", "totalRevenue": "12127000000", "costOfRevenue": "2169000000", "costofGoodsAndServicesSold": "2169000000", "operatingIncome": "3446000000", "sellingGeneralAndAdministrative": "1431000000", "researchAndDevelopment": "24000000", "operatingExpenses": "5983000000", "investmentIncomeNet": "None", "netInterestIncome": "-481000000", "interestIncome": "74000000", "interestExpense": "555000000", "nonInterestIncome": "None", "otherNonOperatingIncome": "653000000", "depreciation": "None", "depreciationAndAmortization": "1165000000", "incomeBeforeTax": "3600000000", "incomeTaxExpense": "432000000", "interestAndDebtExpense": "None", "netIncomeFromContinuingOperations": "3304000000", "comprehensiveIncomeNetOfTax": "None", "ebit": "4350000000", "ebitda": "5515000000", "netIncome": "2698000000"}, {"fiscalDateEnding": "2018-12-31", "reportedCurrency": "USD", "grossProfit": "10845000000", "totalRevenue": "13729000000", "costOfRevenue": "2884000000", "costofGoodsAndServicesSold": "2884000000", "operatingIncome": "3901000000", "sellingGeneralAndAdministrative": "1685000000", "researchAndDevelopment": "12000000", "operatingExpenses": "7132000000", "investmentIncomeNet": "None", "netInterestIncome": "-387000000", "interestIncome": "59000000", "interestExpense": "446000000", "nonInterestIncome": "None", "otherNonOperatingIncome": "85000000", "depreciation": "None", "depreciationAndAmortization": "1111000000", "incomeBeforeTax": "3326000000", "incomeTaxExpense": "375000000", "interestAndDebtExpense": "None", "netIncomeFromContinuingOperations": "2951000000", "comprehensiveIncomeNetOfTax": "None", "ebit": "3781000000", "ebitda": "4892000000", "netIncome": "2413000000"}, {"fiscalDateEnding": "2017-12-31", "reportedCurrency": "USD", "grossProfit": "6399000000", "totalRevenue": "12728000000", "costOfRevenue": "6329000000", "costofGoodsAndServicesSold": "6329000000", "operatingIncome": "3464000000", "sellingGeneralAndAdministrative": "1417000000", "researchAndDevelopment": "13000000", "operatingExpenses": "2915000000", "investmentIncomeNet": "None", "netInterestIncome": "-311000000", "interestIncome": "16000000", "interestExpense": "327000000", "nonInterestIncome": "None", "otherNonOperatingIncome": "-83000000", "depreciation": "None", "depreciationAndAmortization": "1171000000", "incomeBeforeTax": "3054000000", "incomeTaxExpense": "-209000000", "interestAndDebtExpense": "None", "netIncomeFromContinuingOperations": "3261000000", "comprehensiveIncomeNetOfTax": "None", "ebit": "3381000000", "ebitda": "4552000000", "netIncome": "2808000000"}, {"fiscalDateEnding": "2016-12-31", "reportedCurrency": "USD", "grossProfit": "5585000000", "totalRevenue": "11271000000", "costOfRevenue": "5686000000", "costofGoodsAndServicesSold": "5686000000", "operatingIncome": "2502000000", "sellingGeneralAndAdministrative": "1287000000", "researchAndDevelopment": "9000000", "operatingExpenses": "3004000000", "investmentIncomeNet": "None", "netInterestIncome": "-264000000", "interestIncome": "10000000", "interestExpense": "274000000", "nonInterestIncome": "None", "otherNonOperatingIncome": "41000000", "depreciation": "None", "depreciationAndAmortization": "1111000000", "incomeBeforeTax": "2264000000", "incomeTaxExpense": "239000000", "interestAndDebtExpense": "None", "netIncomeFromContinuingOperations": "2016000000", "comprehensiveIncomeNetOfTax": "None", "ebit": "2529000000", "ebitda": "3640000000", "netIncome": "1679000000"}, {"fiscalDateEnding": "2015-12-31", "reportedCurrency": "USD", "grossProfit": "5571000000", "totalRevenue": "11688000000", "costOfRevenue": "6117000000", "costofGoodsAndServicesSold": "6117000000", "operatingIncome": "2841000000", "sellingGeneralAndAdministrative": "1267000000", "researchAndDevelopment": "10000000", "operatingExpenses": "2695000000", "investmentIncomeNet": "None", "netInterestIncome": "None", "interestIncome": "250135000", "interestExpense": "265000000", "nonInterestIncome": "None", "otherNonOperatingIncome": "15085000", "depreciation": "None", "depreciationAndAmortization": "1038000000", "incomeBeforeTax": "2622000000", "incomeTaxExpense": "236000000", "interestAndDebtExpense": "None", "netIncomeFromContinuingOperations": "2385697000", "comprehensiveIncomeNetOfTax": "None", "ebit": "2876000000", "ebitda": "3914000000", "netIncome": "1966000000"}, {"fiscalDateEnding": "2014-12-31", "reportedCurrency": "USD", "grossProfit": "6838000000", "totalRevenue": "14584000000", "costOfRevenue": "7746000000", "costofGoodsAndServicesSold": "7746000000", "operatingIncome": "4099000000", "sellingGeneralAndAdministrative": "1258000000", "researchAndDevelopment": "14000000", "operatingExpenses": "2732000000", "investmentIncomeNet": "None", "netInterestIncome": "None", "interestIncome": "None", "interestExpense": "274000000", "nonInterestIncome": "None", "otherNonOperatingIncome": "25643000", "depreciation": "None", "depreciationAndAmortization": "1072000000", "incomeBeforeTax": "3833000000", "incomeTaxExpense": "245000000", "interestAndDebtExpense": "None", "netIncomeFromContinuingOperations": "3588071000", "comprehensiveIncomeNetOfTax": "None", "ebit": "4106000000", "ebitda": "5178000000", "netIncome": "2841000000"}, {"fiscalDateEnding": "2013-12-31", "reportedCurrency": "USD", "grossProfit": "6253428000", "totalRevenue": "13769885000", "costOfRevenue": "7516457000", "costofGoodsAndServicesSold": "7516457000", "operatingIncome": "3408243000", "sellingGeneralAndAdministrative": "1329740000", "researchAndDevelopment": "15809000", "operatingExpenses": "2834029000", "investmentIncomeNet": "None", "netInterestIncome": "None", "interestIncome": "None", "interestExpense": "271211000", "nonInterestIncome": "None", "otherNonOperatingIncome": "16337000", "depreciation": "None", "depreciationAndAmortization": "1047820000", "incomeBeforeTax": "3143512000", "incomeTaxExpense": "188836000", "interestAndDebtExpense": "None", "netIncomeFromContinuingOperations": "2954676000", "comprehensiveIncomeNetOfTax": "None", "ebit": "3466799000", "ebitda": "4514619000", "netIncome": "2305997000"}, {"fiscalDateEnding": "2012-12-31", "reportedCurrency": "USD", "grossProfit": "5061557000", "totalRevenue": "11131132000", "costOfRevenue": "6069575000", "costofGoodsAndServicesSold": "6069575000", "operatingIncome": "2311382000", "sellingGeneralAndAdministrative": "1061935000", "researchAndDevelopment": "19958000", "operatingExpenses": "2604261000", "investmentIncomeNet": "None", "netInterestIncome": "None", "interestIncome": "None", "interestExpense": "258564000", "nonInterestIncome": "None", "otherNonOperatingIncome": "28992000", "depreciation": "None", "depreciationAndAmortization": "932211000", "incomeBeforeTax": "2062576000", "incomeTaxExpense": "180763000", "interestAndDebtExpense": "None", "netIncomeFromContinuingOperations": "1881813000", "comprehensiveIncomeNetOfTax": "None", "ebit": "2321140000", "ebitda": "3253351000", "netIncome": "1524093000"}, {"fiscalDateEnding": "2011-12-31", "reportedCurrency": "USD", "grossProfit": "4488068000", "totalRevenue": "9410745000", "costOfRevenue": "4922677000", "costofGoodsAndServicesSold": "4922677000", "operatingIncome": "2389887000", "sellingGeneralAndAdministrative": "836924000", "researchAndDevelopment": "11309000", "operatingExpenses": "2087978000", "investmentIncomeNet": "None", "netInterestIncome": "None", "interestIncome": "None", "interestExpense": "282949000", "nonInterestIncome": "None", "otherNonOperatingIncome": "10439000", "depreciation": "None", "depreciationAndAmortization": "837770000", "incomeBeforeTax": "2094823000", "incomeTaxExpense": "211704000", "interestAndDebtExpense": "None", "netIncomeFromContinuingOperations": "1883119000", "comprehensiveIncomeNetOfTax": "None", "ebit": "2334406000", "ebitda": "3172176000", "netIncome": "1560123000"}, {"fiscalDateEnding": "2010-12-31", "reportedCurrency": "USD", "grossProfit": "2977995000", "totalRevenue": "6853182000", "costOfRevenue": "3875187000", "costofGoodsAndServicesSold": "3875187000", "operatingIncome": "1180586000", "sellingGeneralAndAdministrative": "683298000", "researchAndDevelopment": "1783000", "operatingExpenses": "1742797000", "investmentIncomeNet": "None", "netInterestIncome": "None", "interestIncome": "None", "interestExpense": "306813000", "nonInterestIncome": "None", "otherNonOperatingIncome": "687000", "depreciation": "None", "depreciationAndAmortization": "736273000", "incomeBeforeTax": "855905000", "incomeTaxExpense": "74302000", "interestAndDebtExpense": "None", "netIncomeFromContinuingOperations": "800158000", "comprehensiveIncomeNetOfTax": "None", "ebit": "1121416000", "ebitda": "1857689000", "netIncome": "599394000"}, {"fiscalDateEnding": "2009-12-31", "reportedCurrency": "USD", "grossProfit": "1686232000", "totalRevenue": "4563105000", "costOfRevenue": "2876873000", "costofGoodsAndServicesSold": "2876873000", "operatingIncome": "-28740000", "sellingGeneralAndAdministrative": "845927000", "researchAndDevelopment": "533000", "operatingExpenses": "1545504000", "investmentIncomeNet": "None", "netInterestIncome": "None", "interestIncome": "None", "interestExpense": "321870000", "nonInterestIncome": "None", "otherNonOperatingIncome": "None", "depreciation": "None", "depreciationAndAmortization": "586041000", "incomeBeforeTax": "-372627000", "incomeTaxExpense": "-3884000", "interestAndDebtExpense": "None", "netIncomeFromContinuingOperations": "None", "comprehensiveIncomeNetOfTax": "None", "ebit": "-50757001", "ebitda": "535283999", "netIncome": "-354479000"}, {"fiscalDateEnding": "2008-12-31", "reportedCurrency": "USD", "grossProfit": "1621194000", "totalRevenue": "4389946000", "costOfRevenue": "2768752000", "costofGoodsAndServicesSold": "2768752000", "operatingIncome": "163663000", "sellingGeneralAndAdministrative": "850746000", "researchAndDevelopment": "12789000", "operatingExpenses": "1419963000", "investmentIncomeNet": "None", "netInterestIncome": "None", "interestIncome": "None", "interestExpense": "421825000", "nonInterestIncome": "None", "otherNonOperatingIncome": "None", "depreciation": "None", "depreciationAndAmortization": "533151000", "incomeBeforeTax": "-228025000", "incomeTaxExpense": "-59700000", "interestAndDebtExpense": "None", "netIncomeFromContinuingOperations": "None", "comprehensiveIncomeNetOfTax": "None", "ebit": "193800000", "ebitda": "726951000", "netIncome": "-163558000"}, {"fiscalDateEnding": "2007-12-31", "reportedCurrency": "USD", "grossProfit": "1204724000", "totalRevenue": "2950567000", "costOfRevenue": "1745843000", "costofGoodsAndServicesSold": "1745843000", "operatingIncome": "330010000", "sellingGeneralAndAdministrative": "319357000", "researchAndDevelopment": "9728000", "operatingExpenses": "874714000", "investmentIncomeNet": "None", "netInterestIncome": "None", "interestIncome": "None", "interestExpense": "244808000", "nonInterestIncome": "None", "otherNonOperatingIncome": "None", "depreciation": "None", "depreciationAndAmortization": "252782000", "incomeBeforeTax": "138279000", "incomeTaxExpense": "21591000", "interestAndDebtExpense": "None", "netIncomeFromContinuingOperations": "None", "comprehensiveIncomeNetOfTax": "None", "ebit": "330010000", "ebitda": "582792000", "netIncome": "116688000"}, {"fiscalDateEnding": "2006-12-31", "reportedCurrency": "USD", "grossProfit": "1072747000", "totalRevenue": "2236859000", "costOfRevenue": "1164112000", "costofGoodsAndServicesSold": "1164112000", "operatingIncome": "574097000", "sellingGeneralAndAdministrative": "230355000", "researchAndDevelopment": "None", "operatingExpenses": "498650000", "investmentIncomeNet": "None", "netInterestIncome": "None", "interestIncome": "None", "interestExpense": "135853000", "nonInterestIncome": "None", "otherNonOperatingIncome": "None", "depreciation": "None", "depreciationAndAmortization": "119977000", "incomeBeforeTax": "504246000", "incomeTaxExpense": "62243000", "interestAndDebtExpense": "None", "netIncomeFromContinuingOperations": "None", "comprehensiveIncomeNetOfTax": "None", "ebit": "574097000", "ebitda": "694074000", "netIncome": "442003000"}, {"fiscalDateEnding": "2005-12-31", "reportedCurrency": "USD", "grossProfit": "867460000", "totalRevenue": "1740912000", "costOfRevenue": "873452000", "costofGoodsAndServicesSold": "873452000", "operatingIncome": "489451000", "sellingGeneralAndAdministrative": "192806000", "researchAndDevelopment": "None", "operatingExpenses": "378009000", "investmentIncomeNet": "None", "netInterestIncome": "None", "interestIncome": "None", "interestExpense": "96292000", "nonInterestIncome": "None", "otherNonOperatingIncome": "None", "depreciation": "None", "depreciationAndAmortization": "99796000", "incomeBeforeTax": "287936000", "incomeTaxExpense": "4250000", "interestAndDebtExpense": "None", "netIncomeFromContinuingOperations": "None", "comprehensiveIncomeNetOfTax": "None", "ebit": "489451000", "ebitda": "589247000", "netIncome": "283686000"}], "quarterlyReports": [{"fiscalDateEnding": "2024-12-31", "reportedCurrency": "USD", "grossProfit": "1412000000", "totalRevenue": "2896000000", "costOfRevenue": "1484000000", "costofGoodsAndServicesSold": "1484000000", "operatingIncome": "590000000", "sellingGeneralAndAdministrative": "303000000", "researchAndDevelopment": "59000000", "operatingExpenses": "822000000", "investmentIncomeNet": "None", "netInterestIncome": "-123000000", "interestIncome": "57000000", "interestExpense": "180000000", "nonInterestIncome": "None", "otherNonOperatingIncome": "None", "depreciation": "None", "depreciationAndAmortization": "363000000", "incomeBeforeTax": "461000000", "incomeTaxExpense": "69000000", "interestAndDebtExpense": "None", "netIncomeFromContinuingOperations": "392000000", "comprehensiveIncomeNetOfTax": "None", "ebit": "641000000", "ebitda": "1004000000", "netIncome": "324000000"}, {"fiscalDateEnding": "2024-09-30", "reportedCurrency": "USD", "grossProfit": "1269000000", "totalRevenue": "2682000000", "costOfRevenue": "1413000000", "costofGoodsAndServicesSold": "1413000000", "operatingIncome": "504000000", "sellingGeneralAndAdministrative": "293000000", "researchAndDevelopment": "55000000", "operatingExpenses": "765000000", "investmentIncomeNet": "None", "netInterestIncome": "-112000000", "interestIncome": "67000000", "interestExpense": "179000000", "nonInterestIncome": "None", "otherNonOperatingIncome": "None", "depreciation": "None", "depreciationAndAmortization": "353000000", "incomeBeforeTax": "403000000", "incomeTaxExpense": "50000000", "interestAndDebtExpense": "None", "netIncomeFromContinuingOperations": "353000000", "comprehensiveIncomeNetOfTax": "None", "ebit": "582000000", "ebitda": "935000000", "netIncome": "275000000"}, {"fiscalDateEnding": "2024-06-30", "reportedCurrency": "USD", "grossProfit": "1012000000", "totalRevenue": "2761000000", "costOfRevenue": "1749000000", "costofGoodsAndServicesSold": "1749000000", "operatingIncome": "610000000", "sellingGeneralAndAdministrative": "268000000", "researchAndDevelopment": "61000000", "operatingExpenses": "402000000", "investmentIncomeNet": "None", "netInterestIncome": "-106000000", "interestIncome": "80000000", "interestExpense": "186000000", "nonInterestIncome": "None", "otherNonOperatingIncome": "None", "depreciation": "None", "depreciationAndAmortization": "345000000", "incomeBeforeTax": "496000000", "incomeTaxExpense": "72000000", "interestAndDebtExpense": "None", "netIncomeFromContinuingOperations": "424000000", "comprehensiveIncomeNetOfTax": "None", "ebit": "682000000", "ebitda": "1027000000", "netIncome": "353000000"}, {"fiscalDateEnding": "2024-03-31", "reportedCurrency": "USD", "grossProfit": "1162000000", "totalRevenue": "2959000000", "costOfRevenue": "1797000000", "costofGoodsAndServicesSold": "1797000000", "operatingIncome": "734000000", "sellingGeneralAndAdministrative": "286000000", "researchAndDevelopment": "53000000", "operatingExpenses": "428000000", "investmentIncomeNet": "None", "netInterestIncome": "-111000000", "interestIncome": "71000000", "interestExpense": "182000000", "nonInterestIncome": "None", "otherNonOperatingIncome": "None", "depreciation": "None", "depreciationAndAmortization": "351000000", "incomeBeforeTax": "600000000", "incomeTaxExpense": "17000000", "interestAndDebtExpense": "None", "netIncomeFromContinuingOperations": "583000000", "comprehensiveIncomeNetOfTax": "None", "ebit": "782000000", "ebitda": "1133000000", "netIncome": "494000000"}, {"fiscalDateEnding": "2023-12-31", "reportedCurrency": "USD", "grossProfit": "1483000000", "totalRevenue": "2915000000", "costOfRevenue": "1432000000", "costofGoodsAndServicesSold": "1432000000", "operatingIncome": "710000000", "sellingGeneralAndAdministrative": "287000000", "researchAndDevelopment": "65000000", "operatingExpenses": "768000000", "investmentIncomeNet": "None", "netInterestIncome": "-127000000", "interestIncome": "63000000", "interestExpense": "190000000", "nonInterestIncome": "None", "otherNonOperatingIncome": "None", "depreciation": "None", "depreciationAndAmortization": "363000000", "incomeBeforeTax": "592000000", "incomeTaxExpense": "123000000", "interestAndDebtExpense": "None", "netIncomeFromContinuingOperations": "469000000", "comprehensiveIncomeNetOfTax": "None", "ebit": "782000000", "ebitda": "1145000000", "netIncome": "382000000"}, {"fiscalDateEnding": "2023-09-30", "reportedCurrency": "USD", "grossProfit": "1411000000", "totalRevenue": "2795000000", "costOfRevenue": "1384000000", "costofGoodsAndServicesSold": "1384000000", "operatingIncome": "692000000", "sellingGeneralAndAdministrative": "339000000", "researchAndDevelopment": "44000000", "operatingExpenses": "719000000", "investmentIncomeNet": "None", "netInterestIncome": "-121000000", "interestIncome": "121000000", "interestExpense": "200000000", "nonInterestIncome": "None", "otherNonOperatingIncome": "None", "depreciation": "None", "depreciationAndAmortization": "343000000", "incomeBeforeTax": "571000000", "incomeTaxExpense": "122000000", "interestAndDebtExpense": "None", "netIncomeFromContinuingOperations": "449000000", "comprehensiveIncomeNetOfTax": "None", "ebit": "662000000", "ebitda": "1005000000", "netIncome": "380000000"}, {"fiscalDateEnding": "2023-06-30", "reportedCurrency": "USD", "grossProfit": "1251000000", "totalRevenue": "2542000000", "costOfRevenue": "1291000000", "costofGoodsAndServicesSold": "1291000000", "operatingIncome": "541000000", "sellingGeneralAndAdministrative": "339000000", "researchAndDevelopment": "54000000", "operatingExpenses": "700000000", "investmentIncomeNet": "None", "netInterestIncome": "-134000000", "interestIncome": "134000000", "interestExpense": "210000000", "nonInterestIncome": "None", "otherNonOperatingIncome": "90000000", "depreciation": "None", "depreciationAndAmortization": "288000000", "incomeBeforeTax": "417000000", "incomeTaxExpense": "49000000", "interestAndDebtExpense": "None", "netIncomeFromContinuingOperations": "368000000", "comprehensiveIncomeNetOfTax": "None", "ebit": "541000000", "ebitda": "829000000", "netIncome": "312000000"}, {"fiscalDateEnding": "2023-03-31", "reportedCurrency": "USD", "grossProfit": "1027000000", "totalRevenue": "2120000000", "costOfRevenue": "1093000000", "costofGoodsAndServicesSold": "1093000000", "operatingIncome": "392000000", "sellingGeneralAndAdministrative": "308000000", "researchAndDevelopment": "42000000", "operatingExpenses": "684000000", "investmentIncomeNet": "None", "netInterestIncome": "-148000000", "interestIncome": "70000000", "interestExpense": "218000000", "nonInterestIncome": "None", "otherNonOperatingIncome": "35000000", "depreciation": "None", "depreciationAndAmortization": "274000000", "incomeBeforeTax": "195000000", "incomeTaxExpense": "50000000", "interestAndDebtExpense": "None", "netIncomeFromContinuingOperations": "145000000", "comprehensiveIncomeNetOfTax": "None", "ebit": "392000000", "ebitda": "666000000", "netIncome": "147000000"}, {"fiscalDateEnding": "2022-12-31", "reportedCurrency": "USD", "grossProfit": "452000000", "totalRevenue": "1117000000", "costOfRevenue": "665000000", "costofGoodsAndServicesSold": "665000000", "operatingIncome": "-166000000", "sellingGeneralAndAdministrative": "242000000", "researchAndDevelopment": "35000000", "operatingExpenses": "618000000", "investmentIncomeNet": "None", "netInterestIncome": "-141000000", "interestIncome": "141000000", "interestExpense": "201000000", "nonInterestIncome": "None", "otherNonOperatingIncome": "80000000", "depreciation": "None", "depreciationAndAmortization": "269000000", "incomeBeforeTax": "-287000000", "incomeTaxExpense": "-18000000", "interestAndDebtExpense": "None", "netIncomeFromContinuingOperations": "-269000000", "comprehensiveIncomeNetOfTax": "None", "ebit": "-86000000", "ebitda": "183000000", "netIncome": "-169000000"}, {"fiscalDateEnding": "2022-09-30", "reportedCurrency": "USD", "grossProfit": "429000000", "totalRevenue": "1005000000", "costOfRevenue": "576000000", "costofGoodsAndServicesSold": "576000000", "operatingIncome": "-175000000", "sellingGeneralAndAdministrative": "291000000", "researchAndDevelopment": "26000000", "operatingExpenses": "604000000", "investmentIncomeNet": "None", "netInterestIncome": "-145000000", "interestIncome": "145000000", "interestExpense": "183000000", "nonInterestIncome": "None", "otherNonOperatingIncome": "40000000", "depreciation": "None", "depreciationAndAmortization": "260000000", "incomeBeforeTax": "-320000000", "incomeTaxExpense": "60000000", "interestAndDebtExpense": "None", "netIncomeFromContinuingOperations": "-380000000", "comprehensiveIncomeNetOfTax": "None", "ebit": "-137000000", "ebitda": "123000000", "netIncome": "-238000000"}, {"fiscalDateEnding": "2022-06-30", "reportedCurrency": "USD", "grossProfit": "444000000", "totalRevenue": "1045000000", "costOfRevenue": "601000000", "costofGoodsAndServicesSold": "601000000", "operatingIncome": "-147000000", "sellingGeneralAndAdministrative": "293000000", "researchAndDevelopment": "22000000", "operatingExpenses": "600000000", "investmentIncomeNet": "None", "netInterestIncome": "-148000000", "interestIncome": "14000000", "interestExpense": "162000000", "nonInterestIncome": "None", "otherNonOperatingIncome": "5000000", "depreciation": "None", "depreciationAndAmortization": "256000000", "incomeBeforeTax": "-304000000", "incomeTaxExpense": "110000000", "interestAndDebtExpense": "None", "netIncomeFromContinuingOperations": "-414000000", "comprehensiveIncomeNetOfTax": "None", "ebit": "-142000000", "ebitda": "114000000", "netIncome": "-287000000"}, {"fiscalDateEnding": "2022-03-31", "reportedCurrency": "USD", "grossProfit": "328000000", "totalRevenue": "943000000", "costOfRevenue": "615000000", "costofGoodsAndServicesSold": "615000000", "operatingIncome": "-296000000", "sellingGeneralAndAdministrative": "277000000", "researchAndDevelopment": "60000000", "operatingExpenses": "652000000", "investmentIncomeNet": "None", "netInterestIncome": "-152000000", "interestIncome": "4000000", "interestExpense": "156000000", "nonInterestIncome": "None", "otherNonOperatingIncome": "-18000000", "depreciation": "None", "depreciationAndAmortization": "264000000", "incomeBeforeTax": "-476000000", "incomeTaxExpense": "2000000", "interestAndDebtExpense": "None", "netIncomeFromContinuingOperations": "-478000000", "comprehensiveIncomeNetOfTax": "None", "ebit": "-320000000", "ebitda": "-56000000", "netIncome": "-377000000"}, {"fiscalDateEnding": "2021-12-31", "reportedCurrency": "USD", "grossProfit": "396000000", "totalRevenue": "1008000000", "costOfRevenue": "612000000", "costofGoodsAndServicesSold": "612000000", "operatingIncome": "-129000000", "sellingGeneralAndAdministrative": "206000000", "researchAndDevelopment": "50000000", "operatingExpenses": "1770000000", "investmentIncomeNet": "None", "netInterestIncome": "-151000000", "interestIncome": "1000000", "interestExpense": "152000000", "nonInterestIncome": "None", "otherNonOperatingIncome": "-11000000", "depreciation": "None", "depreciationAndAmortization": "266000000", "incomeBeforeTax": "-301000000", "incomeTaxExpense": "14000000", "interestAndDebtExpense": "None", "netIncomeFromContinuingOperations": "-315000000", "comprehensiveIncomeNetOfTax": "None", "ebit": "-149000000", "ebitda": "117000000", "netIncome": "-241000000"}, {"fiscalDateEnding": "2021-09-30", "reportedCurrency": "USD", "grossProfit": "275000000", "totalRevenue": "857000000", "costOfRevenue": "582000000", "costofGoodsAndServicesSold": "582000000", "operatingIncome": "-312000000", "sellingGeneralAndAdministrative": "287000000", "researchAndDevelopment": "13000000", "operatingExpenses": "740000000", "investmentIncomeNet": "None", "netInterestIncome": "-156000000", "interestIncome": "1000000", "interestExpense": "157000000", "nonInterestIncome": "None", "otherNonOperatingIncome": "-11000000", "depreciation": "None", "depreciationAndAmortization": "262000000", "incomeBeforeTax": "-621000000", "incomeTaxExpense": "27000000", "interestAndDebtExpense": "None", "netIncomeFromContinuingOperations": "-594000000", "comprehensiveIncomeNetOfTax": "None", "ebit": "-464000000", "ebitda": "-202000000", "netIncome": "-467000000"}, {"fiscalDateEnding": "2021-06-30", "reportedCurrency": "USD", "grossProfit": "463000000", "totalRevenue": "1173000000", "costOfRevenue": "710000000", "costofGoodsAndServicesSold": "710000000", "operatingIncome": "-128000000", "sellingGeneralAndAdministrative": "275000000", "researchAndDevelopment": "37000000", "operatingExpenses": "592000000", "investmentIncomeNet": "None", "netInterestIncome": "-157000000", "interestIncome": "157000000", "interestExpense": "158000000", "nonInterestIncome": "None", "otherNonOperatingIncome": "11000000", "depreciation": "None", "depreciationAndAmortization": "258000000", "incomeBeforeTax": "-286000000", "incomeTaxExpense": "6000000", "interestAndDebtExpense": "None", "netIncomeFromContinuingOperations": "-280000000", "comprehensiveIncomeNetOfTax": "None", "ebit": "-128000000", "ebitda": "130000000", "netIncome": "-230000000"}, {"fiscalDateEnding": "2021-03-31", "reportedCurrency": "USD", "grossProfit": "470000000", "totalRevenue": "1196000000", "costOfRevenue": "726000000", "costofGoodsAndServicesSold": "726000000", "operatingIncome": "-93000000", "sellingGeneralAndAdministrative": "274000000", "researchAndDevelopment": "9000000", "operatingExpenses": "583000000", "investmentIncomeNet": "None", "netInterestIncome": "-153000000", "interestIncome": "153000000", "interestExpense": "154000000", "nonInterestIncome": "None", "otherNonOperatingIncome": "-16000000", "depreciation": "None", "depreciationAndAmortization": "269000000", "incomeBeforeTax": "-266000000", "incomeTaxExpense": "14000000", "interestAndDebtExpense": "None", "netIncomeFromContinuingOperations": "-280000000", "comprehensiveIncomeNetOfTax": "None", "ebit": "-126000000", "ebitda": "143000000", "netIncome": "-216000000"}, {"fiscalDateEnding": "2020-12-31", "reportedCurrency": "USD", "grossProfit": "815000000", "totalRevenue": "1015000000", "costOfRevenue": "200000000", "costofGoodsAndServicesSold": "200000000", "operatingIncome": "-108000000", "sellingGeneralAndAdministrative": "206000000", "researchAndDevelopment": "18000000", "operatingExpenses": "1344000000", "investmentIncomeNet": "None", "netInterestIncome": "-149000000", "interestIncome": "1000000", "interestExpense": "150000000", "nonInterestIncome": "None", "otherNonOperatingIncome": "-7000000", "depreciation": "None", "depreciationAndAmortization": "307000000", "incomeBeforeTax": "-275000000", "incomeTaxExpense": "28000000", "interestAndDebtExpense": "None", "netIncomeFromContinuingOperations": "-376000000", "comprehensiveIncomeNetOfTax": "None", "ebit": "-218000000", "ebitda": "89000000", "netIncome": "-226000000"}, {"fiscalDateEnding": "2020-09-30", "reportedCurrency": "USD", "grossProfit": "55000000", "totalRevenue": "446000000", "costOfRevenue": "391000000", "costofGoodsAndServicesSold": "391000000", "operatingIncome": "-468000000", "sellingGeneralAndAdministrative": "229000000", "researchAndDevelopment": "3000000", "operatingExpenses": "583000000", "investmentIncomeNet": "None", "netInterestIncome": "-134000000", "interestIncome": "134000000", "interestExpense": "137000000", "nonInterestIncome": "None", "otherNonOperatingIncome": "-1000000", "depreciation": "None", "depreciationAndAmortization": "262000000", "incomeBeforeTax": "-659000000", "incomeTaxExpense": "5000000", "interestAndDebtExpense": "None", "netIncomeFromContinuingOperations": "-731000000", "comprehensiveIncomeNetOfTax": "None", "ebit": "-482000000", "ebitda": "-220000000", "netIncome": "-498000000"}, {"fiscalDateEnding": "2020-06-30", "reportedCurrency": "USD", "grossProfit": "-225000000", "totalRevenue": "62000000", "costOfRevenue": "287000000", "costofGoodsAndServicesSold": "287000000", "operatingIncome": "-753000000", "sellingGeneralAndAdministrative": "243000000", "researchAndDevelopment": "9000000", "operatingExpenses": "537000000", "investmentIncomeNet": "None", "netInterestIncome": "-114000000", "interestIncome": "4000000", "interestExpense": "118000000", "nonInterestIncome": "None", "otherNonOperatingIncome": "1000000", "depreciation": "None", "depreciationAndAmortization": "257000000", "incomeBeforeTax": "-872000000", "incomeTaxExpense": "31000000", "interestAndDebtExpense": "None", "netIncomeFromContinuingOperations": "-985000000", "comprehensiveIncomeNetOfTax": "None", "ebit": "-766000000", "ebitda": "-509000000", "netIncome": "-676000000"}, {"fiscalDateEnding": "2020-03-31", "reportedCurrency": "USD", "grossProfit": "590000000", "totalRevenue": "1417000000", "costOfRevenue": "827000000", "costofGoodsAndServicesSold": "827000000", "operatingIncome": "9000000", "sellingGeneralAndAdministrative": "288000000", "researchAndDevelopment": "6000000", "operatingExpenses": "545000000", "investmentIncomeNet": "None", "netInterestIncome": "-118000000", "interestIncome": "13000000", "interestExpense": "131000000", "nonInterestIncome": "None", "otherNonOperatingIncome": "50000000", "depreciation": "None", "depreciationAndAmortization": "267000000", "incomeBeforeTax": "-70000000", "incomeTaxExpense": "22000000", "interestAndDebtExpense": "None", "netIncomeFromContinuingOperations": "-51000000", "comprehensiveIncomeNetOfTax": "None", "ebit": "-5000000", "ebitda": "262000000", "netIncome": "-42000000"}, {"fiscalDateEnding": "2019-12-31", "reportedCurrency": "USD", "grossProfit": "1246000000", "totalRevenue": "3509000000", "costOfRevenue": "2263000000", "costofGoodsAndServicesSold": "2263000000", "operatingIncome": "1006000000", "sellingGeneralAndAdministrative": "444000000", "researchAndDevelopment": "11000000", "operatingExpenses": "4807000000", "investmentIncomeNet": "None", "netInterestIncome": "-117000000", "interestIncome": "17000000", "interestExpense": "134000000", "nonInterestIncome": "None", "otherNonOperatingIncome": "48000000", "depreciation": "None", "depreciationAndAmortization": "305000000", "incomeBeforeTax": "848000000", "incomeTaxExpense": "65000000", "interestAndDebtExpense": "None", "netIncomeFromContinuingOperations": "783000000", "comprehensiveIncomeNetOfTax": "None", "ebit": "992000000", "ebitda": "1297000000", "netIncome": "629000000"}, {"fiscalDateEnding": "2019-09-30", "reportedCurrency": "USD", "grossProfit": "1648000000", "totalRevenue": "3250000000", "costOfRevenue": "1602000000", "costofGoodsAndServicesSold": "1602000000", "operatingIncome": "910000000", "sellingGeneralAndAdministrative": "423000000", "researchAndDevelopment": "4000000", "operatingExpenses": "780000000", "investmentIncomeNet": "None", "netInterestIncome": "-117000000", "interestIncome": "20000000", "interestExpense": "137000000", "nonInterestIncome": "None", "otherNonOperatingIncome": "13000000", "depreciation": "None", "depreciationAndAmortization": "298000000", "incomeBeforeTax": "751000000", "incomeTaxExpense": "82000000", "interestAndDebtExpense": "None", "netIncomeFromContinuingOperations": "669000000", "comprehensiveIncomeNetOfTax": "None", "ebit": "874000000", "ebitda": "1172000000", "netIncome": "533000000"}, {"fiscalDateEnding": "2019-06-30", "reportedCurrency": "USD", "grossProfit": "1645000000", "totalRevenue": "3334000000", "costOfRevenue": "1689000000", "costofGoodsAndServicesSold": "1689000000", "operatingIncome": "894000000", "sellingGeneralAndAdministrative": "427000000", "researchAndDevelopment": "4000000", "operatingExpenses": "175000000", "investmentIncomeNet": "None", "netInterestIncome": "-126000000", "interestIncome": "17000000", "interestExpense": "143000000", "nonInterestIncome": "None", "otherNonOperatingIncome": "593000000", "depreciation": "None", "depreciationAndAmortization": "303000000", "incomeBeforeTax": "1344000000", "incomeTaxExpense": "236000000", "interestAndDebtExpense": "None", "netIncomeFromContinuingOperations": "1108000000", "comprehensiveIncomeNetOfTax": "None", "ebit": "1470000000", "ebitda": "1773000000", "netIncome": "954000000"}, {"fiscalDateEnding": "2019-03-31", "reportedCurrency": "USD", "grossProfit": "1822000000", "totalRevenue": "3646000000", "costOfRevenue": "1824000000", "costofGoodsAndServicesSold": "1824000000", "operatingIncome": "978000000", "sellingGeneralAndAdministrative": "521000000", "researchAndDevelopment": "5000000", "operatingExpenses": "872000000", "investmentIncomeNet": "None", "netInterestIncome": "-121000000", "interestIncome": "20000000", "interestExpense": "141000000", "nonInterestIncome": "None", "otherNonOperatingIncome": "-1000000", "depreciation": "None", "depreciationAndAmortization": "310000000", "incomeBeforeTax": "829000000", "incomeTaxExpense": "85000000", "interestAndDebtExpense": "None", "netIncomeFromContinuingOperations": "744000000", "comprehensiveIncomeNetOfTax": "None", "ebit": "959000000", "ebitda": "1269000000", "netIncome": "582000000"}, {"fiscalDateEnding": "2018-12-31", "reportedCurrency": "USD", "grossProfit": "1177000000", "totalRevenue": "3475000000", "costOfRevenue": "2298000000", "costofGoodsAndServicesSold": "2298000000", "operatingIncome": "910000000", "sellingGeneralAndAdministrative": "462000000", "researchAndDevelopment": "3000000", "operatingExpenses": "4916000000", "investmentIncomeNet": "None", "netInterestIncome": "None", "interestIncome": "None", "interestExpense": "138000000", "nonInterestIncome": "None", "otherNonOperatingIncome": "18000000", "depreciation": "None", "depreciationAndAmortization": "298000000", "incomeBeforeTax": "742000000", "incomeTaxExpense": "782000000", "interestAndDebtExpense": "None", "netIncomeFromContinuingOperations": "-40000000", "comprehensiveIncomeNetOfTax": "None", "ebit": "910000000", "ebitda": "1208000000", "netIncome": "-170000000"}, {"fiscalDateEnding": "2018-09-30", "reportedCurrency": "USD", "grossProfit": "1650000000", "totalRevenue": "3372000000", "costOfRevenue": "1722000000", "costofGoodsAndServicesSold": "1722000000", "operatingIncome": "926000000", "sellingGeneralAndAdministrative": "421000000", "researchAndDevelopment": "4000000", "operatingExpenses": "764000000", "investmentIncomeNet": "None", "netInterestIncome": "None", "interestIncome": "None", "interestExpense": "126000000", "nonInterestIncome": "None", "otherNonOperatingIncome": "38000000", "depreciation": "None", "depreciationAndAmortization": "292000000", "incomeBeforeTax": "782000000", "incomeTaxExpense": "83000000", "interestAndDebtExpense": "None", "netIncomeFromContinuingOperations": "699000000", "comprehensiveIncomeNetOfTax": "None", "ebit": "926000000", "ebitda": "1218000000", "netIncome": "571000000"}, {"fiscalDateEnding": "2018-06-30", "reportedCurrency": "USD", "grossProfit": "1597000000", "totalRevenue": "3303000000", "costOfRevenue": "1706000000", "costofGoodsAndServicesSold": "1706000000", "operatingIncome": "902000000", "sellingGeneralAndAdministrative": "401000000", "researchAndDevelopment": "2000000", "operatingExpenses": "756000000", "investmentIncomeNet": "None", "netInterestIncome": "None", "interestIncome": "None", "interestExpense": "93000000", "nonInterestIncome": "None", "otherNonOperatingIncome": "53000000", "depreciation": "None", "depreciationAndAmortization": "283000000", "incomeBeforeTax": "757000000", "incomeTaxExpense": "81000000", "interestAndDebtExpense": "None", "netIncomeFromContinuingOperations": "676000000", "comprehensiveIncomeNetOfTax": "None", "ebit": "902000000", "ebitda": "1185000000", "netIncome": "556000000"}, {"fiscalDateEnding": "2018-03-31", "reportedCurrency": "USD", "grossProfit": "1825000000", "totalRevenue": "3579000000", "costOfRevenue": "1754000000", "costofGoodsAndServicesSold": "1754000000", "operatingIncome": "1163000000", "sellingGeneralAndAdministrative": "401000000", "researchAndDevelopment": "3000000", "operatingExpenses": "696000000", "investmentIncomeNet": "None", "netInterestIncome": "None", "interestIncome": "None", "interestExpense": "89000000", "nonInterestIncome": "None", "otherNonOperatingIncome": "-24000000", "depreciation": "None", "depreciationAndAmortization": "273000000", "incomeBeforeTax": "1045000000", "incomeTaxExpense": "571000000", "interestAndDebtExpense": "None", "netIncomeFromContinuingOperations": "1616000000", "comprehensiveIncomeNetOfTax": "None", "ebit": "1163000000", "ebitda": "1436000000", "netIncome": "1456000000"}, {"fiscalDateEnding": "2017-12-31", "reportedCurrency": "USD", "grossProfit": "1466000000", "totalRevenue": "3391000000", "costOfRevenue": "1925000000", "costofGoodsAndServicesSold": "1925000000", "operatingIncome": "1021000000", "sellingGeneralAndAdministrative": "274000000", "researchAndDevelopment": "5000000", "operatingExpenses": "4302000000", "investmentIncomeNet": "None", "netInterestIncome": "None", "interestIncome": "None", "interestExpense": "87000000", "nonInterestIncome": "None", "otherNonOperatingIncome": "-14000000", "depreciation": "None", "depreciationAndAmortization": "267000000", "incomeBeforeTax": "932000000", "incomeTaxExpense": "429000000", "interestAndDebtExpense": "None", "netIncomeFromContinuingOperations": "1360000000", "comprehensiveIncomeNetOfTax": "None", "ebit": "1021000000", "ebitda": "1288000000", "netIncome": "1211000000"}, {"fiscalDateEnding": "2017-09-30", "reportedCurrency": "USD", "grossProfit": "1587000000", "totalRevenue": "3161000000", "costOfRevenue": "1574000000", "costofGoodsAndServicesSold": "1574000000", "operatingIncome": "876000000", "sellingGeneralAndAdministrative": "410000000", "researchAndDevelopment": "3000000", "operatingExpenses": "751000000", "investmentIncomeNet": "None", "netInterestIncome": "None", "interestIncome": "None", "interestExpense": "83000000", "nonInterestIncome": "None", "otherNonOperatingIncome": "-15000000", "depreciation": "None", "depreciationAndAmortization": "274000000", "incomeBeforeTax": "757000000", "incomeTaxExpense": "73000000", "interestAndDebtExpense": "None", "netIncomeFromContinuingOperations": "685000000", "comprehensiveIncomeNetOfTax": "None", "ebit": "876000000", "ebitda": "1150000000", "netIncome": "569000000"}, {"fiscalDateEnding": "2017-06-30", "reportedCurrency": "USD", "grossProfit": "1580000000", "totalRevenue": "3109000000", "costOfRevenue": "1529000000", "costofGoodsAndServicesSold": "1529000000", "operatingIncome": "820000000", "sellingGeneralAndAdministrative": "396000000", "researchAndDevelopment": "2000000", "operatingExpenses": "788000000", "investmentIncomeNet": "None", "netInterestIncome": "None", "interestIncome": "None", "interestExpense": "79000000", "nonInterestIncome": "None", "otherNonOperatingIncome": "-21000000", "depreciation": "None", "depreciationAndAmortization": "336000000", "incomeBeforeTax": "717000000", "incomeTaxExpense": "78000000", "interestAndDebtExpense": "None", "netIncomeFromContinuingOperations": "638000000", "comprehensiveIncomeNetOfTax": "None", "ebit": "820000000", "ebitda": "1156000000", "netIncome": "546000000"}, {"fiscalDateEnding": "2017-03-31", "reportedCurrency": "USD", "grossProfit": "1516000000", "totalRevenue": "3067000000", "costOfRevenue": "1551000000", "costofGoodsAndServicesSold": "1551000000", "operatingIncome": "767000000", "sellingGeneralAndAdministrative": "381000000", "researchAndDevelopment": "3000000", "operatingExpenses": "793000000", "investmentIncomeNet": "None", "netInterestIncome": "None", "interestIncome": "None", "interestExpense": "78000000", "nonInterestIncome": "None", "otherNonOperatingIncome": "-33000000", "depreciation": "None", "depreciationAndAmortization": "331000000", "incomeBeforeTax": "648000000", "incomeTaxExpense": "69000000", "interestAndDebtExpense": "None", "netIncomeFromContinuingOperations": "578000000", "comprehensiveIncomeNetOfTax": "None", "ebit": "767000000", "ebitda": "1098000000", "netIncome": "481000000"}, {"fiscalDateEnding": "2016-12-31", "reportedCurrency": "USD", "grossProfit": "1410000000", "totalRevenue": "3075000000", "costOfRevenue": "1665000000", "costofGoodsAndServicesSold": "1665000000", "operatingIncome": "812000000", "sellingGeneralAndAdministrative": "201000000", "researchAndDevelopment": "2242000", "operatingExpenses": "4009000000", "investmentIncomeNet": "None", "netInterestIncome": "None", "interestIncome": "None", "interestExpense": "76000000", "nonInterestIncome": "None", "otherNonOperatingIncome": "67747000", "depreciation": "None", "depreciationAndAmortization": "290000000", "incomeBeforeTax": "659000000", "incomeTaxExpense": "52000000", "interestAndDebtExpense": "None", "netIncomeFromContinuingOperations": "607137000", "comprehensiveIncomeNetOfTax": "None", "ebit": "763757000", "ebitda": "1053757000", "netIncome": "508510000"}, {"fiscalDateEnding": "2016-09-30", "reportedCurrency": "USD", "grossProfit": "1521000000", "totalRevenue": "2969000000", "costOfRevenue": "1448000000", "costofGoodsAndServicesSold": "1448000000", "operatingIncome": "725000000", "sellingGeneralAndAdministrative": "369000000", "researchAndDevelopment": "3000000", "operatingExpenses": "783000000", "investmentIncomeNet": "None", "netInterestIncome": "None", "interestIncome": "None", "interestExpense": "65189000", "nonInterestIncome": "None", "otherNonOperatingIncome": "23813000", "depreciation": "None", "depreciationAndAmortization": "287000000", "incomeBeforeTax": "675000000", "incomeTaxExpense": "69000000", "interestAndDebtExpense": "None", "netIncomeFromContinuingOperations": "605513000", "comprehensiveIncomeNetOfTax": "None", "ebit": "725000000", "ebitda": "1012000000", "netIncome": "513000000"}, {"fiscalDateEnding": "2016-06-30", "reportedCurrency": "USD", "grossProfit": "1295000000", "totalRevenue": "2649000000", "costOfRevenue": "1354000000", "costofGoodsAndServicesSold": "1354000000", "operatingIncome": "529000000", "sellingGeneralAndAdministrative": "424000000", "researchAndDevelopment": "2000000", "operatingExpenses": "784000000", "investmentIncomeNet": "None", "netInterestIncome": "None", "interestIncome": "None", "interestExpense": "64037000", "nonInterestIncome": "None", "otherNonOperatingIncome": "-5516000", "depreciation": "None", "depreciationAndAmortization": "264000000", "incomeBeforeTax": "449000000", "incomeTaxExpense": "55000000", "interestAndDebtExpense": "None", "netIncomeFromContinuingOperations": "394437000", "comprehensiveIncomeNetOfTax": "None", "ebit": "529000000", "ebitda": "793000000", "netIncome": "328000000"}, {"fiscalDateEnding": "2016-03-31", "reportedCurrency": "USD", "grossProfit": "1257000000", "totalRevenue": "2717000000", "costOfRevenue": "1460000000", "costofGoodsAndServicesSold": "1460000000", "operatingIncome": "585000000", "sellingGeneralAndAdministrative": "346000000", "researchAndDevelopment": "2000000", "operatingExpenses": "718000000", "investmentIncomeNet": "None", "netInterestIncome": "None", "interestIncome": "None", "interestExpense": "68648000", "nonInterestIncome": "None", "otherNonOperatingIncome": "-45044000", "depreciation": "None", "depreciationAndAmortization": "270000000", "incomeBeforeTax": "472000000", "incomeTaxExpense": "63000000", "interestAndDebtExpense": "None", "netIncomeFromContinuingOperations": "408913000", "comprehensiveIncomeNetOfTax": "None", "ebit": "585000000", "ebitda": "855000000", "netIncome": "320000000"}, {"fiscalDateEnding": "2015-12-31", "reportedCurrency": "USD", "grossProfit": "1023428000", "totalRevenue": "2861274000", "costOfRevenue": "1837846000", "costofGoodsAndServicesSold": "1837846000", "operatingIncome": "717916000", "sellingGeneralAndAdministrative": "361527000", "researchAndDevelopment": "3344000", "operatingExpenses": "3998203000", "investmentIncomeNet": "None", "netInterestIncome": "None", "interestIncome": "None", "interestExpense": "66202000", "nonInterestIncome": "None", "otherNonOperatingIncome": "2487000", "depreciation": "None", "depreciationAndAmortization": "258728000", "incomeBeforeTax": "637337000", "incomeTaxExpense": "62059000", "interestAndDebtExpense": "None", "netIncomeFromContinuingOperations": "574975000", "comprehensiveIncomeNetOfTax": "None", "ebit": "717916000", "ebitda": "976644000", "netIncome": "465782000"}, {"fiscalDateEnding": "2015-09-30", "reportedCurrency": "USD", "grossProfit": "1394349000", "totalRevenue": "2893683000", "costOfRevenue": "1499334000", "costofGoodsAndServicesSold": "1499334000", "operatingIncome": "739778000", "sellingGeneralAndAdministrative": "351605000", "researchAndDevelopment": "3147000", "operatingExpenses": "639005000", "investmentIncomeNet": "None", "netInterestIncome": "None", "interestIncome": "None", "interestExpense": "66962000", "nonInterestIncome": "None", "otherNonOperatingIncome": "2158000", "depreciation": "None", "depreciationAndAmortization": "257435000", "incomeBeforeTax": "690540000", "incomeTaxExpense": "72347000", "interestAndDebtExpense": "None", "netIncomeFromContinuingOperations": "618193000", "comprehensiveIncomeNetOfTax": "None", "ebit": "739778000", "ebitda": "997213000", "netIncome": "519358000"}, {"fiscalDateEnding": "2015-06-30", "reportedCurrency": "USD", "grossProfit": "1359170000", "totalRevenue": "2921421000", "costOfRevenue": "1562251000", "costofGoodsAndServicesSold": "1562251000", "operatingIncome": "691868000", "sellingGeneralAndAdministrative": "360167000", "researchAndDevelopment": "2348000", "operatingExpenses": "670011000", "investmentIncomeNet": "None", "netInterestIncome": "None", "interestIncome": "None", "interestExpense": "65801000", "nonInterestIncome": "None", "otherNonOperatingIncome": "4062000", "depreciation": "None", "depreciationAndAmortization": "258077000", "incomeBeforeTax": "627420000", "incomeTaxExpense": "45929000", "interestAndDebtExpense": "None", "netIncomeFromContinuingOperations": "581491000", "comprehensiveIncomeNetOfTax": "None", "ebit": "691868000", "ebitda": "949945000", "netIncome": "469173000"}, {"fiscalDateEnding": "2015-03-31", "reportedCurrency": "USD", "grossProfit": "1428361000", "totalRevenue": "3011622000", "costOfRevenue": "1583261000", "costofGoodsAndServicesSold": "1583261000", "operatingIncome": "726438000", "sellingGeneralAndAdministrative": "369701000", "researchAndDevelopment": "1533000", "operatingExpenses": "701781000", "investmentIncomeNet": "None", "netInterestIncome": "None", "interestIncome": "None", "interestExpense": "66255000", "nonInterestIncome": "None", "otherNonOperatingIncome": "6378000", "depreciation": "None", "depreciationAndAmortization": "263760000", "incomeBeforeTax": "666703000", "incomeTaxExpense": "55665000", "interestAndDebtExpense": "None", "netIncomeFromContinuingOperations": "611038000", "comprehensiveIncomeNetOfTax": "None", "ebit": "726438000", "ebitda": "990198000", "netIncome": "511923000"}, {"fiscalDateEnding": "2014-12-31", "reportedCurrency": "USD", "grossProfit": "545107000", "totalRevenue": "3415993000", "costOfRevenue": "2870886000", "costofGoodsAndServicesSold": "2870886000", "operatingIncome": "1024454000", "sellingGeneralAndAdministrative": "288847000", "researchAndDevelopment": "5373000", "operatingExpenses": "5260026000", "investmentIncomeNet": "None", "netInterestIncome": "None", "interestIncome": "None", "interestExpense": "66686000", "nonInterestIncome": "None", "otherNonOperatingIncome": "8534000", "depreciation": "None", "depreciationAndAmortization": "265970000", "incomeBeforeTax": "968701000", "incomeTaxExpense": "90701000", "interestAndDebtExpense": "None", "netIncomeFromContinuingOperations": "878000000", "comprehensiveIncomeNetOfTax": "None", "ebit": "1024454000", "ebitda": "1290424000", "netIncome": "721305000"}, {"fiscalDateEnding": "2014-09-30", "reportedCurrency": "USD", "grossProfit": "1649247000", "totalRevenue": "3533122000", "costOfRevenue": "1883875000", "costofGoodsAndServicesSold": "1883875000", "operatingIncome": "972222000", "sellingGeneralAndAdministrative": "384205000", "researchAndDevelopment": "3043000", "operatingExpenses": "679709000", "investmentIncomeNet": "None", "netInterestIncome": "None", "interestIncome": "None", "interestExpense": "66779000", "nonInterestIncome": "None", "otherNonOperatingIncome": "5609000", "depreciation": "None", "depreciationAndAmortization": "261088000", "incomeBeforeTax": "908368000", "incomeTaxExpense": "47869000", "interestAndDebtExpense": "None", "netIncomeFromContinuingOperations": "860499000", "comprehensiveIncomeNetOfTax": "None", "ebit": "972222000", "ebitda": "1233310000", "netIncome": "671705000"}, {"fiscalDateEnding": "2014-06-30", "reportedCurrency": "USD", "grossProfit": "1681794000", "totalRevenue": "3624350000", "costOfRevenue": "1942556000", "costofGoodsAndServicesSold": "1942556000", "operatingIncome": "965056000", "sellingGeneralAndAdministrative": "372655000", "researchAndDevelopment": "4217000", "operatingExpenses": "718140000", "investmentIncomeNet": "None", "netInterestIncome": "None", "interestIncome": "None", "interestExpense": "69590000", "nonInterestIncome": "None", "otherNonOperatingIncome": "5697000", "depreciation": "None", "depreciationAndAmortization": "274056000", "incomeBeforeTax": "899761000", "incomeTaxExpense": "46917000", "interestAndDebtExpense": "None", "netIncomeFromContinuingOperations": "852844000", "comprehensiveIncomeNetOfTax": "None", "ebit": "965056000", "ebitda": "1239112000", "netIncome": "671434000"}, {"fiscalDateEnding": "2014-03-31", "reportedCurrency": "USD", "grossProfit": "1870509000", "totalRevenue": "4010384000", "costOfRevenue": "2139875000", "costofGoodsAndServicesSold": "2139875000", "operatingIncome": "1144350000", "sellingGeneralAndAdministrative": "387176000", "researchAndDevelopment": "1692000", "operatingExpenses": "749304999", "investmentIncomeNet": "None", "netInterestIncome": "None", "interestIncome": "None", "interestExpense": "71126000", "nonInterestIncome": "None", "otherNonOperatingIncome": "5803000", "depreciation": "None", "depreciationAndAmortization": "271073000", "incomeBeforeTax": "1055881000", "incomeTaxExpense": "59153000", "interestAndDebtExpense": "None", "netIncomeFromContinuingOperations": "996728000", "comprehensiveIncomeNetOfTax": "None", "ebit": "1144350000", "ebitda": "1415423000", "netIncome": "776185000"}, {"fiscalDateEnding": "2013-12-31", "reportedCurrency": "USD", "grossProfit": "1159335000", "totalRevenue": "3655685000", "costOfRevenue": "2496350000", "costofGoodsAndServicesSold": "2496350000", "operatingIncome": "887796000", "sellingGeneralAndAdministrative": "281106000", "researchAndDevelopment": "969000", "operatingExpenses": "5280811000", "investmentIncomeNet": "None", "netInterestIncome": "None", "interestIncome": "None", "interestExpense": "67086000", "nonInterestIncome": "None", "otherNonOperatingIncome": "7597000", "depreciation": "None", "depreciationAndAmortization": "264993000", "incomeBeforeTax": "809627000", "incomeTaxExpense": "39896000", "interestAndDebtExpense": "None", "netIncomeFromContinuingOperations": "769731000", "comprehensiveIncomeNetOfTax": "None", "ebit": "887796000", "ebitda": "1152789000", "netIncome": "577539000"}, {"fiscalDateEnding": "2013-09-30", "reportedCurrency": "USD", "grossProfit": "1656481000", "totalRevenue": "3568540000", "costOfRevenue": "1912059000", "costofGoodsAndServicesSold": "1912059000", "operatingIncome": "964965000", "sellingGeneralAndAdministrative": "371933000", "researchAndDevelopment": "3487000", "operatingExpenses": "738448000", "investmentIncomeNet": "None", "netInterestIncome": "None", "interestIncome": "None", "interestExpense": "66917000", "nonInterestIncome": "None", "otherNonOperatingIncome": "3819000", "depreciation": "None", "depreciationAndAmortization": "258947000", "incomeBeforeTax": "854935000", "incomeTaxExpense": "45637000", "interestAndDebtExpense": "None", "netIncomeFromContinuingOperations": "809298000", "comprehensiveIncomeNetOfTax": "None", "ebit": "964965000", "ebitda": "1223912000", "netIncome": "626744000"}, {"fiscalDateEnding": "2013-06-30", "reportedCurrency": "USD", "grossProfit": "1470000000", "totalRevenue": "3242941000", "costOfRevenue": "1772941000", "costofGoodsAndServicesSold": "1772941000", "operatingIncome": "785403000", "sellingGeneralAndAdministrative": "354350000", "researchAndDevelopment": "6002000", "operatingExpenses": "685466000", "investmentIncomeNet": "None", "netInterestIncome": "None", "interestIncome": "None", "interestExpense": "68376000", "nonInterestIncome": "None", "otherNonOperatingIncome": "3236000", "depreciation": "None", "depreciationAndAmortization": "261156000", "incomeBeforeTax": "719394000", "incomeTaxExpense": "47721000", "interestAndDebtExpense": "None", "netIncomeFromContinuingOperations": "671673000", "comprehensiveIncomeNetOfTax": "None", "ebit": "787770000", "ebitda": "1048926000", "netIncome": "529753000"}, {"fiscalDateEnding": "2013-03-31", "reportedCurrency": "USD", "grossProfit": "1514912000", "totalRevenue": "3302719000", "costOfRevenue": "1787807000", "costofGoodsAndServicesSold": "1787807000", "operatingIncome": "828635000", "sellingGeneralAndAdministrative": "346686000", "researchAndDevelopment": "5351000", "operatingExpenses": "690317000", "investmentIncomeNet": "None", "netInterestIncome": "None", "interestIncome": "None", "interestExpense": "68832000", "nonInterestIncome": "None", "otherNonOperatingIncome": "1685000", "depreciation": "None", "depreciationAndAmortization": "262724000", "incomeBeforeTax": "759556000", "incomeTaxExpense": "55582000", "interestAndDebtExpense": "None", "netIncomeFromContinuingOperations": "703974000", "comprehensiveIncomeNetOfTax": "None", "ebit": "828388000", "ebitda": "1091112000", "netIncome": "571961000"}, {"fiscalDateEnding": "2012-12-31", "reportedCurrency": "USD", "grossProfit": "1257615000", "totalRevenue": "3077002000", "costOfRevenue": "1819387000", "costofGoodsAndServicesSold": "1819387000", "operatingIncome": "673016000", "sellingGeneralAndAdministrative": "262414000", "researchAndDevelopment": "7762000", "operatingExpenses": "4219359000", "investmentIncomeNet": "None", "netInterestIncome": "None", "interestIncome": "None", "interestExpense": "67067000", "nonInterestIncome": "None", "otherNonOperatingIncome": "11561000", "depreciation": "None", "depreciationAndAmortization": "260470000", "incomeBeforeTax": "616499000", "incomeTaxExpense": "45156000", "interestAndDebtExpense": "None", "netIncomeFromContinuingOperations": "571343000", "comprehensiveIncomeNetOfTax": "None", "ebit": "673016000", "ebitda": "933486000", "netIncome": "434782000"}, {"fiscalDateEnding": "2012-09-30", "reportedCurrency": "USD", "grossProfit": "869491000", "totalRevenue": "2709482000", "costOfRevenue": "1839991000", "costofGoodsAndServicesSold": "1839991000", "operatingIncome": "534095000", "sellingGeneralAndAdministrative": "268832000", "researchAndDevelopment": "4201000", "operatingExpenses": "335242000", "investmentIncomeNet": "None", "netInterestIncome": "None", "interestIncome": "None", "interestExpense": "62292000", "nonInterestIncome": "None", "otherNonOperatingIncome": "6528000", "depreciation": "None", "depreciationAndAmortization": "226538000", "incomeBeforeTax": "478331000", "incomeTaxExpense": "33351000", "interestAndDebtExpense": "None", "netIncomeFromContinuingOperations": "444980000", "comprehensiveIncomeNetOfTax": "None", "ebit": "538425000", "ebitda": "764963000", "netIncome": "349782000"}, {"fiscalDateEnding": "2012-06-30", "reportedCurrency": "USD", "grossProfit": "838349000", "totalRevenue": "2581906000", "costOfRevenue": "1743557000", "costofGoodsAndServicesSold": "1743557000", "operatingIncome": "397728000", "sellingGeneralAndAdministrative": "259038000", "researchAndDevelopment": "6797000", "operatingExpenses": "339358000", "investmentIncomeNet": "None", "netInterestIncome": "None", "interestIncome": "None", "interestExpense": "64533000", "nonInterestIncome": "None", "otherNonOperatingIncome": "8674000", "depreciation": "None", "depreciationAndAmortization": "220440000", "incomeBeforeTax": "325466000", "incomeTaxExpense": "39085000", "interestAndDebtExpense": "None", "netIncomeFromContinuingOperations": "286381000", "comprehensiveIncomeNetOfTax": "None", "ebit": "400056000", "ebitda": "620496000", "netIncome": "240587000"}, {"fiscalDateEnding": "2012-03-31", "reportedCurrency": "USD", "grossProfit": "1057344000", "totalRevenue": "2762742000", "costOfRevenue": "1705398000", "costofGoodsAndServicesSold": "1705398000", "operatingIncome": "707554000", "sellingGeneralAndAdministrative": "218717000", "researchAndDevelopment": "1198000", "operatingExpenses": "306304000", "investmentIncomeNet": "None", "netInterestIncome": "None", "interestIncome": "None", "interestExpense": "64672000", "nonInterestIncome": "None", "otherNonOperatingIncome": "2229000", "depreciation": "None", "depreciationAndAmortization": "194747000", "incomeBeforeTax": "642280000", "incomeTaxExpense": "63171000", "interestAndDebtExpense": "None", "netIncomeFromContinuingOperations": "579109000", "comprehensiveIncomeNetOfTax": "None", "ebit": "716897000", "ebitda": "911644000", "netIncome": "498942000"}, {"fiscalDateEnding": "2011-12-31", "reportedCurrency": "USD", "grossProfit": "1171801000", "totalRevenue": "2544355000", "costOfRevenue": "1372554000", "costofGoodsAndServicesSold": "1372554000", "operatingIncome": "663282000", "sellingGeneralAndAdministrative": "246303000", "researchAndDevelopment": "5008000", "operatingExpenses": "508519000", "investmentIncomeNet": "None", "netInterestIncome": "None", "interestIncome": "None", "interestExpense": "68011000", "nonInterestIncome": "None", "otherNonOperatingIncome": "11379000", "depreciation": "None", "depreciationAndAmortization": "197935000", "incomeBeforeTax": "584096000", "incomeTaxExpense": "59744000", "interestAndDebtExpense": "None", "netIncomeFromContinuingOperations": "524352000", "comprehensiveIncomeNetOfTax": "None", "ebit": "669232000", "ebitda": "867167000", "netIncome": "435284000"}, {"fiscalDateEnding": "2011-09-30", "reportedCurrency": "USD", "grossProfit": "916869000", "totalRevenue": "2409375000", "costOfRevenue": "1492506000", "costofGoodsAndServicesSold": "1492506000", "operatingIncome": "632556000", "sellingGeneralAndAdministrative": "79997000", "researchAndDevelopment": "3308000", "operatingExpenses": "284313000", "investmentIncomeNet": "None", "netInterestIncome": "None", "interestIncome": "None", "interestExpense": "70761000", "nonInterestIncome": "None", "otherNonOperatingIncome": "-4248000", "depreciation": "None", "depreciationAndAmortization": "200071000", "incomeBeforeTax": "557547000", "incomeTaxExpense": "52375000", "interestAndDebtExpense": "None", "netIncomeFromContinuingOperations": "505172000", "comprehensiveIncomeNetOfTax": "None", "ebit": "628308000", "ebitda": "828379000", "netIncome": "424879000"}, {"fiscalDateEnding": "2011-06-30", "reportedCurrency": "USD", "grossProfit": "894734000", "totalRevenue": "2345096000", "costOfRevenue": "1450362000", "costofGoodsAndServicesSold": "1450362000", "operatingIncome": "608122000", "sellingGeneralAndAdministrative": "70588000", "researchAndDevelopment": "2420000", "operatingExpenses": "286612000", "investmentIncomeNet": "None", "netInterestIncome": "None", "interestIncome": "None", "interestExpense": "70592000", "nonInterestIncome": "None", "otherNonOperatingIncome": "5936000", "depreciation": "None", "depreciationAndAmortization": "206161000", "incomeBeforeTax": "543466000", "incomeTaxExpense": "54374000", "interestAndDebtExpense": "None", "netIncomeFromContinuingOperations": "489092000", "comprehensiveIncomeNetOfTax": "None", "ebit": "612150000", "ebitda": "818311000", "netIncome": "410637000"}, {"fiscalDateEnding": "2011-03-31", "reportedCurrency": "USD", "grossProfit": "737439000", "totalRevenue": "2111919000", "costOfRevenue": "1374480000", "costofGoodsAndServicesSold": "1374480000", "operatingIncome": "485927000", "sellingGeneralAndAdministrative": "60203000", "researchAndDevelopment": "573000", "operatingExpenses": "251512000", "investmentIncomeNet": "None", "netInterestIncome": "None", "interestIncome": "None", "interestExpense": "73585000", "nonInterestIncome": "None", "otherNonOperatingIncome": "-2628000", "depreciation": "None", "depreciationAndAmortization": "190237000", "incomeBeforeTax": "409714000", "incomeTaxExpense": "45211000", "interestAndDebtExpense": "None", "netIncomeFromContinuingOperations": "364503000", "comprehensiveIncomeNetOfTax": "None", "ebit": "496455000", "ebitda": "686692000", "netIncome": "289323000"}, {"fiscalDateEnding": "2010-12-31", "reportedCurrency": "USD", "grossProfit": "945552000", "totalRevenue": "2015046000", "costOfRevenue": "1069494000", "costofGoodsAndServicesSold": "1069494000", "operatingIncome": "488686000", "sellingGeneralAndAdministrative": "249137000", "researchAndDevelopment": "525000", "operatingExpenses": "456866000", "investmentIncomeNet": "None", "netInterestIncome": "None", "interestIncome": "None", "interestExpense": "74938000", "nonInterestIncome": "None", "otherNonOperatingIncome": "None", "depreciation": "None", "depreciationAndAmortization": "184450000", "incomeBeforeTax": "414273000", "incomeTaxExpense": "27866000", "interestAndDebtExpense": "None", "netIncomeFromContinuingOperations": "0", "comprehensiveIncomeNetOfTax": "None", "ebit": "489211000", "ebitda": "673661000", "netIncome": "325509000"}, {"fiscalDateEnding": "2010-09-30", "reportedCurrency": "USD", "grossProfit": "636910000", "totalRevenue": "1908772000", "costOfRevenue": "1271862000", "costofGoodsAndServicesSold": "1271862000", "operatingIncome": "383305000", "sellingGeneralAndAdministrative": "47979000", "researchAndDevelopment": "425000", "operatingExpenses": "237548000", "investmentIncomeNet": "None", "netInterestIncome": "None", "interestIncome": "None", "interestExpense": "76723000", "nonInterestIncome": "None", "otherNonOperatingIncome": "9105000", "depreciation": "None", "depreciationAndAmortization": "186738000", "incomeBeforeTax": "293995000", "incomeTaxExpense": "25161000", "interestAndDebtExpense": "None", "netIncomeFromContinuingOperations": "268834000", "comprehensiveIncomeNetOfTax": "None", "ebit": "402023000", "ebitda": "588761000", "netIncome": "214497000"}, {"fiscalDateEnding": "2010-06-30", "reportedCurrency": "USD", "grossProfit": "464702000", "totalRevenue": "1594476000", "costOfRevenue": "1129774000", "costofGoodsAndServicesSold": "1129774000", "operatingIncome": "166775000", "sellingGeneralAndAdministrative": "88878000", "researchAndDevelopment": "676000", "operatingExpenses": "297927000", "investmentIncomeNet": "None", "netInterestIncome": "None", "interestIncome": "None", "interestExpense": "76987000", "nonInterestIncome": "None", "otherNonOperatingIncome": "-3167000", "depreciation": "None", "depreciationAndAmortization": "170694000", "incomeBeforeTax": "86621000", "incomeTaxExpense": "8073000", "interestAndDebtExpense": "None", "netIncomeFromContinuingOperations": "78548000", "comprehensiveIncomeNetOfTax": "None", "ebit": "168848000", "ebitda": "339542000", "netIncome": "41807000"}, {"fiscalDateEnding": "2010-03-31", "reportedCurrency": "USD", "grossProfit": "365191000", "totalRevenue": "1334888000", "costOfRevenue": "969697000", "costofGoodsAndServicesSold": "969697000", "operatingIncome": "141820000", "sellingGeneralAndAdministrative": "69633000", "researchAndDevelopment": "157000", "operatingExpenses": "223371000", "investmentIncomeNet": "None", "netInterestIncome": "None", "interestIncome": "None", "interestExpense": "78165000", "nonInterestIncome": "None", "otherNonOperatingIncome": "None", "depreciation": "None", "depreciationAndAmortization": "153089000", "incomeBeforeTax": "61016000", "incomeTaxExpense": "13202000", "interestAndDebtExpense": "None", "netIncomeFromContinuingOperations": "0", "comprehensiveIncomeNetOfTax": "None", "ebit": "143453000", "ebitda": "296542000", "netIncome": "17581000"}, {"fiscalDateEnding": "2009-12-31", "reportedCurrency": "USD", "grossProfit": "-1592674000", "totalRevenue": "1284199000", "costOfRevenue": "2876873000", "costofGoodsAndServicesSold": "2876873000", "operatingIncome": "43944000", "sellingGeneralAndAdministrative": "230269000", "researchAndDevelopment": "189000", "operatingExpenses": "-1654911000", "investmentIncomeNet": "None", "netInterestIncome": "None", "interestIncome": "None", "interestExpense": "97367000", "nonInterestIncome": "None", "otherNonOperatingIncome": "None", "depreciation": "None", "depreciationAndAmortization": "181493000", "incomeBeforeTax": "-78542000", "incomeTaxExpense": "-4525000", "interestAndDebtExpense": "None", "netIncomeFromContinuingOperations": "0", "comprehensiveIncomeNetOfTax": "None", "ebit": "63519000", "ebitda": "245012000", "netIncome": "-67427000"}, {"fiscalDateEnding": "2009-09-30", "reportedCurrency": "USD", "grossProfit": "470039000", "totalRevenue": "1141144000", "costOfRevenue": "671105000", "costofGoodsAndServicesSold": "671105000", "operatingIncome": "62382000", "sellingGeneralAndAdministrative": "180254000", "researchAndDevelopment": "80000", "operatingExpenses": "1078762000", "investmentIncomeNet": "None", "netInterestIncome": "None", "interestIncome": "None", "interestExpense": "88514000", "nonInterestIncome": "None", "otherNonOperatingIncome": "None", "depreciation": "None", "depreciationAndAmortization": "148677000", "incomeBeforeTax": "-26301000", "incomeTaxExpense": "54316000", "interestAndDebtExpense": "None", "netIncomeFromContinuingOperations": "0", "comprehensiveIncomeNetOfTax": "None", "ebit": "62213000", "ebitda": "210890000", "netIncome": "-76506000"}, {"fiscalDateEnding": "2009-06-30", "reportedCurrency": "USD", "grossProfit": "442004000", "totalRevenue": "1058700000", "costOfRevenue": "616696000", "costofGoodsAndServicesSold": "616696000", "operatingIncome": "-171345000", "sellingGeneralAndAdministrative": "237814000", "researchAndDevelopment": "10000", "operatingExpenses": "1078870000", "investmentIncomeNet": "None", "netInterestIncome": "None", "interestIncome": "None", "interestExpense": "64871000", "nonInterestIncome": "None", "otherNonOperatingIncome": "None", "depreciation": "None", "depreciationAndAmortization": "137143000", "incomeBeforeTax": "-232751000", "incomeTaxExpense": "-54488000", "interestAndDebtExpense": "None", "netIncomeFromContinuingOperations": "0", "comprehensiveIncomeNetOfTax": "None", "ebit": "-161390000", "ebitda": "-24247000", "netIncome": "-175940000"}, {"fiscalDateEnding": "2009-03-31", "reportedCurrency": "USD", "grossProfit": "394513000", "totalRevenue": "1079062000", "costOfRevenue": "684549000", "costofGoodsAndServicesSold": "684549000", "operatingIncome": "36279000", "sellingGeneralAndAdministrative": "197590000", "researchAndDevelopment": "254000", "operatingExpenses": "358234000", "investmentIncomeNet": "None", "netInterestIncome": "None", "interestIncome": "None", "interestExpense": "71118000", "nonInterestIncome": "None", "otherNonOperatingIncome": "None", "depreciation": "None", "depreciationAndAmortization": "145739000", "incomeBeforeTax": "-35033000", "incomeTaxExpense": "813000", "interestAndDebtExpense": "None", "netIncomeFromContinuingOperations": "0", "comprehensiveIncomeNetOfTax": "None", "ebit": "36085000", "ebitda": "181824000", "netIncome": "-35846000"}, {"fiscalDateEnding": "2008-12-31", "reportedCurrency": "USD", "grossProfit": "382335000", "totalRevenue": "1093375000", "costOfRevenue": "711040000", "costofGoodsAndServicesSold": "711040000", "operatingIncome": "-34379000", "sellingGeneralAndAdministrative": "550529000", "researchAndDevelopment": "1285000", "operatingExpenses": "416714000", "investmentIncomeNet": "None", "netInterestIncome": "None", "interestIncome": "None", "interestExpense": "421825000", "nonInterestIncome": "None", "otherNonOperatingIncome": "None", "depreciation": "None", "depreciationAndAmortization": "160816000", "incomeBeforeTax": "-151773000", "incomeTaxExpense": "-40167000", "interestAndDebtExpense": "None", "netIncomeFromContinuingOperations": "0", "comprehensiveIncomeNetOfTax": "None", "ebit": "-34379000", "ebitda": "126437000", "netIncome": "-111320000"}, {"fiscalDateEnding": "2008-09-30", "reportedCurrency": "USD", "grossProfit": "373195000", "totalRevenue": "1105434000", "costOfRevenue": "732239000", "costofGoodsAndServicesSold": "732239000", "operatingIncome": "28195000", "sellingGeneralAndAdministrative": "130192000", "researchAndDevelopment": "1153000", "operatingExpenses": "345000000", "investmentIncomeNet": "None", "netInterestIncome": "None", "interestIncome": "None", "interestExpense": "90535000", "nonInterestIncome": "None", "otherNonOperatingIncome": "None", "depreciation": "None", "depreciationAndAmortization": "142358000", "incomeBeforeTax": "-51916000", "incomeTaxExpense": "-19425000", "interestAndDebtExpense": "None", "netIncomeFromContinuingOperations": "0", "comprehensiveIncomeNetOfTax": "None", "ebit": "28500000", "ebitda": "170858000", "netIncome": "-32208000"}, {"fiscalDateEnding": "2008-06-30", "reportedCurrency": "USD", "grossProfit": "432397000", "totalRevenue": "1112114000", "costOfRevenue": "679717000", "costofGoodsAndServicesSold": "679717000", "operatingIncome": "73282000", "sellingGeneralAndAdministrative": "147906000", "researchAndDevelopment": "4459000", "operatingExpenses": "359115000", "investmentIncomeNet": "None", "netInterestIncome": "None", "interestIncome": "None", "interestExpense": "88474000", "nonInterestIncome": "None", "otherNonOperatingIncome": "None", "depreciation": "None", "depreciationAndAmortization": "134112000", "incomeBeforeTax": "-15776000", "incomeTaxExpense": "-2782000", "interestAndDebtExpense": "None", "netIncomeFromContinuingOperations": "0", "comprehensiveIncomeNetOfTax": "None", "ebit": "57687000", "ebitda": "191799000", "netIncome": "-8796000"}, {"fiscalDateEnding": "2008-03-31", "reportedCurrency": "USD", "grossProfit": "433267000", "totalRevenue": "1079023000", "costOfRevenue": "645756000", "costofGoodsAndServicesSold": "645756000", "operatingIncome": "96565000", "sellingGeneralAndAdministrative": "142953000", "researchAndDevelopment": "5892000", "operatingExpenses": "336702000", "investmentIncomeNet": "None", "netInterestIncome": "None", "interestIncome": "None", "interestExpense": "114700000", "nonInterestIncome": "None", "otherNonOperatingIncome": "None", "depreciation": "None", "depreciationAndAmortization": "128709000", "incomeBeforeTax": "-8560000", "incomeTaxExpense": "2674000", "interestAndDebtExpense": "None", "netIncomeFromContinuingOperations": "0", "comprehensiveIncomeNetOfTax": "None", "ebit": "96565000", "ebitda": "225274000", "netIncome": "-11234000"}, {"fiscalDateEnding": "2007-12-31", "reportedCurrency": "USD", "grossProfit": "412811000", "totalRevenue": "1048473000", "costOfRevenue": "635662000", "costofGoodsAndServicesSold": "635662000", "operatingIncome": "133565000", "sellingGeneralAndAdministrative": "319357000", "researchAndDevelopment": "2501000", "operatingExpenses": "279246000", "investmentIncomeNet": "None", "netInterestIncome": "None", "interestIncome": "None", "interestExpense": "244808000", "nonInterestIncome": "None", "otherNonOperatingIncome": "None", "depreciation": "None", "depreciationAndAmortization": "95317000", "incomeBeforeTax": "45546000", "incomeTaxExpense": "5663000", "interestAndDebtExpense": "None", "netIncomeFromContinuingOperations": "0", "comprehensiveIncomeNetOfTax": "None", "ebit": "133565000", "ebitda": "228882000", "netIncome": "39883000"}, {"fiscalDateEnding": "2007-09-30", "reportedCurrency": "USD", "grossProfit": "243977000", "totalRevenue": "660950000", "costOfRevenue": "416973000", "costofGoodsAndServicesSold": "416973000", "operatingIncome": "-20794000", "sellingGeneralAndAdministrative": "80244000", "researchAndDevelopment": "3621000", "operatingExpenses": "264771000", "investmentIncomeNet": "None", "netInterestIncome": "None", "interestIncome": "None", "interestExpense": "72607000", "nonInterestIncome": "None", "otherNonOperatingIncome": "None", "depreciation": "None", "depreciationAndAmortization": "66938000", "incomeBeforeTax": "-49459000", "incomeTaxExpense": "-952000", "interestAndDebtExpense": "None", "netIncomeFromContinuingOperations": "0", "comprehensiveIncomeNetOfTax": "None", "ebit": "-20794000", "ebitda": "46144000", "netIncome": "-48507000"}, {"fiscalDateEnding": "2007-06-30", "reportedCurrency": "USD", "grossProfit": "262003000", "totalRevenue": "612926000", "costOfRevenue": "350923000", "costofGoodsAndServicesSold": "350923000", "operatingIncome": "86233000", "sellingGeneralAndAdministrative": "60700000", "researchAndDevelopment": "1260000", "operatingExpenses": "175770000", "investmentIncomeNet": "None", "netInterestIncome": "None", "interestIncome": "None", "interestExpense": "54409000", "nonInterestIncome": "None", "otherNonOperatingIncome": "None", "depreciation": "None", "depreciationAndAmortization": "46509000", "incomeBeforeTax": "40167000", "incomeTaxExpense": "5769000", "interestAndDebtExpense": "None", "netIncomeFromContinuingOperations": "0", "comprehensiveIncomeNetOfTax": "None", "ebit": "86233000", "ebitda": "132742000", "netIncome": "34398000"}, {"fiscalDateEnding": "2007-03-31", "reportedCurrency": "USD", "grossProfit": "285933000", "totalRevenue": "628218000", "costOfRevenue": "342285000", "costofGoodsAndServicesSold": "342285000", "operatingIncome": "131006000", "sellingGeneralAndAdministrative": "57971000", "researchAndDevelopment": "2346000", "operatingExpenses": "154927000", "investmentIncomeNet": "None", "netInterestIncome": "None", "interestIncome": "None", "interestExpense": "34612000", "nonInterestIncome": "None", "otherNonOperatingIncome": "None", "depreciation": "None", "depreciationAndAmortization": "39326000", "incomeBeforeTax": "102025000", "incomeTaxExpense": "11111000", "interestAndDebtExpense": "None", "netIncomeFromContinuingOperations": "0", "comprehensiveIncomeNetOfTax": "None", "ebit": "131006000", "ebitda": "170332000", "netIncome": "90914000"}, {"fiscalDateEnding": "2006-12-31", "reportedCurrency": "USD", "grossProfit": "308772000", "totalRevenue": "636260000", "costOfRevenue": "327488000", "costofGoodsAndServicesSold": "327488000", "operatingIncome": "166324000", "sellingGeneralAndAdministrative": "230355000", "researchAndDevelopment": "22997000", "operatingExpenses": "142448000", "investmentIncomeNet": "None", "netInterestIncome": "None", "interestIncome": "None", "interestExpense": "135853000", "nonInterestIncome": "None", "otherNonOperatingIncome": "None", "depreciation": "None", "depreciationAndAmortization": "38829000", "incomeBeforeTax": "141185000", "incomeTaxExpense": "27545000", "interestAndDebtExpense": "None", "netIncomeFromContinuingOperations": "0", "comprehensiveIncomeNetOfTax": "None", "ebit": "166324000", "ebitda": "205153000", "netIncome": "113640000"}, {"fiscalDateEnding": "2006-09-30", "reportedCurrency": "USD", "grossProfit": "261931000", "totalRevenue": "553228000", "costOfRevenue": "291297000", "costofGoodsAndServicesSold": "291297000", "operatingIncome": "133478000", "sellingGeneralAndAdministrative": "58045000", "researchAndDevelopment": "5968000", "operatingExpenses": "128453000", "investmentIncomeNet": "None", "netInterestIncome": "None", "interestIncome": "None", "interestExpense": "45343000", "nonInterestIncome": "None", "otherNonOperatingIncome": "None", "depreciation": "None", "depreciationAndAmortization": "29426000", "incomeBeforeTax": "108484000", "incomeTaxExpense": "11233000", "interestAndDebtExpense": "None", "netIncomeFromContinuingOperations": "0", "comprehensiveIncomeNetOfTax": "None", "ebit": "133478000", "ebitda": "162904000", "netIncome": "97251000"}, {"fiscalDateEnding": "2006-06-30", "reportedCurrency": "USD", "grossProfit": "239226000", "totalRevenue": "517007000", "costOfRevenue": "277781000", "costofGoodsAndServicesSold": "277781000", "operatingIncome": "125415000", "sellingGeneralAndAdministrative": "57337000", "researchAndDevelopment": "7861000", "operatingExpenses": "113811000", "investmentIncomeNet": "None", "netInterestIncome": "None", "interestIncome": "None", "interestExpense": "23685000", "nonInterestIncome": "None", "otherNonOperatingIncome": "None", "depreciation": "None", "depreciationAndAmortization": "25815000", "incomeBeforeTax": "116734000", "incomeTaxExpense": "7405000", "interestAndDebtExpense": "None", "netIncomeFromContinuingOperations": "0", "comprehensiveIncomeNetOfTax": "None", "ebit": "125415000", "ebitda": "151230000", "netIncome": "109329000"}, {"fiscalDateEnding": "2006-03-31", "reportedCurrency": "USD", "grossProfit": "262815000", "totalRevenue": "530364000", "costOfRevenue": "267549000", "costofGoodsAndServicesSold": "267549000", "operatingIncome": "148880000", "sellingGeneralAndAdministrative": "54812000", "researchAndDevelopment": "9168000", "operatingExpenses": "113935000", "investmentIncomeNet": "None", "netInterestIncome": "None", "interestIncome": "None", "interestExpense": "21415000", "nonInterestIncome": "None", "otherNonOperatingIncome": "None", "depreciation": "None", "depreciationAndAmortization": "25907000", "incomeBeforeTax": "137843000", "incomeTaxExpense": "16060000", "interestAndDebtExpense": "None", "netIncomeFromContinuingOperations": "0", "comprehensiveIncomeNetOfTax": "None", "ebit": "148880000", "ebitda": "174787000", "netIncome": "121783000"}, {"fiscalDateEnding": "2005-12-31", "reportedCurrency": "USD", "grossProfit": "242270000", "totalRevenue": "500675000", "costOfRevenue": "258405000", "costofGoodsAndServicesSold": "258405000", "operatingIncome": "141488000", "sellingGeneralAndAdministrative": "192806000", "researchAndDevelopment": "0", "operatingExpenses": "100782000", "investmentIncomeNet": "None", "netInterestIncome": "None", "interestIncome": "None", "interestExpense": "96292000", "nonInterestIncome": "None", "otherNonOperatingIncome": "None", "depreciation": "None", "depreciationAndAmortization": "27430000", "incomeBeforeTax": "130604000", "incomeTaxExpense": "20555000", "interestAndDebtExpense": "None", "netIncomeFromContinuingOperations": "0", "comprehensiveIncomeNetOfTax": "None", "ebit": "141488000", "ebitda": "168918000", "netIncome": "110049000"}, {"fiscalDateEnding": "2005-09-30", "reportedCurrency": "USD", "grossProfit": "209359000", "totalRevenue": "437622000", "costOfRevenue": "228263000", "costofGoodsAndServicesSold": "228263000", "operatingIncome": "108484000", "sellingGeneralAndAdministrative": "49390000", "researchAndDevelopment": "0", "operatingExpenses": "100875000", "investmentIncomeNet": "None", "netInterestIncome": "None", "interestIncome": "None", "interestExpense": "30597000", "nonInterestIncome": "None", "otherNonOperatingIncome": "None", "depreciation": "None", "depreciationAndAmortization": "28640000", "incomeBeforeTax": "86669000", "incomeTaxExpense": "6573000", "interestAndDebtExpense": "None", "netIncomeFromContinuingOperations": "0", "comprehensiveIncomeNetOfTax": "None", "ebit": "108484000", "ebitda": "137124000", "netIncome": "80096000"}, {"fiscalDateEnding": "2005-06-30", "reportedCurrency": "USD", "grossProfit": "200446000", "totalRevenue": "398821000", "costOfRevenue": "198375000", "costofGoodsAndServicesSold": "198375000", "operatingIncome": "114143000", "sellingGeneralAndAdministrative": "48214000", "researchAndDevelopment": "0", "operatingExpenses": "86303000", "investmentIncomeNet": "None", "netInterestIncome": "None", "interestIncome": "None", "interestExpense": "17969000", "nonInterestIncome": "None", "otherNonOperatingIncome": "None", "depreciation": "None", "depreciationAndAmortization": "22211000", "incomeBeforeTax": "97850000", "incomeTaxExpense": "11421000", "interestAndDebtExpense": "None", "netIncomeFromContinuingOperations": "0", "comprehensiveIncomeNetOfTax": "None", "ebit": "114143000", "ebitda": "136354000", "netIncome": "86429000"}, {"fiscalDateEnding": "2005-03-31", "reportedCurrency": "USD", "grossProfit": "215385000", "totalRevenue": "403794000", "costOfRevenue": "188409000", "costofGoodsAndServicesSold": "188409000", "operatingIncome": "125336000", "sellingGeneralAndAdministrative": "45773000", "researchAndDevelopment": "5175000", "operatingExpenses": "90049000", "investmentIncomeNet": "None", "netInterestIncome": "None", "interestIncome": "None", "interestExpense": "27083000", "nonInterestIncome": "None", "otherNonOperatingIncome": "None", "depreciation": "None", "depreciationAndAmortization": "21515000", "incomeBeforeTax": "-27187000", "incomeTaxExpense": "-34299000", "interestAndDebtExpense": "None", "netIncomeFromContinuingOperations": "0", "comprehensiveIncomeNetOfTax": "None", "ebit": "125336000", "ebitda": "146851000", "netIncome": "7112000"}, {"fiscalDateEnding": "2004-12-31", "reportedCurrency": "USD", "grossProfit": "347577000", "totalRevenue": "347577000", "costOfRevenue": "177507000", "costofGoodsAndServicesSold": "177507000", "operatingIncome": "89496000", "sellingGeneralAndAdministrative": "173088000", "researchAndDevelopment": "7329000", "operatingExpenses": "-283640000", "investmentIncomeNet": "None", "netInterestIncome": "None", "interestIncome": "None", "interestExpense": "138077000", "nonInterestIncome": "None", "otherNonOperatingIncome": "None", "depreciation": "None", "depreciationAndAmortization": "25979000", "incomeBeforeTax": "55520000", "incomeTaxExpense": "-13736000", "interestAndDebtExpense": "None", "netIncomeFromContinuingOperations": "0", "comprehensiveIncomeNetOfTax": "None", "ebit": "89496000", "ebitda": "115475000", "netIncome": "69256000"}]}