{"symbol": "AKAM", "annualReports": [{"fiscalDateEnding": "2024-12-31", "reportedCurrency": "USD", "grossProfit": "2370375000", "totalRevenue": "3991168000", "costOfRevenue": "1620793000", "costofGoodsAndServicesSold": "1620793000", "operatingIncome": "533411000", "sellingGeneralAndAdministrative": "1015357000", "researchAndDevelopment": "470876000", "operatingExpenses": "1836964000", "investmentIncomeNet": "None", "netInterestIncome": "73163000", "interestIncome": "100280000", "interestExpense": "27117000", "nonInterestIncome": "None", "otherNonOperatingIncome": "None", "depreciation": "None", "depreciationAndAmortization": "648410000", "incomeBeforeTax": "587013000", "incomeTaxExpense": "82095000", "interestAndDebtExpense": "None", "netIncomeFromContinuingOperations": "504918000", "comprehensiveIncomeNetOfTax": "None", "ebit": "614130000", "ebitda": "1262540000", "netIncome": "504918000"}, {"fiscalDateEnding": "2023-12-31", "reportedCurrency": "USD", "grossProfit": "2300857000", "totalRevenue": "3811920000", "costOfRevenue": "1511063000", "costofGoodsAndServicesSold": "1511063000", "operatingIncome": "637338000", "sellingGeneralAndAdministrative": "968093000", "researchAndDevelopment": "406048000", "operatingExpenses": "1663519000", "investmentIncomeNet": "None", "netInterestIncome": "12722000", "interestIncome": "45194000", "interestExpense": "17709000", "nonInterestIncome": "None", "otherNonOperatingIncome": "None", "depreciation": "None", "depreciationAndAmortization": "570776000", "incomeBeforeTax": "652527000", "incomeTaxExpense": "106373000", "interestAndDebtExpense": "None", "netIncomeFromContinuingOperations": "515226000", "comprehensiveIncomeNetOfTax": "None", "ebit": "670236000", "ebitda": "1241012000", "netIncome": "547629000"}, {"fiscalDateEnding": "2022-12-31", "reportedCurrency": "USD", "grossProfit": "2232835000", "totalRevenue": "3616654000", "costOfRevenue": "1383819000", "costofGoodsAndServicesSold": "1383819000", "operatingIncome": "676274000", "sellingGeneralAndAdministrative": "905767000", "researchAndDevelopment": "391434000", "operatingExpenses": "1556561000", "investmentIncomeNet": "None", "netInterestIncome": "-7838000", "interestIncome": "3258000", "interestExpense": "11096000", "nonInterestIncome": "None", "otherNonOperatingIncome": "None", "depreciation": "None", "depreciationAndAmortization": "592754000", "incomeBeforeTax": "658003000", "incomeTaxExpense": "126696000", "interestAndDebtExpense": "None", "netIncomeFromContinuingOperations": "523672000", "comprehensiveIncomeNetOfTax": "None", "ebit": "669099000", "ebitda": "1261853000", "netIncome": "523672000"}, {"fiscalDateEnding": "2021-12-31", "reportedCurrency": "USD", "grossProfit": "2192267000", "totalRevenue": "3461223000", "costOfRevenue": "1268956000", "costofGoodsAndServicesSold": "1268956000", "operatingIncome": "783148000", "sellingGeneralAndAdministrative": "869853000", "researchAndDevelopment": "335372000", "operatingExpenses": "1409119000", "investmentIncomeNet": "None", "netInterestIncome": "-56712000", "interestIncome": "15620000", "interestExpense": "72332000", "nonInterestIncome": "None", "otherNonOperatingIncome": "3397000", "depreciation": "None", "depreciationAndAmortization": "550632000", "incomeBeforeTax": "728221000", "incomeTaxExpense": "62571000", "interestAndDebtExpense": "None", "netIncomeFromContinuingOperations": "651642000", "comprehensiveIncomeNetOfTax": "None", "ebit": "800553000", "ebitda": "1351185000", "netIncome": "651642000"}, {"fiscalDateEnding": "2020-12-31", "reportedCurrency": "USD", "grossProfit": "2065477000", "totalRevenue": "3198149000", "costOfRevenue": "1132672000", "costofGoodsAndServicesSold": "1132672000", "operatingIncome": "658534000", "sellingGeneralAndAdministrative": "456291000", "researchAndDevelopment": "269315000", "operatingExpenses": "1406943000", "investmentIncomeNet": "None", "netInterestIncome": "-39998000", "interestIncome": "29122000", "interestExpense": "69120000", "nonInterestIncome": "None", "otherNonOperatingIncome": "13562000", "depreciation": "None", "depreciationAndAmortization": "478389000", "incomeBeforeTax": "616082000", "incomeTaxExpense": "45922000", "interestAndDebtExpense": "None", "netIncomeFromContinuingOperations": "570160000", "comprehensiveIncomeNetOfTax": "None", "ebit": "685202000", "ebitda": "1163591000", "netIncome": "557054000"}, {"fiscalDateEnding": "2019-12-31", "reportedCurrency": "USD", "grossProfit": "1905993000", "totalRevenue": "2893617000", "costOfRevenue": "987624000", "costofGoodsAndServicesSold": "987624000", "operatingIncome": "548918000", "sellingGeneralAndAdministrative": "423662000", "researchAndDevelopment": "261365000", "operatingExpenses": "1357075000", "investmentIncomeNet": "None", "netInterestIncome": "-15009000", "interestIncome": "34355000", "interestExpense": "49364000", "nonInterestIncome": "None", "otherNonOperatingIncome": "31831000", "depreciation": "None", "depreciationAndAmortization": "440674000", "incomeBeforeTax": "532481000", "incomeTaxExpense": "53350000", "interestAndDebtExpense": "None", "netIncomeFromContinuingOperations": "479131000", "comprehensiveIncomeNetOfTax": "None", "ebit": "581845000", "ebitda": "1022519000", "netIncome": "478035000"}, {"fiscalDateEnding": "2018-12-31", "reportedCurrency": "USD", "grossProfit": "1760989000", "totalRevenue": "2714474000", "costOfRevenue": "953485000", "costofGoodsAndServicesSold": "953485000", "operatingIncome": "362499000", "sellingGeneralAndAdministrative": "465422000", "researchAndDevelopment": "246165000", "operatingExpenses": "1398490000", "investmentIncomeNet": "None", "netInterestIncome": "-16262000", "interestIncome": "26940000", "interestExpense": "43202000", "nonInterestIncome": "None", "otherNonOperatingIncome": "23792000", "depreciation": "None", "depreciationAndAmortization": "434520000", "incomeBeforeTax": "343089000", "incomeTaxExpense": "44716000", "interestAndDebtExpense": "None", "netIncomeFromContinuingOperations": "298373000", "comprehensiveIncomeNetOfTax": "None", "ebit": "386291000", "ebitda": "820811000", "netIncome": "298373000"}, {"fiscalDateEnding": "2017-12-31", "reportedCurrency": "USD", "grossProfit": "1613198000", "totalRevenue": "2489035000", "costOfRevenue": "875837000", "costofGoodsAndServicesSold": "875837000", "operatingIncome": "314289000", "sellingGeneralAndAdministrative": "406455000", "researchAndDevelopment": "222434000", "operatingExpenses": "1298909000", "investmentIncomeNet": "None", "netInterestIncome": "-984000", "interestIncome": "17855000", "interestExpense": "18839000", "nonInterestIncome": "None", "otherNonOperatingIncome": "18742000", "depreciation": "None", "depreciationAndAmortization": "372313000", "incomeBeforeTax": "314192000", "incomeTaxExpense": "91426000", "interestAndDebtExpense": "None", "netIncomeFromContinuingOperations": "218321000", "comprehensiveIncomeNetOfTax": "None", "ebit": "333031000", "ebitda": "705344000", "netIncome": "222766000"}, {"fiscalDateEnding": "2016-12-31", "reportedCurrency": "USD", "grossProfit": "1538882000", "totalRevenue": "2347988000", "costOfRevenue": "809106000", "costofGoodsAndServicesSold": "809106000", "operatingIncome": "466510000", "sellingGeneralAndAdministrative": "371873000", "researchAndDevelopment": "167628000", "operatingExpenses": "1072372000", "investmentIncomeNet": "None", "netInterestIncome": "-3936000", "interestIncome": "14702000", "interestExpense": "18638000", "nonInterestIncome": "None", "otherNonOperatingIncome": "18490000", "depreciation": "None", "depreciationAndAmortization": "334302000", "incomeBeforeTax": "466362000", "incomeTaxExpense": "145635000", "interestAndDebtExpense": "None", "netIncomeFromContinuingOperations": "316132000", "comprehensiveIncomeNetOfTax": "None", "ebit": "485000000", "ebitda": "819302000", "netIncome": "320727000"}, {"fiscalDateEnding": "2015-12-31", "reportedCurrency": "USD", "grossProfit": "1471828000", "totalRevenue": "2197448000", "costOfRevenue": "725620000", "costofGoodsAndServicesSold": "725620000", "operatingIncome": "466150000", "sellingGeneralAndAdministrative": "330230000", "researchAndDevelopment": "148591000", "operatingExpenses": "1005678000", "investmentIncomeNet": "None", "netInterestIncome": "None", "interestIncome": "5481000", "interestExpense": "18525000", "nonInterestIncome": "None", "otherNonOperatingIncome": "8999000", "depreciation": "None", "depreciationAndAmortization": "299563000", "incomeBeforeTax": "456624000", "incomeTaxExpense": "135218000", "interestAndDebtExpense": "None", "netIncomeFromContinuingOperations": "321406000", "comprehensiveIncomeNetOfTax": "None", "ebit": "475149000", "ebitda": "774712000", "netIncome": "321406000"}, {"fiscalDateEnding": "2014-12-31", "reportedCurrency": "USD", "grossProfit": "1352931000", "totalRevenue": "1963874000", "costOfRevenue": "610943000", "costofGoodsAndServicesSold": "610943000", "operatingIncome": "489519000", "sellingGeneralAndAdministrative": "280652000", "researchAndDevelopment": "125286000", "operatingExpenses": "863412000", "investmentIncomeNet": "None", "netInterestIncome": "None", "interestIncome": "None", "interestExpense": "15463000", "nonInterestIncome": "None", "otherNonOperatingIncome": "5720000", "depreciation": "None", "depreciationAndAmortization": "247406000", "incomeBeforeTax": "479776000", "incomeTaxExpense": "145828000", "interestAndDebtExpense": "None", "netIncomeFromContinuingOperations": "333948000", "comprehensiveIncomeNetOfTax": "None", "ebit": "495239000", "ebitda": "742645000", "netIncome": "333948000"}, {"fiscalDateEnding": "2013-12-31", "reportedCurrency": "USD", "grossProfit": "1066835000", "totalRevenue": "1577922000", "costOfRevenue": "511087000", "costofGoodsAndServicesSold": "511087000", "operatingIncome": "413968000", "sellingGeneralAndAdministrative": "225899000", "researchAndDevelopment": "93879000", "operatingExpenses": "652867000", "investmentIncomeNet": "None", "netInterestIncome": "None", "interestIncome": "None", "interestExpense": "0", "nonInterestIncome": "None", "otherNonOperatingIncome": "5586000", "depreciation": "None", "depreciationAndAmortization": "184431000", "incomeBeforeTax": "419554000", "incomeTaxExpense": "126067000", "interestAndDebtExpense": "None", "netIncomeFromContinuingOperations": "293487000", "comprehensiveIncomeNetOfTax": "None", "ebit": "417664000", "ebitda": "602095000", "netIncome": "293487000"}, {"fiscalDateEnding": "2012-12-31", "reportedCurrency": "USD", "grossProfit": "844047000", "totalRevenue": "1373947000", "costOfRevenue": "529900000", "costofGoodsAndServicesSold": "529900000", "operatingIncome": "314487000", "sellingGeneralAndAdministrative": "185697000", "researchAndDevelopment": "74744000", "operatingExpenses": "529560000", "investmentIncomeNet": "None", "netInterestIncome": "None", "interestIncome": "None", "interestExpense": "0", "nonInterestIncome": "None", "otherNonOperatingIncome": "7104000", "depreciation": "None", "depreciationAndAmortization": "204163000", "incomeBeforeTax": "321591000", "incomeTaxExpense": "117602000", "interestAndDebtExpense": "None", "netIncomeFromContinuingOperations": "203989000", "comprehensiveIncomeNetOfTax": "None", "ebit": "321591000", "ebitda": "525754000", "netIncome": "203989000"}, {"fiscalDateEnding": "2011-12-31", "reportedCurrency": "USD", "grossProfit": "704833000", "totalRevenue": "1158538000", "costOfRevenue": "453705000", "costofGoodsAndServicesSold": "453705000", "operatingIncome": "290649000", "sellingGeneralAndAdministrative": "163055000", "researchAndDevelopment": "52333000", "operatingExpenses": "414184000", "investmentIncomeNet": "None", "netInterestIncome": "None", "interestIncome": "None", "interestExpense": "0", "nonInterestIncome": "None", "otherNonOperatingIncome": "16546000", "depreciation": "None", "depreciationAndAmortization": "167878000", "incomeBeforeTax": "307195000", "incomeTaxExpense": "106291000", "interestAndDebtExpense": "None", "netIncomeFromContinuingOperations": "200904000", "comprehensiveIncomeNetOfTax": "None", "ebit": "296115000", "ebitda": "463993000", "netIncome": "200904000"}, {"fiscalDateEnding": "2010-12-31", "reportedCurrency": "USD", "grossProfit": "720186000", "totalRevenue": "1023586000", "costOfRevenue": "303400000", "costofGoodsAndServicesSold": "303400000", "operatingIncome": "254277000", "sellingGeneralAndAdministrative": "167779000", "researchAndDevelopment": "54766000", "operatingExpenses": "465909000", "investmentIncomeNet": "None", "netInterestIncome": "None", "interestIncome": "None", "interestExpense": "1697000", "nonInterestIncome": "None", "otherNonOperatingIncome": "9792000", "depreciation": "None", "depreciationAndAmortization": "143242000", "incomeBeforeTax": "262372000", "incomeTaxExpense": "91152000", "interestAndDebtExpense": "None", "netIncomeFromContinuingOperations": "171220000", "comprehensiveIncomeNetOfTax": "None", "ebit": "264069000", "ebitda": "407311000", "netIncome": "171220000"}, {"fiscalDateEnding": "2009-12-31", "reportedCurrency": "USD", "grossProfit": "609835000", "totalRevenue": "859773000", "costOfRevenue": "249938000", "costofGoodsAndServicesSold": "249938000", "operatingIncome": "223480000", "sellingGeneralAndAdministrative": "146100000", "researchAndDevelopment": "43658000", "operatingExpenses": "386355000", "investmentIncomeNet": "None", "netInterestIncome": "None", "interestIncome": "None", "interestExpense": "2839000", "nonInterestIncome": "None", "otherNonOperatingIncome": "16591000", "depreciation": "None", "depreciationAndAmortization": "122494000", "incomeBeforeTax": "237232000", "incomeTaxExpense": "91319000", "interestAndDebtExpense": "None", "netIncomeFromContinuingOperations": "145913000", "comprehensiveIncomeNetOfTax": "None", "ebit": "240071000", "ebitda": "362565000", "netIncome": "145913000"}, {"fiscalDateEnding": "2008-12-31", "reportedCurrency": "USD", "grossProfit": "568314000", "totalRevenue": "790924000", "costOfRevenue": "222610000", "costofGoodsAndServicesSold": "222610000", "operatingIncome": "212264000", "sellingGeneralAndAdministrative": "136028000", "researchAndDevelopment": "39243000", "operatingExpenses": "356050000", "investmentIncomeNet": "None", "netInterestIncome": "None", "interestIncome": "None", "interestExpense": "2825000", "nonInterestIncome": "None", "otherNonOperatingIncome": "None", "depreciation": "None", "depreciationAndAmortization": "98080000", "incomeBeforeTax": "234535000", "incomeTaxExpense": "89397000", "interestAndDebtExpense": "None", "netIncomeFromContinuingOperations": "None", "comprehensiveIncomeNetOfTax": "None", "ebit": "237360000", "ebitda": "335440000", "netIncome": "145138000"}, {"fiscalDateEnding": "2007-12-31", "reportedCurrency": "USD", "grossProfit": "468962000", "totalRevenue": "636406000", "costOfRevenue": "167444000", "costofGoodsAndServicesSold": "167444000", "operatingIncome": "144928000", "sellingGeneralAndAdministrative": "268657000", "researchAndDevelopment": "44141000", "operatingExpenses": "324034000", "investmentIncomeNet": "None", "netInterestIncome": "None", "interestIncome": "None", "interestExpense": "3086000", "nonInterestIncome": "None", "otherNonOperatingIncome": "None", "depreciation": "None", "depreciationAndAmortization": "72735000", "incomeBeforeTax": "168205000", "incomeTaxExpense": "67238000", "interestAndDebtExpense": "None", "netIncomeFromContinuingOperations": "None", "comprehensiveIncomeNetOfTax": "None", "ebit": "144750000", "ebitda": "217485000", "netIncome": "100967000"}, {"fiscalDateEnding": "2006-12-31", "reportedCurrency": "USD", "grossProfit": "334572000", "totalRevenue": "428672000", "costOfRevenue": "94100000", "costofGoodsAndServicesSold": "94100000", "operatingIncome": "83106000", "sellingGeneralAndAdministrative": "209880000", "researchAndDevelopment": "33102000", "operatingExpenses": "251466000", "investmentIncomeNet": "None", "netInterestIncome": "None", "interestIncome": "None", "interestExpense": "3171000", "nonInterestIncome": "None", "otherNonOperatingIncome": "None", "depreciation": "None", "depreciationAndAmortization": "41426000", "incomeBeforeTax": "98469000", "incomeTaxExpense": "41068000", "interestAndDebtExpense": "None", "netIncomeFromContinuingOperations": "None", "comprehensiveIncomeNetOfTax": "None", "ebit": "83106000", "ebitda": "124532000", "netIncome": "57401000"}, {"fiscalDateEnding": "2005-12-31", "reportedCurrency": "USD", "grossProfit": "227460000", "totalRevenue": "283115000", "costOfRevenue": "55655000", "costofGoodsAndServicesSold": "55655000", "operatingIncome": "73375000", "sellingGeneralAndAdministrative": "130890000", "researchAndDevelopment": "18071000", "operatingExpenses": "154085000", "investmentIncomeNet": "None", "netInterestIncome": "None", "interestIncome": "None", "interestExpense": "5330000", "nonInterestIncome": "None", "otherNonOperatingIncome": "None", "depreciation": "None", "depreciationAndAmortization": "25170000", "incomeBeforeTax": "70404000", "incomeTaxExpense": "-257594000", "interestAndDebtExpense": "None", "netIncomeFromContinuingOperations": "None", "comprehensiveIncomeNetOfTax": "None", "ebit": "73375000", "ebitda": "98545000", "netIncome": "327998000"}], "quarterlyReports": [{"fiscalDateEnding": "2024-12-31", "reportedCurrency": "USD", "grossProfit": "605583000", "totalRevenue": "1019939000", "costOfRevenue": "414356000", "costofGoodsAndServicesSold": "414356000", "operatingIncome": "148060000", "sellingGeneralAndAdministrative": "260235000", "researchAndDevelopment": "120245000", "operatingExpenses": "457523000", "investmentIncomeNet": "None", "netInterestIncome": "16011000", "interestIncome": "22746000", "interestExpense": "12582000", "nonInterestIncome": "None", "otherNonOperatingIncome": "None", "depreciation": "None", "depreciationAndAmortization": "167949000", "incomeBeforeTax": "158109000", "incomeTaxExpense": "18204000", "interestAndDebtExpense": "None", "netIncomeFromContinuingOperations": "139905000", "comprehensiveIncomeNetOfTax": "None", "ebit": "170691000", "ebitda": "338640000", "netIncome": "139905000"}, {"fiscalDateEnding": "2024-09-30", "reportedCurrency": "USD", "grossProfit": "595873000", "totalRevenue": "1004679000", "costOfRevenue": "408806000", "costofGoodsAndServicesSold": "408806000", "operatingIncome": "70637000", "sellingGeneralAndAdministrative": "255174000", "researchAndDevelopment": "120347000", "operatingExpenses": "525236000", "investmentIncomeNet": "None", "netInterestIncome": "16330000", "interestIncome": "23065000", "interestExpense": "4783000", "nonInterestIncome": "None", "otherNonOperatingIncome": "None", "depreciation": "None", "depreciationAndAmortization": "165729000", "incomeBeforeTax": "73806000", "incomeTaxExpense": "15899000", "interestAndDebtExpense": "None", "netIncomeFromContinuingOperations": "57907000", "comprehensiveIncomeNetOfTax": "None", "ebit": "78589000", "ebitda": "244318000", "netIncome": "57907000"}, {"fiscalDateEnding": "2024-06-30", "reportedCurrency": "USD", "grossProfit": "576692000", "totalRevenue": "979580000", "costOfRevenue": "402888000", "costofGoodsAndServicesSold": "402888000", "operatingIncome": "147986000", "sellingGeneralAndAdministrative": "247841000", "researchAndDevelopment": "113352000", "operatingExpenses": "428706000", "investmentIncomeNet": "None", "netInterestIncome": "19799000", "interestIncome": "26628000", "interestExpense": "4880000", "nonInterestIncome": "None", "otherNonOperatingIncome": "None", "depreciation": "None", "depreciationAndAmortization": "158549000", "incomeBeforeTax": "166836000", "incomeTaxExpense": "35148000", "interestAndDebtExpense": "None", "netIncomeFromContinuingOperations": "131688000", "comprehensiveIncomeNetOfTax": "None", "ebit": "171716000", "ebitda": "330265000", "netIncome": "131688000"}, {"fiscalDateEnding": "2024-03-31", "reportedCurrency": "USD", "grossProfit": "592227000", "totalRevenue": "986970000", "costOfRevenue": "394743000", "costofGoodsAndServicesSold": "394743000", "operatingIncome": "166728000", "sellingGeneralAndAdministrative": "252107000", "researchAndDevelopment": "116932000", "operatingExpenses": "425499000", "investmentIncomeNet": "None", "netInterestIncome": "21023000", "interestIncome": "27841000", "interestExpense": "6818000", "nonInterestIncome": "None", "otherNonOperatingIncome": "None", "depreciation": "None", "depreciationAndAmortization": "156183000", "incomeBeforeTax": "188262000", "incomeTaxExpense": "12844000", "interestAndDebtExpense": "None", "netIncomeFromContinuingOperations": "175418000", "comprehensiveIncomeNetOfTax": "None", "ebit": "195080000", "ebitda": "351263000", "netIncome": "175418000"}, {"fiscalDateEnding": "2023-12-31", "reportedCurrency": "USD", "grossProfit": "601620000", "totalRevenue": "995017000", "costOfRevenue": "393397000", "costofGoodsAndServicesSold": "393397000", "operatingIncome": "184786000", "sellingGeneralAndAdministrative": "250438000", "researchAndDevelopment": "109202000", "operatingExpenses": "416834000", "investmentIncomeNet": "None", "netInterestIncome": "17097000", "interestIncome": "23981000", "interestExpense": "10745000", "nonInterestIncome": "None", "otherNonOperatingIncome": "None", "depreciation": "None", "depreciationAndAmortization": "147634000", "incomeBeforeTax": "196241000", "incomeTaxExpense": "35076000", "interestAndDebtExpense": "None", "netIncomeFromContinuingOperations": "161165000", "comprehensiveIncomeNetOfTax": "None", "ebit": "206986000", "ebitda": "354620000", "netIncome": "161165000"}, {"fiscalDateEnding": "2023-09-30", "reportedCurrency": "USD", "grossProfit": "582409000", "totalRevenue": "965484000", "costOfRevenue": "383075000", "costofGoodsAndServicesSold": "383075000", "operatingIncome": "176129000", "sellingGeneralAndAdministrative": "241918000", "researchAndDevelopment": "105942000", "operatingExpenses": "406280000", "investmentIncomeNet": "None", "netInterestIncome": "6425000", "interestIncome": "11412000", "interestExpense": "3459000", "nonInterestIncome": "None", "otherNonOperatingIncome": "None", "depreciation": "None", "depreciationAndAmortization": "148560000", "incomeBeforeTax": "179393000", "incomeTaxExpense": "20326000", "interestAndDebtExpense": "None", "netIncomeFromContinuingOperations": "160542000", "comprehensiveIncomeNetOfTax": "None", "ebit": "182852000", "ebitda": "331412000", "netIncome": "160542000"}, {"fiscalDateEnding": "2023-06-30", "reportedCurrency": "USD", "grossProfit": "562446000", "totalRevenue": "935721000", "costOfRevenue": "373275000", "costofGoodsAndServicesSold": "373275000", "operatingIncome": "149785000", "sellingGeneralAndAdministrative": "242268000", "researchAndDevelopment": "99041000", "operatingExpenses": "412661000", "investmentIncomeNet": "None", "netInterestIncome": "1352000", "interestIncome": "4509000", "interestExpense": "1990000", "nonInterestIncome": "None", "otherNonOperatingIncome": "-1130000", "depreciation": "None", "depreciationAndAmortization": "139125000", "incomeBeforeTax": "150007000", "incomeTaxExpense": "21191000", "interestAndDebtExpense": "None", "netIncomeFromContinuingOperations": "128816000", "comprehensiveIncomeNetOfTax": "None", "ebit": "151997000", "ebitda": "291122000", "netIncome": "128816000"}, {"fiscalDateEnding": "2023-03-31", "reportedCurrency": "USD", "grossProfit": "554382000", "totalRevenue": "915698000", "costOfRevenue": "361316000", "costofGoodsAndServicesSold": "361316000", "operatingIncome": "126638000", "sellingGeneralAndAdministrative": "233469000", "researchAndDevelopment": "91863000", "operatingExpenses": "427744000", "investmentIncomeNet": "None", "netInterestIncome": "2611000", "interestIncome": "5292000", "interestExpense": "2681000", "nonInterestIncome": "None", "otherNonOperatingIncome": "-2363000", "depreciation": "None", "depreciationAndAmortization": "135457000", "incomeBeforeTax": "126886000", "incomeTaxExpense": "29780000", "interestAndDebtExpense": "None", "netIncomeFromContinuingOperations": "97106000", "comprehensiveIncomeNetOfTax": "None", "ebit": "129567000", "ebitda": "265024000", "netIncome": "97106000"}, {"fiscalDateEnding": "2022-12-31", "reportedCurrency": "USD", "grossProfit": "569811000", "totalRevenue": "927779000", "costOfRevenue": "357968000", "costofGoodsAndServicesSold": "357968000", "operatingIncome": "167475000", "sellingGeneralAndAdministrative": "187459000", "researchAndDevelopment": "105382000", "operatingExpenses": "402336000", "investmentIncomeNet": "None", "netInterestIncome": "2334000", "interestIncome": "5018000", "interestExpense": "924000", "nonInterestIncome": "None", "otherNonOperatingIncome": "None", "depreciation": "None", "depreciationAndAmortization": "148570000", "incomeBeforeTax": "168400000", "incomeTaxExpense": "-8418000", "interestAndDebtExpense": "None", "netIncomeFromContinuingOperations": "128762000", "comprehensiveIncomeNetOfTax": "None", "ebit": "169324000", "ebitda": "317894000", "netIncome": "176818000"}, {"fiscalDateEnding": "2022-09-30", "reportedCurrency": "USD", "grossProfit": "535446000", "totalRevenue": "881896000", "costOfRevenue": "346450000", "costofGoodsAndServicesSold": "346450000", "operatingIncome": "160438000", "sellingGeneralAndAdministrative": "220104000", "researchAndDevelopment": "94047000", "operatingExpenses": "375008000", "investmentIncomeNet": "None", "netInterestIncome": "-2003000", "interestIncome": "782000", "interestExpense": "1615000", "nonInterestIncome": "None", "otherNonOperatingIncome": "-275000", "depreciation": "None", "depreciationAndAmortization": "150985000", "incomeBeforeTax": "158160000", "incomeTaxExpense": "34466000", "interestAndDebtExpense": "None", "netIncomeFromContinuingOperations": "108154000", "comprehensiveIncomeNetOfTax": "None", "ebit": "159775000", "ebitda": "310760000", "netIncome": "123694000"}, {"fiscalDateEnding": "2022-06-30", "reportedCurrency": "USD", "grossProfit": "556683000", "totalRevenue": "903332000", "costOfRevenue": "346649000", "costofGoodsAndServicesSold": "346649000", "operatingIncome": "175042000", "sellingGeneralAndAdministrative": "222356000", "researchAndDevelopment": "92070000", "operatingExpenses": "381641000", "investmentIncomeNet": "None", "netInterestIncome": "-5263000", "interestIncome": "None", "interestExpense": "4094000", "nonInterestIncome": "None", "otherNonOperatingIncome": "816000", "depreciation": "None", "depreciationAndAmortization": "150604000", "incomeBeforeTax": "170595000", "incomeTaxExpense": "32755000", "interestAndDebtExpense": "None", "netIncomeFromContinuingOperations": "119537000", "comprehensiveIncomeNetOfTax": "None", "ebit": "174689000", "ebitda": "325293000", "netIncome": "137840000"}, {"fiscalDateEnding": "2022-03-31", "reportedCurrency": "USD", "grossProfit": "570895000", "totalRevenue": "903647000", "costOfRevenue": "332752000", "costofGoodsAndServicesSold": "332752000", "operatingIncome": "173319000", "sellingGeneralAndAdministrative": "121680000", "researchAndDevelopment": "99935000", "operatingExpenses": "397576000", "investmentIncomeNet": "None", "netInterestIncome": "-2906000", "interestIncome": "None", "interestExpense": "2906000", "nonInterestIncome": "None", "otherNonOperatingIncome": "-17200000", "depreciation": "None", "depreciationAndAmortization": "142595000", "incomeBeforeTax": "160848000", "incomeTaxExpense": "19837000", "interestAndDebtExpense": "None", "netIncomeFromContinuingOperations": "119163000", "comprehensiveIncomeNetOfTax": "None", "ebit": "163754000", "ebitda": "306349000", "netIncome": "133376000"}, {"fiscalDateEnding": "2021-12-31", "reportedCurrency": "USD", "grossProfit": "579955000", "totalRevenue": "905358000", "costOfRevenue": "325403000", "costofGoodsAndServicesSold": "325403000", "operatingIncome": "196085000", "sellingGeneralAndAdministrative": "186987000", "researchAndDevelopment": "93173000", "operatingExpenses": "383870000", "investmentIncomeNet": "None", "netInterestIncome": "-14883000", "interestIncome": "3434000", "interestExpense": "18317000", "nonInterestIncome": "None", "otherNonOperatingIncome": "1782000", "depreciation": "None", "depreciationAndAmortization": "141699000", "incomeBeforeTax": "180980000", "incomeTaxExpense": "19016000", "interestAndDebtExpense": "None", "netIncomeFromContinuingOperations": "160534000", "comprehensiveIncomeNetOfTax": "None", "ebit": "199297000", "ebitda": "340996000", "netIncome": "160534000"}, {"fiscalDateEnding": "2021-09-30", "reportedCurrency": "USD", "grossProfit": "543467000", "totalRevenue": "860333000", "costOfRevenue": "316866000", "costofGoodsAndServicesSold": "316866000", "operatingIncome": "205265000", "sellingGeneralAndAdministrative": "209761000", "researchAndDevelopment": "82899000", "operatingExpenses": "338202000", "investmentIncomeNet": "None", "netInterestIncome": "-15272000", "interestIncome": "2872000", "interestExpense": "18144000", "nonInterestIncome": "None", "otherNonOperatingIncome": "5443000", "depreciation": "None", "depreciationAndAmortization": "139747000", "incomeBeforeTax": "193628000", "incomeTaxExpense": "13648000", "interestAndDebtExpense": "None", "netIncomeFromContinuingOperations": "178916000", "comprehensiveIncomeNetOfTax": "None", "ebit": "211772000", "ebitda": "351519000", "netIncome": "178916000"}, {"fiscalDateEnding": "2021-06-30", "reportedCurrency": "USD", "grossProfit": "532824000", "totalRevenue": "852824000", "costOfRevenue": "320000000", "costofGoodsAndServicesSold": "320000000", "operatingIncome": "199434000", "sellingGeneralAndAdministrative": "112695000", "researchAndDevelopment": "77255000", "operatingExpenses": "333390000", "investmentIncomeNet": "None", "netInterestIncome": "-13301000", "interestIncome": "4736000", "interestExpense": "18037000", "nonInterestIncome": "None", "otherNonOperatingIncome": "-6891000", "depreciation": "None", "depreciationAndAmortization": "137715000", "incomeBeforeTax": "185322000", "incomeTaxExpense": "18009000", "interestAndDebtExpense": "None", "netIncomeFromContinuingOperations": "156497000", "comprehensiveIncomeNetOfTax": "None", "ebit": "203359000", "ebitda": "341074000", "netIncome": "156497000"}, {"fiscalDateEnding": "2021-03-31", "reportedCurrency": "USD", "grossProfit": "536021000", "totalRevenue": "842708000", "costOfRevenue": "306687000", "costofGoodsAndServicesSold": "306687000", "operatingIncome": "182364000", "sellingGeneralAndAdministrative": "116002000", "researchAndDevelopment": "82045000", "operatingExpenses": "353657000", "investmentIncomeNet": "None", "netInterestIncome": "-13256000", "interestIncome": "4578000", "interestExpense": "17834000", "nonInterestIncome": "None", "otherNonOperatingIncome": "3063000", "depreciation": "None", "depreciationAndAmortization": "131471000", "incomeBeforeTax": "168291000", "incomeTaxExpense": "11898000", "interestAndDebtExpense": "None", "netIncomeFromContinuingOperations": "156393000", "comprehensiveIncomeNetOfTax": "None", "ebit": "186125000", "ebitda": "317596000", "netIncome": "155695000"}, {"fiscalDateEnding": "2020-12-31", "reportedCurrency": "USD", "grossProfit": "542440000", "totalRevenue": "846287000", "costOfRevenue": "303847000", "costofGoodsAndServicesSold": "303847000", "operatingIncome": "134617000", "sellingGeneralAndAdministrative": "137458000", "researchAndDevelopment": "67228000", "operatingExpenses": "407823000", "investmentIncomeNet": "None", "netInterestIncome": "-11072000", "interestIncome": "6270000", "interestExpense": "17342000", "nonInterestIncome": "None", "otherNonOperatingIncome": "253000", "depreciation": "None", "depreciationAndAmortization": "127708000", "incomeBeforeTax": "128960000", "incomeTaxExpense": "4158000", "interestAndDebtExpense": "None", "netIncomeFromContinuingOperations": "124802000", "comprehensiveIncomeNetOfTax": "None", "ebit": "146302000", "ebitda": "274010000", "netIncome": "113370000"}, {"fiscalDateEnding": "2020-09-30", "reportedCurrency": "USD", "grossProfit": "509406000", "totalRevenue": "792845000", "costOfRevenue": "283439000", "costofGoodsAndServicesSold": "283439000", "operatingIncome": "181158000", "sellingGeneralAndAdministrative": "219653000", "researchAndDevelopment": "66773000", "operatingExpenses": "328248000", "investmentIncomeNet": "None", "netInterestIncome": "-11017000", "interestIncome": "6307000", "interestExpense": "17324000", "nonInterestIncome": "None", "otherNonOperatingIncome": "3590000", "depreciation": "None", "depreciationAndAmortization": "118893000", "incomeBeforeTax": "167983000", "incomeTaxExpense": "8801000", "interestAndDebtExpense": "None", "netIncomeFromContinuingOperations": "159182000", "comprehensiveIncomeNetOfTax": "None", "ebit": "185307000", "ebitda": "304200000", "netIncome": "158623000"}, {"fiscalDateEnding": "2020-06-30", "reportedCurrency": "USD", "grossProfit": "517911000", "totalRevenue": "794715000", "costOfRevenue": "276804000", "costofGoodsAndServicesSold": "276804000", "operatingIncome": "190429000", "sellingGeneralAndAdministrative": "105825000", "researchAndDevelopment": "64090000", "operatingExpenses": "327482000", "investmentIncomeNet": "None", "netInterestIncome": "-7747000", "interestIncome": "9502000", "interestExpense": "17249000", "nonInterestIncome": "None", "otherNonOperatingIncome": "7406000", "depreciation": "None", "depreciationAndAmortization": "115580000", "incomeBeforeTax": "181079000", "incomeTaxExpense": "18671000", "interestAndDebtExpense": "None", "netIncomeFromContinuingOperations": "162408000", "comprehensiveIncomeNetOfTax": "None", "ebit": "198328000", "ebitda": "313908000", "netIncome": "161915000"}, {"fiscalDateEnding": "2020-03-31", "reportedCurrency": "USD", "grossProfit": "495720000", "totalRevenue": "764302000", "costOfRevenue": "268582000", "costofGoodsAndServicesSold": "268582000", "operatingIncome": "152330000", "sellingGeneralAndAdministrative": "104621000", "researchAndDevelopment": "71224000", "operatingExpenses": "343390000", "investmentIncomeNet": "None", "netInterestIncome": "-10162000", "interestIncome": "7043000", "interestExpense": "17205000", "nonInterestIncome": "None", "otherNonOperatingIncome": "2313000", "depreciation": "None", "depreciationAndAmortization": "116208000", "incomeBeforeTax": "138060000", "incomeTaxExpense": "14292000", "interestAndDebtExpense": "None", "netIncomeFromContinuingOperations": "123768000", "comprehensiveIncomeNetOfTax": "None", "ebit": "155265000", "ebitda": "271473000", "netIncome": "123146000"}, {"fiscalDateEnding": "2019-12-31", "reportedCurrency": "USD", "grossProfit": "514373000", "totalRevenue": "772123000", "costOfRevenue": "257750000", "costofGoodsAndServicesSold": "257750000", "operatingIncome": "135322000", "sellingGeneralAndAdministrative": "117447000", "researchAndDevelopment": "68898000", "operatingExpenses": "379051000", "investmentIncomeNet": "None", "netInterestIncome": "-5273000", "interestIncome": "11402000", "interestExpense": "16675000", "nonInterestIncome": "None", "otherNonOperatingIncome": "11085000", "depreciation": "None", "depreciationAndAmortization": "115800000", "incomeBeforeTax": "129440000", "incomeTaxExpense": "10632000", "interestAndDebtExpense": "None", "netIncomeFromContinuingOperations": "118808000", "comprehensiveIncomeNetOfTax": "None", "ebit": "146115000", "ebitda": "261915000", "netIncome": "119100000"}, {"fiscalDateEnding": "2019-09-30", "reportedCurrency": "USD", "grossProfit": "462974000", "totalRevenue": "709912000", "costOfRevenue": "246938000", "costofGoodsAndServicesSold": "246938000", "operatingIncome": "143289000", "sellingGeneralAndAdministrative": "103105000", "researchAndDevelopment": "64887000", "operatingExpenses": "319685000", "investmentIncomeNet": "None", "netInterestIncome": "-4219000", "interestIncome": "7908000", "interestExpense": "12127000", "nonInterestIncome": "None", "otherNonOperatingIncome": "5768000", "depreciation": "None", "depreciationAndAmortization": "110604000", "incomeBeforeTax": "138318000", "incomeTaxExpense": "-960000", "interestAndDebtExpense": "None", "netIncomeFromContinuingOperations": "139278000", "comprehensiveIncomeNetOfTax": "None", "ebit": "150445000", "ebitda": "261049000", "netIncome": "137890000"}, {"fiscalDateEnding": "2019-06-30", "reportedCurrency": "USD", "grossProfit": "462881000", "totalRevenue": "705074000", "costOfRevenue": "242193000", "costofGoodsAndServicesSold": "242193000", "operatingIncome": "135782000", "sellingGeneralAndAdministrative": "99899000", "researchAndDevelopment": "61439000", "operatingExpenses": "327099000", "investmentIncomeNet": "None", "netInterestIncome": "-2036000", "interestIncome": "6410000", "interestExpense": "8446000", "nonInterestIncome": "None", "otherNonOperatingIncome": "5832000", "depreciation": "None", "depreciationAndAmortization": "106065000", "incomeBeforeTax": "133168000", "incomeTaxExpense": "19253000", "interestAndDebtExpense": "None", "netIncomeFromContinuingOperations": "113915000", "comprehensiveIncomeNetOfTax": "None", "ebit": "141614000", "ebitda": "247679000", "netIncome": "113915000"}, {"fiscalDateEnding": "2019-03-31", "reportedCurrency": "USD", "grossProfit": "465765000", "totalRevenue": "706508000", "costOfRevenue": "240743000", "costofGoodsAndServicesSold": "240743000", "operatingIncome": "134525000", "sellingGeneralAndAdministrative": "103211000", "researchAndDevelopment": "66141000", "operatingExpenses": "331240000", "investmentIncomeNet": "None", "netInterestIncome": "-3481000", "interestIncome": "8635000", "interestExpense": "12116000", "nonInterestIncome": "None", "otherNonOperatingIncome": "9146000", "depreciation": "None", "depreciationAndAmortization": "108205000", "incomeBeforeTax": "131555000", "incomeTaxExpense": "24425000", "interestAndDebtExpense": "None", "netIncomeFromContinuingOperations": "107130000", "comprehensiveIncomeNetOfTax": "None", "ebit": "143671000", "ebitda": "251876000", "netIncome": "107130000"}, {"fiscalDateEnding": "2018-12-31", "reportedCurrency": "USD", "grossProfit": "469436000", "totalRevenue": "713363000", "costOfRevenue": "243927000", "costofGoodsAndServicesSold": "243927000", "operatingIncome": "120288000", "sellingGeneralAndAdministrative": "107317000", "researchAndDevelopment": "60342000", "operatingExpenses": "349148000", "investmentIncomeNet": "None", "netInterestIncome": "None", "interestIncome": "None", "interestExpense": "14582000", "nonInterestIncome": "None", "otherNonOperatingIncome": "7367000", "depreciation": "None", "depreciationAndAmortization": "116294000", "incomeBeforeTax": "113073000", "incomeTaxExpense": "19058000", "interestAndDebtExpense": "None", "netIncomeFromContinuingOperations": "94015000", "comprehensiveIncomeNetOfTax": "None", "ebit": "127655000", "ebitda": "243949000", "netIncome": "94015000"}, {"fiscalDateEnding": "2018-09-30", "reportedCurrency": "USD", "grossProfit": "430382000", "totalRevenue": "669628000", "costOfRevenue": "239246000", "costofGoodsAndServicesSold": "239246000", "operatingIncome": "116537000", "sellingGeneralAndAdministrative": "100284000", "researchAndDevelopment": "61049000", "operatingExpenses": "313845000", "investmentIncomeNet": "None", "netInterestIncome": "None", "interestIncome": "None", "interestExpense": "14566000", "nonInterestIncome": "None", "otherNonOperatingIncome": "8799000", "depreciation": "None", "depreciationAndAmortization": "107833000", "incomeBeforeTax": "110770000", "incomeTaxExpense": "3187000", "interestAndDebtExpense": "None", "netIncomeFromContinuingOperations": "107583000", "comprehensiveIncomeNetOfTax": "None", "ebit": "125336000", "ebitda": "233169000", "netIncome": "107583000"}, {"fiscalDateEnding": "2018-06-30", "reportedCurrency": "USD", "grossProfit": "427272000", "totalRevenue": "662759000", "costOfRevenue": "235487000", "costofGoodsAndServicesSold": "235487000", "operatingIncome": "57117000", "sellingGeneralAndAdministrative": "148079000", "researchAndDevelopment": "59709000", "operatingExpenses": "370155000", "investmentIncomeNet": "None", "netInterestIncome": "None", "interestIncome": "None", "interestExpense": "9204000", "nonInterestIncome": "None", "otherNonOperatingIncome": "3640000", "depreciation": "None", "depreciationAndAmortization": "106298000", "incomeBeforeTax": "51553000", "incomeTaxExpense": "8492000", "interestAndDebtExpense": "None", "netIncomeFromContinuingOperations": "43061000", "comprehensiveIncomeNetOfTax": "None", "ebit": "60757000", "ebitda": "167055000", "netIncome": "43061000"}, {"fiscalDateEnding": "2018-03-31", "reportedCurrency": "USD", "grossProfit": "433899000", "totalRevenue": "668724000", "costOfRevenue": "234825000", "costofGoodsAndServicesSold": "234825000", "operatingIncome": "68557000", "sellingGeneralAndAdministrative": "109742000", "researchAndDevelopment": "65065000", "operatingExpenses": "365342000", "investmentIncomeNet": "None", "netInterestIncome": "None", "interestIncome": "None", "interestExpense": "4850000", "nonInterestIncome": "None", "otherNonOperatingIncome": "3986000", "depreciation": "None", "depreciationAndAmortization": "104095000", "incomeBeforeTax": "67693000", "incomeTaxExpense": "13979000", "interestAndDebtExpense": "None", "netIncomeFromContinuingOperations": "53714000", "comprehensiveIncomeNetOfTax": "None", "ebit": "72543000", "ebitda": "176638000", "netIncome": "53714000"}, {"fiscalDateEnding": "2017-12-31", "reportedCurrency": "USD", "grossProfit": "433515000", "totalRevenue": "663452000", "costOfRevenue": "229937000", "costofGoodsAndServicesSold": "229937000", "operatingIncome": "27903000", "sellingGeneralAndAdministrative": "106895000", "researchAndDevelopment": "59673000", "operatingExpenses": "405612000", "investmentIncomeNet": "None", "netInterestIncome": "None", "interestIncome": "None", "interestExpense": "4850000", "nonInterestIncome": "None", "otherNonOperatingIncome": "4960000", "depreciation": "None", "depreciationAndAmortization": "99396000", "incomeBeforeTax": "28013000", "incomeTaxExpense": "8906000", "interestAndDebtExpense": "None", "netIncomeFromContinuingOperations": "19107000", "comprehensiveIncomeNetOfTax": "None", "ebit": "32863000", "ebitda": "132259000", "netIncome": "19107000"}, {"fiscalDateEnding": "2017-09-30", "reportedCurrency": "USD", "grossProfit": "398950000", "totalRevenue": "624440000", "costOfRevenue": "225490000", "costofGoodsAndServicesSold": "225490000", "operatingIncome": "91253000", "sellingGeneralAndAdministrative": "102565000", "researchAndDevelopment": "57226000", "operatingExpenses": "307697000", "investmentIncomeNet": "None", "netInterestIncome": "None", "interestIncome": "None", "interestExpense": "4746000", "nonInterestIncome": "None", "otherNonOperatingIncome": "4998000", "depreciation": "None", "depreciationAndAmortization": "97178000", "incomeBeforeTax": "91505000", "incomeTaxExpense": "27594000", "interestAndDebtExpense": "None", "netIncomeFromContinuingOperations": "60512000", "comprehensiveIncomeNetOfTax": "None", "ebit": "96251000", "ebitda": "193429000", "netIncome": "63911000"}, {"fiscalDateEnding": "2017-06-30", "reportedCurrency": "USD", "grossProfit": "391152000", "totalRevenue": "605832000", "costOfRevenue": "214680000", "costofGoodsAndServicesSold": "214680000", "operatingIncome": "85593000", "sellingGeneralAndAdministrative": "101640000", "researchAndDevelopment": "53373000", "operatingExpenses": "305559000", "investmentIncomeNet": "None", "netInterestIncome": "None", "interestIncome": "None", "interestExpense": "4646000", "nonInterestIncome": "None", "otherNonOperatingIncome": "4844000", "depreciation": "None", "depreciationAndAmortization": "89206000", "incomeBeforeTax": "85791000", "incomeTaxExpense": "29039000", "interestAndDebtExpense": "None", "netIncomeFromContinuingOperations": "57772000", "comprehensiveIncomeNetOfTax": "None", "ebit": "90437000", "ebitda": "179643000", "netIncome": "56752000"}, {"fiscalDateEnding": "2017-03-31", "reportedCurrency": "USD", "grossProfit": "394566000", "totalRevenue": "600293000", "costOfRevenue": "205727000", "costofGoodsAndServicesSold": "205727000", "operatingIncome": "105334000", "sellingGeneralAndAdministrative": "96537000", "researchAndDevelopment": "52162000", "operatingExpenses": "289232000", "investmentIncomeNet": "None", "netInterestIncome": "None", "interestIncome": "None", "interestExpense": "4597000", "nonInterestIncome": "None", "otherNonOperatingIncome": "3940000", "depreciation": "None", "depreciationAndAmortization": "86533000", "incomeBeforeTax": "104677000", "incomeTaxExpense": "30094000", "interestAndDebtExpense": "None", "netIncomeFromContinuingOperations": "80930000", "comprehensiveIncomeNetOfTax": "None", "ebit": "109274000", "ebitda": "195807000", "netIncome": "74583000"}, {"fiscalDateEnding": "2016-12-31", "reportedCurrency": "USD", "grossProfit": "412649000", "totalRevenue": "616124000", "costOfRevenue": "203475000", "costofGoodsAndServicesSold": "203475000", "operatingIncome": "123530000", "sellingGeneralAndAdministrative": "98409000", "researchAndDevelopment": "46755000", "operatingExpenses": "289119000", "investmentIncomeNet": "None", "netInterestIncome": "None", "interestIncome": "None", "interestExpense": "4680000", "nonInterestIncome": "None", "otherNonOperatingIncome": "6964000", "depreciation": "None", "depreciationAndAmortization": "84008000", "incomeBeforeTax": "125814000", "incomeTaxExpense": "34175000", "interestAndDebtExpense": "None", "netIncomeFromContinuingOperations": "91639000", "comprehensiveIncomeNetOfTax": "None", "ebit": "130494000", "ebitda": "214502000", "netIncome": "91639000"}, {"fiscalDateEnding": "2016-09-30", "reportedCurrency": "USD", "grossProfit": "379598000", "totalRevenue": "584065000", "costOfRevenue": "204467000", "costofGoodsAndServicesSold": "204467000", "operatingIncome": "111765000", "sellingGeneralAndAdministrative": "96118000", "researchAndDevelopment": "42341000", "operatingExpenses": "267833000", "investmentIncomeNet": "None", "netInterestIncome": "None", "interestIncome": "None", "interestExpense": "4666000", "nonInterestIncome": "None", "otherNonOperatingIncome": "4587000", "depreciation": "None", "depreciationAndAmortization": "84511000", "incomeBeforeTax": "111686000", "incomeTaxExpense": "35686000", "interestAndDebtExpense": "None", "netIncomeFromContinuingOperations": "76000000", "comprehensiveIncomeNetOfTax": "None", "ebit": "116352000", "ebitda": "200863000", "netIncome": "76000000"}, {"fiscalDateEnding": "2016-06-30", "reportedCurrency": "USD", "grossProfit": "365812000", "totalRevenue": "572135000", "costOfRevenue": "206323000", "costofGoodsAndServicesSold": "206323000", "operatingIncome": "110180000", "sellingGeneralAndAdministrative": "90880000", "researchAndDevelopment": "37690000", "operatingExpenses": "255632000", "investmentIncomeNet": "None", "netInterestIncome": "None", "interestIncome": "None", "interestExpense": "4639000", "nonInterestIncome": "None", "otherNonOperatingIncome": "3808000", "depreciation": "None", "depreciationAndAmortization": "85114000", "incomeBeforeTax": "109349000", "incomeTaxExpense": "35714000", "interestAndDebtExpense": "None", "netIncomeFromContinuingOperations": "73635000", "comprehensiveIncomeNetOfTax": "None", "ebit": "113988000", "ebitda": "199102000", "netIncome": "73635000"}, {"fiscalDateEnding": "2016-03-31", "reportedCurrency": "USD", "grossProfit": "372989000", "totalRevenue": "567725000", "costOfRevenue": "194736000", "costofGoodsAndServicesSold": "194736000", "operatingIncome": "114119000", "sellingGeneralAndAdministrative": "86330000", "researchAndDevelopment": "40842000", "operatingExpenses": "258870000", "investmentIncomeNet": "None", "netInterestIncome": "None", "interestIncome": "None", "interestExpense": "4653000", "nonInterestIncome": "None", "otherNonOperatingIncome": "3131000", "depreciation": "None", "depreciationAndAmortization": "80669000", "incomeBeforeTax": "112597000", "incomeTaxExpense": "37739000", "interestAndDebtExpense": "None", "netIncomeFromContinuingOperations": "74858000", "comprehensiveIncomeNetOfTax": "None", "ebit": "117250000", "ebitda": "197919000", "netIncome": "74858000"}, {"fiscalDateEnding": "2015-12-31", "reportedCurrency": "USD", "grossProfit": "385947000", "totalRevenue": "579159000", "costOfRevenue": "193212000", "costofGoodsAndServicesSold": "193212000", "operatingIncome": "122680000", "sellingGeneralAndAdministrative": "83581000", "researchAndDevelopment": "37674000", "operatingExpenses": "263267000", "investmentIncomeNet": "None", "netInterestIncome": "None", "interestIncome": "None", "interestExpense": "17312000", "nonInterestIncome": "None", "otherNonOperatingIncome": "2436000", "depreciation": "None", "depreciationAndAmortization": "80329000", "incomeBeforeTax": "120475000", "incomeTaxExpense": "32055000", "interestAndDebtExpense": "None", "netIncomeFromContinuingOperations": "88420000", "comprehensiveIncomeNetOfTax": "None", "ebit": "137787000", "ebitda": "218116000", "netIncome": "88420000"}, {"fiscalDateEnding": "2015-09-30", "reportedCurrency": "USD", "grossProfit": "367826000", "totalRevenue": "551030000", "costOfRevenue": "183204000", "costofGoodsAndServicesSold": "183204000", "operatingIncome": "115689000", "sellingGeneralAndAdministrative": "84402000", "researchAndDevelopment": "38396000", "operatingExpenses": "252137000", "investmentIncomeNet": "None", "netInterestIncome": "None", "interestIncome": "None", "interestExpense": "4630000", "nonInterestIncome": "None", "otherNonOperatingIncome": "2927000", "depreciation": "None", "depreciationAndAmortization": "74785000", "incomeBeforeTax": "113986000", "incomeTaxExpense": "25946000", "interestAndDebtExpense": "None", "netIncomeFromContinuingOperations": "88040000", "comprehensiveIncomeNetOfTax": "None", "ebit": "118616000", "ebitda": "193401000", "netIncome": "88040000"}, {"fiscalDateEnding": "2015-06-30", "reportedCurrency": "USD", "grossProfit": "360813000", "totalRevenue": "540723000", "costOfRevenue": "179910000", "costofGoodsAndServicesSold": "179910000", "operatingIncome": "106260000", "sellingGeneralAndAdministrative": "85099000", "researchAndDevelopment": "36693000", "operatingExpenses": "254553000", "investmentIncomeNet": "None", "netInterestIncome": "None", "interestIncome": "None", "interestExpense": "4678000", "nonInterestIncome": "None", "otherNonOperatingIncome": "936000", "depreciation": "None", "depreciationAndAmortization": "73989000", "incomeBeforeTax": "102518000", "incomeTaxExpense": "35318000", "interestAndDebtExpense": "None", "netIncomeFromContinuingOperations": "67200000", "comprehensiveIncomeNetOfTax": "None", "ebit": "107196000", "ebitda": "181185000", "netIncome": "67200000"}, {"fiscalDateEnding": "2015-03-31", "reportedCurrency": "USD", "grossProfit": "357242000", "totalRevenue": "526536000", "costOfRevenue": "169294000", "costofGoodsAndServicesSold": "169294000", "operatingIncome": "121521000", "sellingGeneralAndAdministrative": "77150000", "researchAndDevelopment": "35828000", "operatingExpenses": "235721000", "investmentIncomeNet": "None", "netInterestIncome": "None", "interestIncome": "None", "interestExpense": "4576000", "nonInterestIncome": "None", "otherNonOperatingIncome": "2700000", "depreciation": "None", "depreciationAndAmortization": "70460000", "incomeBeforeTax": "119645000", "incomeTaxExpense": "41899000", "interestAndDebtExpense": "None", "netIncomeFromContinuingOperations": "77746000", "comprehensiveIncomeNetOfTax": "None", "ebit": "124221000", "ebitda": "194681000", "netIncome": "77746000"}, {"fiscalDateEnding": "2014-12-31", "reportedCurrency": "USD", "grossProfit": "373094000", "totalRevenue": "536295000", "costOfRevenue": "163201000", "costofGoodsAndServicesSold": "163201000", "operatingIncome": "136082000", "sellingGeneralAndAdministrative": "74429000", "researchAndDevelopment": "32417000", "operatingExpenses": "237012000", "investmentIncomeNet": "None", "netInterestIncome": "None", "interestIncome": "None", "interestExpense": "14366000", "nonInterestIncome": "None", "otherNonOperatingIncome": "2299000", "depreciation": "None", "depreciationAndAmortization": "67763000", "incomeBeforeTax": "133857000", "incomeTaxExpense": "36750000", "interestAndDebtExpense": "None", "netIncomeFromContinuingOperations": "97107000", "comprehensiveIncomeNetOfTax": "None", "ebit": "148223000", "ebitda": "215986000", "netIncome": "97107000"}, {"fiscalDateEnding": "2014-09-30", "reportedCurrency": "USD", "grossProfit": "339230000", "totalRevenue": "498042000", "costOfRevenue": "158812000", "costofGoodsAndServicesSold": "158812000", "operatingIncome": "120239000", "sellingGeneralAndAdministrative": "70238000", "researchAndDevelopment": "32583000", "operatingExpenses": "218991000", "investmentIncomeNet": "None", "netInterestIncome": "None", "interestIncome": "None", "interestExpense": "4482000", "nonInterestIncome": "None", "otherNonOperatingIncome": "1822000", "depreciation": "None", "depreciationAndAmortization": "67415000", "incomeBeforeTax": "117579000", "incomeTaxExpense": "26424000", "interestAndDebtExpense": "None", "netIncomeFromContinuingOperations": "91155000", "comprehensiveIncomeNetOfTax": "None", "ebit": "117349000", "ebitda": "184764000", "netIncome": "91155000"}, {"fiscalDateEnding": "2014-06-30", "reportedCurrency": "USD", "grossProfit": "326717000", "totalRevenue": "476035000", "costOfRevenue": "149318000", "costofGoodsAndServicesSold": "149318000", "operatingIncome": "112351000", "sellingGeneralAndAdministrative": "71286000", "researchAndDevelopment": "32052000", "operatingExpenses": "214366000", "investmentIncomeNet": "None", "netInterestIncome": "None", "interestIncome": "None", "interestExpense": "4516000", "nonInterestIncome": "None", "otherNonOperatingIncome": "841000", "depreciation": "None", "depreciationAndAmortization": "58712000", "incomeBeforeTax": "108676000", "incomeTaxExpense": "35790000", "interestAndDebtExpense": "None", "netIncomeFromContinuingOperations": "72886000", "comprehensiveIncomeNetOfTax": "None", "ebit": "108521000", "ebitda": "167233000", "netIncome": "72886000"}, {"fiscalDateEnding": "2014-03-31", "reportedCurrency": "USD", "grossProfit": "313890000", "totalRevenue": "453502000", "costOfRevenue": "139612000", "costofGoodsAndServicesSold": "139612000", "operatingIncome": "120847000", "sellingGeneralAndAdministrative": "64699000", "researchAndDevelopment": "28234000", "operatingExpenses": "193043000", "investmentIncomeNet": "None", "netInterestIncome": "None", "interestIncome": "None", "interestExpense": "1941000", "nonInterestIncome": "None", "otherNonOperatingIncome": "758000", "depreciation": "None", "depreciationAndAmortization": "53516000", "incomeBeforeTax": "119664000", "incomeTaxExpense": "46864000", "interestAndDebtExpense": "None", "netIncomeFromContinuingOperations": "72800000", "comprehensiveIncomeNetOfTax": "None", "ebit": "119615000", "ebitda": "173131000", "netIncome": "72800000"}, {"fiscalDateEnding": "2013-12-31", "reportedCurrency": "USD", "grossProfit": "301993000", "totalRevenue": "435980000", "costOfRevenue": "133987000", "costofGoodsAndServicesSold": "133987000", "operatingIncome": "115756000", "sellingGeneralAndAdministrative": "62410000", "researchAndDevelopment": "26520000", "operatingExpenses": "186237000", "investmentIncomeNet": "None", "netInterestIncome": "None", "interestIncome": "None", "interestExpense": "0", "nonInterestIncome": "None", "otherNonOperatingIncome": "1139000", "depreciation": "None", "depreciationAndAmortization": "49976000", "incomeBeforeTax": "116895000", "incomeTaxExpense": "36546000", "interestAndDebtExpense": "None", "netIncomeFromContinuingOperations": "80349000", "comprehensiveIncomeNetOfTax": "None", "ebit": "117949000", "ebitda": "167925000", "netIncome": "80349000"}, {"fiscalDateEnding": "2013-09-30", "reportedCurrency": "USD", "grossProfit": "263751000", "totalRevenue": "395790000", "costOfRevenue": "132039000", "costofGoodsAndServicesSold": "132039000", "operatingIncome": "99521000", "sellingGeneralAndAdministrative": "59501000", "researchAndDevelopment": "24857000", "operatingExpenses": "164230000", "investmentIncomeNet": "None", "netInterestIncome": "None", "interestIncome": "None", "interestExpense": "0", "nonInterestIncome": "None", "otherNonOperatingIncome": "1153000", "depreciation": "None", "depreciationAndAmortization": "47954000", "incomeBeforeTax": "100674000", "incomeTaxExpense": "20918000", "interestAndDebtExpense": "None", "netIncomeFromContinuingOperations": "79756000", "comprehensiveIncomeNetOfTax": "None", "ebit": "100674000", "ebitda": "148628000", "netIncome": "79756000"}, {"fiscalDateEnding": "2013-06-30", "reportedCurrency": "USD", "grossProfit": "253401000", "totalRevenue": "378106000", "costOfRevenue": "124705000", "costofGoodsAndServicesSold": "124705000", "operatingIncome": "97503000", "sellingGeneralAndAdministrative": "56029000", "researchAndDevelopment": "20597000", "operatingExpenses": "155898000", "investmentIncomeNet": "None", "netInterestIncome": "None", "interestIncome": "None", "interestExpense": "0", "nonInterestIncome": "None", "otherNonOperatingIncome": "1818000", "depreciation": "None", "depreciationAndAmortization": "44126000", "incomeBeforeTax": "99321000", "incomeTaxExpense": "37426000", "interestAndDebtExpense": "None", "netIncomeFromContinuingOperations": "61895000", "comprehensiveIncomeNetOfTax": "None", "ebit": "99321000", "ebitda": "143447000", "netIncome": "61895000"}, {"fiscalDateEnding": "2013-03-31", "reportedCurrency": "USD", "grossProfit": "247654000", "totalRevenue": "368046000", "costOfRevenue": "120392000", "costofGoodsAndServicesSold": "120392000", "operatingIncome": "101188000", "sellingGeneralAndAdministrative": "49104000", "researchAndDevelopment": "21905000", "operatingExpenses": "146466000", "investmentIncomeNet": "None", "netInterestIncome": "None", "interestIncome": "None", "interestExpense": "0", "nonInterestIncome": "None", "otherNonOperatingIncome": "1476000", "depreciation": "None", "depreciationAndAmortization": "42375000", "incomeBeforeTax": "102664000", "incomeTaxExpense": "31177000", "interestAndDebtExpense": "None", "netIncomeFromContinuingOperations": "71487000", "comprehensiveIncomeNetOfTax": "None", "ebit": "102664000", "ebitda": "145039000", "netIncome": "71487000"}, {"fiscalDateEnding": "2012-12-31", "reportedCurrency": "USD", "grossProfit": "265990000", "totalRevenue": "377872000", "costOfRevenue": "111882000", "costofGoodsAndServicesSold": "111882000", "operatingIncome": "95738000", "sellingGeneralAndAdministrative": "58819000", "researchAndDevelopment": "20371000", "operatingExpenses": "170252000", "investmentIncomeNet": "None", "netInterestIncome": "None", "interestIncome": "None", "interestExpense": "0", "nonInterestIncome": "None", "otherNonOperatingIncome": "1790000", "depreciation": "None", "depreciationAndAmortization": "54960000", "incomeBeforeTax": "97528000", "incomeTaxExpense": "29236000", "interestAndDebtExpense": "None", "netIncomeFromContinuingOperations": "68292000", "comprehensiveIncomeNetOfTax": "None", "ebit": "102828000", "ebitda": "157788000", "netIncome": "68292000"}, {"fiscalDateEnding": "2012-09-30", "reportedCurrency": "USD", "grossProfit": "211121000", "totalRevenue": "345321000", "costOfRevenue": "134200000", "costofGoodsAndServicesSold": "134200000", "operatingIncome": "80159000", "sellingGeneralAndAdministrative": "46100000", "researchAndDevelopment": "19351000", "operatingExpenses": "130962000", "investmentIncomeNet": "None", "netInterestIncome": "None", "interestIncome": "None", "interestExpense": "0", "nonInterestIncome": "None", "otherNonOperatingIncome": "1352000", "depreciation": "None", "depreciationAndAmortization": "53457000", "incomeBeforeTax": "81511000", "incomeTaxExpense": "33280000", "interestAndDebtExpense": "None", "netIncomeFromContinuingOperations": "48231000", "comprehensiveIncomeNetOfTax": "None", "ebit": "80483000", "ebitda": "133940000", "netIncome": "48231000"}, {"fiscalDateEnding": "2012-06-30", "reportedCurrency": "USD", "grossProfit": "200006000", "totalRevenue": "331306000", "costOfRevenue": "131300000", "costofGoodsAndServicesSold": "131300000", "operatingIncome": "67011000", "sellingGeneralAndAdministrative": "47500000", "researchAndDevelopment": "17542000", "operatingExpenses": "132995000", "investmentIncomeNet": "None", "netInterestIncome": "None", "interestIncome": "None", "interestExpense": "0", "nonInterestIncome": "None", "otherNonOperatingIncome": "2757000", "depreciation": "None", "depreciationAndAmortization": "50112000", "incomeBeforeTax": "69768000", "incomeTaxExpense": "25529000", "interestAndDebtExpense": "None", "netIncomeFromContinuingOperations": "44239000", "comprehensiveIncomeNetOfTax": "None", "ebit": "67321000", "ebitda": "117433000", "netIncome": "44239000"}, {"fiscalDateEnding": "2012-03-31", "reportedCurrency": "USD", "grossProfit": "194548000", "totalRevenue": "319448000", "costOfRevenue": "124900000", "costofGoodsAndServicesSold": "124900000", "operatingIncome": "71579000", "sellingGeneralAndAdministrative": "51642000", "researchAndDevelopment": "17480000", "operatingExpenses": "122969000", "investmentIncomeNet": "None", "netInterestIncome": "None", "interestIncome": "None", "interestExpense": "0", "nonInterestIncome": "None", "otherNonOperatingIncome": "1205000", "depreciation": "None", "depreciationAndAmortization": "45634000", "incomeBeforeTax": "72784000", "incomeTaxExpense": "29557000", "interestAndDebtExpense": "None", "netIncomeFromContinuingOperations": "43227000", "comprehensiveIncomeNetOfTax": "None", "ebit": "71664000", "ebitda": "117298000", "netIncome": "43227000"}, {"fiscalDateEnding": "2011-12-31", "reportedCurrency": "USD", "grossProfit": "221196000", "totalRevenue": "323740000", "costOfRevenue": "102544000", "costofGoodsAndServicesSold": "102544000", "operatingIncome": "79336000", "sellingGeneralAndAdministrative": "51016000", "researchAndDevelopment": "15191000", "operatingExpenses": "141860000", "investmentIncomeNet": "None", "netInterestIncome": "None", "interestIncome": "None", "interestExpense": "0", "nonInterestIncome": "None", "otherNonOperatingIncome": "8818000", "depreciation": "None", "depreciationAndAmortization": "43650000", "incomeBeforeTax": "88154000", "incomeTaxExpense": "28073000", "interestAndDebtExpense": "None", "netIncomeFromContinuingOperations": "60081000", "comprehensiveIncomeNetOfTax": "None", "ebit": "88154000", "ebitda": "131804000", "netIncome": "60081000"}, {"fiscalDateEnding": "2011-09-30", "reportedCurrency": "USD", "grossProfit": "188572000", "totalRevenue": "281856000", "costOfRevenue": "93284000", "costofGoodsAndServicesSold": "93284000", "operatingIncome": "65333000", "sellingGeneralAndAdministrative": "50834000", "researchAndDevelopment": "13542000", "operatingExpenses": "123239000", "investmentIncomeNet": "None", "netInterestIncome": "None", "interestIncome": "None", "interestExpense": "0", "nonInterestIncome": "None", "otherNonOperatingIncome": "2814000", "depreciation": "None", "depreciationAndAmortization": "41761000", "incomeBeforeTax": "68147000", "incomeTaxExpense": "25862000", "interestAndDebtExpense": "None", "netIncomeFromContinuingOperations": "42285000", "comprehensiveIncomeNetOfTax": "None", "ebit": "65491000", "ebitda": "107252000", "netIncome": "42285000"}, {"fiscalDateEnding": "2011-06-30", "reportedCurrency": "USD", "grossProfit": "187342000", "totalRevenue": "276989000", "costOfRevenue": "89647000", "costofGoodsAndServicesSold": "89647000", "operatingIncome": "73232000", "sellingGeneralAndAdministrative": "45975000", "researchAndDevelopment": "11006000", "operatingExpenses": "114110000", "investmentIncomeNet": "None", "netInterestIncome": "None", "interestIncome": "None", "interestExpense": "0", "nonInterestIncome": "None", "otherNonOperatingIncome": "2989000", "depreciation": "None", "depreciationAndAmortization": "41333000", "incomeBeforeTax": "76221000", "incomeTaxExpense": "28300000", "interestAndDebtExpense": "None", "netIncomeFromContinuingOperations": "47921000", "comprehensiveIncomeNetOfTax": "None", "ebit": "73232000", "ebitda": "114565000", "netIncome": "47921000"}, {"fiscalDateEnding": "2011-03-31", "reportedCurrency": "USD", "grossProfit": "186885000", "totalRevenue": "275953000", "costOfRevenue": "89068000", "costofGoodsAndServicesSold": "89068000", "operatingIncome": "72748000", "sellingGeneralAndAdministrative": "43901000", "researchAndDevelopment": "12594000", "operatingExpenses": "114137000", "investmentIncomeNet": "None", "netInterestIncome": "None", "interestIncome": "None", "interestExpense": "148000", "nonInterestIncome": "None", "otherNonOperatingIncome": "1925000", "depreciation": "None", "depreciationAndAmortization": "41134000", "incomeBeforeTax": "74673000", "incomeTaxExpense": "24056000", "interestAndDebtExpense": "None", "netIncomeFromContinuingOperations": "50617000", "comprehensiveIncomeNetOfTax": "None", "ebit": "72748000", "ebitda": "113882000", "netIncome": "50617000"}, {"fiscalDateEnding": "2010-12-31", "reportedCurrency": "USD", "grossProfit": "198411000", "totalRevenue": "284688000", "costOfRevenue": "86277000", "costofGoodsAndServicesSold": "86277000", "operatingIncome": "72346000", "sellingGeneralAndAdministrative": "41793000", "researchAndDevelopment": "13775000", "operatingExpenses": "126065000", "investmentIncomeNet": "None", "netInterestIncome": "None", "interestIncome": "None", "interestExpense": "148000", "nonInterestIncome": "None", "otherNonOperatingIncome": "None", "depreciation": "None", "depreciationAndAmortization": "39129000", "incomeBeforeTax": "73985000", "incomeTaxExpense": "21475000", "interestAndDebtExpense": "None", "netIncomeFromContinuingOperations": "0", "comprehensiveIncomeNetOfTax": "None", "ebit": "74133000", "ebitda": "113262000", "netIncome": "52510000"}, {"fiscalDateEnding": "2010-09-30", "reportedCurrency": "USD", "grossProfit": "175739000", "totalRevenue": "253551000", "costOfRevenue": "77812000", "costofGoodsAndServicesSold": "77812000", "operatingIncome": "59042000", "sellingGeneralAndAdministrative": "42729000", "researchAndDevelopment": "14235000", "operatingExpenses": "116697000", "investmentIncomeNet": "None", "netInterestIncome": "None", "interestIncome": "None", "interestExpense": "222000", "nonInterestIncome": "None", "otherNonOperatingIncome": "1492000", "depreciation": "None", "depreciationAndAmortization": "36479000", "incomeBeforeTax": "60312000", "incomeTaxExpense": "20603000", "interestAndDebtExpense": "None", "netIncomeFromContinuingOperations": "39709000", "comprehensiveIncomeNetOfTax": "None", "ebit": "60534000", "ebitda": "97013000", "netIncome": "39709000"}, {"fiscalDateEnding": "2010-06-30", "reportedCurrency": "USD", "grossProfit": "173478000", "totalRevenue": "245318000", "costOfRevenue": "71840000", "costofGoodsAndServicesSold": "71840000", "operatingIncome": "56839000", "sellingGeneralAndAdministrative": "43707000", "researchAndDevelopment": "13577000", "operatingExpenses": "116639000", "investmentIncomeNet": "None", "netInterestIncome": "None", "interestIncome": "None", "interestExpense": "618000", "nonInterestIncome": "None", "otherNonOperatingIncome": "3217000", "depreciation": "None", "depreciationAndAmortization": "34674000", "incomeBeforeTax": "59438000", "incomeTaxExpense": "21315000", "interestAndDebtExpense": "None", "netIncomeFromContinuingOperations": "38123000", "comprehensiveIncomeNetOfTax": "None", "ebit": "60056000", "ebitda": "94730000", "netIncome": "38123000"}, {"fiscalDateEnding": "2010-03-31", "reportedCurrency": "USD", "grossProfit": "172555000", "totalRevenue": "240029000", "costOfRevenue": "67474000", "costofGoodsAndServicesSold": "67474000", "operatingIncome": "66050000", "sellingGeneralAndAdministrative": "39550000", "researchAndDevelopment": "13179000", "operatingExpenses": "106505000", "investmentIncomeNet": "None", "netInterestIncome": "None", "interestIncome": "None", "interestExpense": "709000", "nonInterestIncome": "None", "otherNonOperatingIncome": "None", "depreciation": "None", "depreciationAndAmortization": "32960000", "incomeBeforeTax": "68637000", "incomeTaxExpense": "27759000", "interestAndDebtExpense": "None", "netIncomeFromContinuingOperations": "0", "comprehensiveIncomeNetOfTax": "None", "ebit": "69346000", "ebitda": "102306000", "netIncome": "40878000"}, {"fiscalDateEnding": "2009-12-31", "reportedCurrency": "USD", "grossProfit": "170725000", "totalRevenue": "238305000", "costOfRevenue": "67580000", "costofGoodsAndServicesSold": "67580000", "operatingIncome": "62222000", "sellingGeneralAndAdministrative": "40233000", "researchAndDevelopment": "12520000", "operatingExpenses": "108503000", "investmentIncomeNet": "None", "netInterestIncome": "None", "interestIncome": "None", "interestExpense": "709000", "nonInterestIncome": "None", "otherNonOperatingIncome": "None", "depreciation": "None", "depreciationAndAmortization": "32573000", "incomeBeforeTax": "64569000", "incomeTaxExpense": "24489000", "interestAndDebtExpense": "None", "netIncomeFromContinuingOperations": "0", "comprehensiveIncomeNetOfTax": "None", "ebit": "65278000", "ebitda": "97851000", "netIncome": "40080000"}, {"fiscalDateEnding": "2009-09-30", "reportedCurrency": "USD", "grossProfit": "144513000", "totalRevenue": "206500000", "costOfRevenue": "61987000", "costofGoodsAndServicesSold": "61987000", "operatingIncome": "50745000", "sellingGeneralAndAdministrative": "34655000", "researchAndDevelopment": "10904000", "operatingExpenses": "93768000", "investmentIncomeNet": "None", "netInterestIncome": "None", "interestIncome": "None", "interestExpense": "710000", "nonInterestIncome": "None", "otherNonOperatingIncome": "2858000", "depreciation": "None", "depreciationAndAmortization": "31565000", "incomeBeforeTax": "52893000", "incomeTaxExpense": "20148000", "interestAndDebtExpense": "None", "netIncomeFromContinuingOperations": "32745000", "comprehensiveIncomeNetOfTax": "None", "ebit": "53603000", "ebitda": "85168000", "netIncome": "32745000"}, {"fiscalDateEnding": "2009-06-30", "reportedCurrency": "USD", "grossProfit": "144591000", "totalRevenue": "204600000", "costOfRevenue": "60009000", "costofGoodsAndServicesSold": "60009000", "operatingIncome": "54394000", "sellingGeneralAndAdministrative": "35144000", "researchAndDevelopment": "9378000", "operatingExpenses": "90197000", "investmentIncomeNet": "None", "netInterestIncome": "None", "interestIncome": "None", "interestExpense": "710000", "nonInterestIncome": "None", "otherNonOperatingIncome": "4348000", "depreciation": "None", "depreciationAndAmortization": "29678000", "incomeBeforeTax": "58032000", "incomeTaxExpense": "22025000", "interestAndDebtExpense": "None", "netIncomeFromContinuingOperations": "36007000", "comprehensiveIncomeNetOfTax": "None", "ebit": "58742000", "ebitda": "88420000", "netIncome": "36007000"}, {"fiscalDateEnding": "2009-03-31", "reportedCurrency": "USD", "grossProfit": "150006000", "totalRevenue": "210368000", "costOfRevenue": "60362000", "costofGoodsAndServicesSold": "60362000", "operatingIncome": "56119000", "sellingGeneralAndAdministrative": "36068000", "researchAndDevelopment": "10856000", "operatingExpenses": "93887000", "investmentIncomeNet": "None", "netInterestIncome": "None", "interestIncome": "None", "interestExpense": "710000", "nonInterestIncome": "None", "otherNonOperatingIncome": "None", "depreciation": "None", "depreciationAndAmortization": "28678000", "incomeBeforeTax": "61738000", "incomeTaxExpense": "24657000", "interestAndDebtExpense": "None", "netIncomeFromContinuingOperations": "0", "comprehensiveIncomeNetOfTax": "None", "ebit": "62448000", "ebitda": "91126000", "netIncome": "37081000"}, {"fiscalDateEnding": "2008-12-31", "reportedCurrency": "USD", "grossProfit": "151866000", "totalRevenue": "212554000", "costOfRevenue": "60688000", "costofGoodsAndServicesSold": "60688000", "operatingIncome": "54840000", "sellingGeneralAndAdministrative": "80389000", "researchAndDevelopment": "10477000", "operatingExpenses": "97026000", "investmentIncomeNet": "None", "netInterestIncome": "None", "interestIncome": "None", "interestExpense": "3086000", "nonInterestIncome": "None", "otherNonOperatingIncome": "None", "depreciation": "None", "depreciationAndAmortization": "27452000", "incomeBeforeTax": "60073000", "incomeTaxExpense": "19540000", "interestAndDebtExpense": "None", "netIncomeFromContinuingOperations": "0", "comprehensiveIncomeNetOfTax": "None", "ebit": "57349000", "ebitda": "84801000", "netIncome": "40533000"}, {"fiscalDateEnding": "2008-09-30", "reportedCurrency": "USD", "grossProfit": "140688000", "totalRevenue": "197347000", "costOfRevenue": "56659000", "costofGoodsAndServicesSold": "56659000", "operatingIncome": "51769000", "sellingGeneralAndAdministrative": "33776000", "researchAndDevelopment": "9943000", "operatingExpenses": "88919000", "investmentIncomeNet": "None", "netInterestIncome": "None", "interestIncome": "None", "interestExpense": "684000", "nonInterestIncome": "None", "otherNonOperatingIncome": "None", "depreciation": "None", "depreciationAndAmortization": "24150000", "incomeBeforeTax": "56918000", "incomeTaxExpense": "23558000", "interestAndDebtExpense": "None", "netIncomeFromContinuingOperations": "0", "comprehensiveIncomeNetOfTax": "None", "ebit": "57602000", "ebitda": "81752000", "netIncome": "33360000"}, {"fiscalDateEnding": "2008-06-30", "reportedCurrency": "USD", "grossProfit": "140316000", "totalRevenue": "194004000", "costOfRevenue": "53688000", "costofGoodsAndServicesSold": "53688000", "operatingIncome": "52315000", "sellingGeneralAndAdministrative": "74991000", "researchAndDevelopment": "9519000", "operatingExpenses": "88001000", "investmentIncomeNet": "None", "netInterestIncome": "None", "interestIncome": "None", "interestExpense": "710000", "nonInterestIncome": "None", "otherNonOperatingIncome": "None", "depreciation": "None", "depreciationAndAmortization": "23621000", "incomeBeforeTax": "56189000", "incomeTaxExpense": "21855000", "interestAndDebtExpense": "None", "netIncomeFromContinuingOperations": "0", "comprehensiveIncomeNetOfTax": "None", "ebit": "52315000", "ebitda": "75936000", "netIncome": "34334000"}, {"fiscalDateEnding": "2008-03-31", "reportedCurrency": "USD", "grossProfit": "135444000", "totalRevenue": "187019000", "costOfRevenue": "51575000", "costofGoodsAndServicesSold": "51575000", "operatingIncome": "53340000", "sellingGeneralAndAdministrative": "69210000", "researchAndDevelopment": "9304000", "operatingExpenses": "82104000", "investmentIncomeNet": "None", "netInterestIncome": "None", "interestIncome": "None", "interestExpense": "710000", "nonInterestIncome": "None", "otherNonOperatingIncome": "None", "depreciation": "None", "depreciationAndAmortization": "22857000", "incomeBeforeTax": "61355000", "incomeTaxExpense": "24444000", "interestAndDebtExpense": "None", "netIncomeFromContinuingOperations": "0", "comprehensiveIncomeNetOfTax": "None", "ebit": "53340000", "ebitda": "76197000", "netIncome": "36911000"}, {"fiscalDateEnding": "2007-12-31", "reportedCurrency": "USD", "grossProfit": "133844000", "totalRevenue": "183238000", "costOfRevenue": "49394000", "costofGoodsAndServicesSold": "49394000", "operatingIncome": "51046000", "sellingGeneralAndAdministrative": "69497000", "researchAndDevelopment": "10466000", "operatingExpenses": "82798000", "investmentIncomeNet": "None", "netInterestIncome": "None", "interestIncome": "None", "interestExpense": "3086000", "nonInterestIncome": "None", "otherNonOperatingIncome": "None", "depreciation": "None", "depreciationAndAmortization": "20436000", "incomeBeforeTax": "57940000", "incomeTaxExpense": "22062000", "interestAndDebtExpense": "None", "netIncomeFromContinuingOperations": "0", "comprehensiveIncomeNetOfTax": "None", "ebit": "51046000", "ebitda": "71482000", "netIncome": "35878000"}, {"fiscalDateEnding": "2007-09-30", "reportedCurrency": "USD", "grossProfit": "117429000", "totalRevenue": "161240000", "costOfRevenue": "43811000", "costofGoodsAndServicesSold": "43811000", "operatingIncome": "35771000", "sellingGeneralAndAdministrative": "67415000", "researchAndDevelopment": "11408000", "operatingExpenses": "81658000", "investmentIncomeNet": "None", "netInterestIncome": "None", "interestIncome": "None", "interestExpense": "771000", "nonInterestIncome": "None", "otherNonOperatingIncome": "None", "depreciation": "None", "depreciationAndAmortization": "18822000", "incomeBeforeTax": "42956000", "incomeTaxExpense": "18692000", "interestAndDebtExpense": "None", "netIncomeFromContinuingOperations": "0", "comprehensiveIncomeNetOfTax": "None", "ebit": "35771000", "ebitda": "54593000", "netIncome": "24264000"}, {"fiscalDateEnding": "2007-06-30", "reportedCurrency": "USD", "grossProfit": "112895000", "totalRevenue": "152654000", "costOfRevenue": "39759000", "costofGoodsAndServicesSold": "39759000", "operatingIncome": "30960000", "sellingGeneralAndAdministrative": "67518000", "researchAndDevelopment": "11663000", "operatingExpenses": "81935000", "investmentIncomeNet": "None", "netInterestIncome": "None", "interestIncome": "None", "interestExpense": "772000", "nonInterestIncome": "None", "otherNonOperatingIncome": "None", "depreciation": "None", "depreciationAndAmortization": "17788000", "incomeBeforeTax": "35631000", "incomeTaxExpense": "13985000", "interestAndDebtExpense": "None", "netIncomeFromContinuingOperations": "0", "comprehensiveIncomeNetOfTax": "None", "ebit": "30782000", "ebitda": "48570000", "netIncome": "21646000"}, {"fiscalDateEnding": "2007-03-31", "reportedCurrency": "USD", "grossProfit": "104794000", "totalRevenue": "139274000", "costOfRevenue": "34480000", "costofGoodsAndServicesSold": "34480000", "operatingIncome": "27151000", "sellingGeneralAndAdministrative": "64227000", "researchAndDevelopment": "10604000", "operatingExpenses": "77643000", "investmentIncomeNet": "None", "netInterestIncome": "None", "interestIncome": "None", "interestExpense": "772000", "nonInterestIncome": "None", "otherNonOperatingIncome": "None", "depreciation": "None", "depreciationAndAmortization": "15059000", "incomeBeforeTax": "31678000", "incomeTaxExpense": "12499000", "interestAndDebtExpense": "None", "netIncomeFromContinuingOperations": "0", "comprehensiveIncomeNetOfTax": "None", "ebit": "27151000", "ebitda": "42210000", "netIncome": "19179000"}, {"fiscalDateEnding": "2006-12-31", "reportedCurrency": "USD", "grossProfit": "97098000", "totalRevenue": "125703000", "costOfRevenue": "28605000", "costofGoodsAndServicesSold": "28605000", "operatingIncome": "26403000", "sellingGeneralAndAdministrative": "59507000", "researchAndDevelopment": "9141000", "operatingExpenses": "70695000", "investmentIncomeNet": "None", "netInterestIncome": "None", "interestIncome": "None", "interestExpense": "3171000", "nonInterestIncome": "None", "otherNonOperatingIncome": "None", "depreciation": "None", "depreciationAndAmortization": "12013000", "incomeBeforeTax": "31330000", "incomeTaxExpense": "10707000", "interestAndDebtExpense": "None", "netIncomeFromContinuingOperations": "0", "comprehensiveIncomeNetOfTax": "None", "ebit": "26403000", "ebitda": "38416000", "netIncome": "20623000"}, {"fiscalDateEnding": "2006-09-30", "reportedCurrency": "USD", "grossProfit": "86511000", "totalRevenue": "111495000", "costOfRevenue": "24984000", "costofGoodsAndServicesSold": "24984000", "operatingIncome": "21761000", "sellingGeneralAndAdministrative": "53945000", "researchAndDevelopment": "8862000", "operatingExpenses": "64750000", "investmentIncomeNet": "None", "netInterestIncome": "None", "interestIncome": "None", "interestExpense": "856000", "nonInterestIncome": "None", "otherNonOperatingIncome": "None", "depreciation": "None", "depreciationAndAmortization": "10732000", "incomeBeforeTax": "25283000", "incomeTaxExpense": "11264000", "interestAndDebtExpense": "None", "netIncomeFromContinuingOperations": "0", "comprehensiveIncomeNetOfTax": "None", "ebit": "21761000", "ebitda": "32493000", "netIncome": "14019000"}, {"fiscalDateEnding": "2006-06-30", "reportedCurrency": "USD", "grossProfit": "79454000", "totalRevenue": "100649000", "costOfRevenue": "21195000", "costofGoodsAndServicesSold": "21195000", "operatingIncome": "17293000", "sellingGeneralAndAdministrative": "51590000", "researchAndDevelopment": "8373000", "operatingExpenses": "62161000", "investmentIncomeNet": "None", "netInterestIncome": "None", "interestIncome": "None", "interestExpense": "773000", "nonInterestIncome": "None", "otherNonOperatingIncome": "None", "depreciation": "None", "depreciationAndAmortization": "9778000", "incomeBeforeTax": "21106000", "incomeTaxExpense": "9842000", "interestAndDebtExpense": "None", "netIncomeFromContinuingOperations": "0", "comprehensiveIncomeNetOfTax": "None", "ebit": "17293000", "ebitda": "27071000", "netIncome": "11264000"}, {"fiscalDateEnding": "2006-03-31", "reportedCurrency": "USD", "grossProfit": "71509000", "totalRevenue": "90825000", "costOfRevenue": "19316000", "costofGoodsAndServicesSold": "19316000", "operatingIncome": "17649000", "sellingGeneralAndAdministrative": "44838000", "researchAndDevelopment": "6726000", "operatingExpenses": "53860000", "investmentIncomeNet": "None", "netInterestIncome": "None", "interestIncome": "None", "interestExpense": "772000", "nonInterestIncome": "None", "otherNonOperatingIncome": "None", "depreciation": "None", "depreciationAndAmortization": "8903000", "incomeBeforeTax": "20750000", "incomeTaxExpense": "9255000", "interestAndDebtExpense": "None", "netIncomeFromContinuingOperations": "0", "comprehensiveIncomeNetOfTax": "None", "ebit": "17649000", "ebitda": "26552000", "netIncome": "11495000"}, {"fiscalDateEnding": "2005-12-31", "reportedCurrency": "USD", "grossProfit": "66573000", "totalRevenue": "82657000", "costOfRevenue": "16084000", "costofGoodsAndServicesSold": "16084000", "operatingIncome": "21064000", "sellingGeneralAndAdministrative": "38231000", "researchAndDevelopment": "4982000", "operatingExpenses": "45509000", "investmentIncomeNet": "None", "netInterestIncome": "None", "interestIncome": "None", "interestExpense": "5330000", "nonInterestIncome": "None", "otherNonOperatingIncome": "None", "depreciation": "None", "depreciationAndAmortization": "8164000", "incomeBeforeTax": "22552000", "incomeTaxExpense": "-3207000", "interestAndDebtExpense": "None", "netIncomeFromContinuingOperations": "0", "comprehensiveIncomeNetOfTax": "None", "ebit": "21064000", "ebitda": "29228000", "netIncome": "25759000"}, {"fiscalDateEnding": "2005-09-30", "reportedCurrency": "USD", "grossProfit": "60418000", "totalRevenue": "75713000", "costOfRevenue": "15295000", "costofGoodsAndServicesSold": "15295000", "operatingIncome": "18798000", "sellingGeneralAndAdministrative": "34371000", "researchAndDevelopment": "4953000", "operatingExpenses": "41620000", "investmentIncomeNet": "None", "netInterestIncome": "None", "interestIncome": "None", "interestExpense": "1383000", "nonInterestIncome": "None", "otherNonOperatingIncome": "None", "depreciation": "None", "depreciationAndAmortization": "7792000", "incomeBeforeTax": "16771000", "incomeTaxExpense": "-255489000", "interestAndDebtExpense": "None", "netIncomeFromContinuingOperations": "0", "comprehensiveIncomeNetOfTax": "None", "ebit": "18798000", "ebitda": "26590000", "netIncome": "272260000"}, {"fiscalDateEnding": "2005-06-30", "reportedCurrency": "USD", "grossProfit": "51897000", "totalRevenue": "64649000", "costOfRevenue": "12752000", "costofGoodsAndServicesSold": "12752000", "operatingIncome": "17166000", "sellingGeneralAndAdministrative": "29704000", "researchAndDevelopment": "4507000", "operatingExpenses": "34731000", "investmentIncomeNet": "None", "netInterestIncome": "None", "interestIncome": "None", "interestExpense": "1574000", "nonInterestIncome": "None", "otherNonOperatingIncome": "None", "depreciation": "None", "depreciationAndAmortization": "5074000", "incomeBeforeTax": "16473000", "incomeTaxExpense": "573000", "interestAndDebtExpense": "None", "netIncomeFromContinuingOperations": "0", "comprehensiveIncomeNetOfTax": "None", "ebit": "17166000", "ebitda": "22240000", "netIncome": "15900000"}, {"fiscalDateEnding": "2005-03-31", "reportedCurrency": "USD", "grossProfit": "48572000", "totalRevenue": "60096000", "costOfRevenue": "11524000", "costofGoodsAndServicesSold": "11524000", "operatingIncome": "16347000", "sellingGeneralAndAdministrative": "28584000", "researchAndDevelopment": "3629000", "operatingExpenses": "32225000", "investmentIncomeNet": "None", "netInterestIncome": "None", "interestIncome": "None", "interestExpense": "1611000", "nonInterestIncome": "None", "otherNonOperatingIncome": "None", "depreciation": "None", "depreciationAndAmortization": "4140000", "incomeBeforeTax": "14608000", "incomeTaxExpense": "529000", "interestAndDebtExpense": "None", "netIncomeFromContinuingOperations": "0", "comprehensiveIncomeNetOfTax": "None", "ebit": "16347000", "ebitda": "20487000", "netIncome": "14079000"}, {"fiscalDateEnding": "2004-12-31", "reportedCurrency": "USD", "grossProfit": "46403000", "totalRevenue": "57576000", "costOfRevenue": "11173000", "costofGoodsAndServicesSold": "11173000", "operatingIncome": "14567000", "sellingGeneralAndAdministrative": "28480000", "researchAndDevelopment": "3344000", "operatingExpenses": "31836000", "investmentIncomeNet": "None", "netInterestIncome": "None", "interestIncome": "None", "interestExpense": "10213000", "nonInterestIncome": "None", "otherNonOperatingIncome": "None", "depreciation": "None", "depreciationAndAmortization": "4051000", "incomeBeforeTax": "13578000", "incomeTaxExpense": "187000", "interestAndDebtExpense": "None", "netIncomeFromContinuingOperations": "0", "comprehensiveIncomeNetOfTax": "None", "ebit": "8651000", "ebitda": "12702000", "netIncome": "13391000"}]}