{"symbol": "MTCH", "annualReports": [{"fiscalDateEnding": "2024-12-31", "reportedCurrency": "USD", "grossProfit": "2488100000", "totalRevenue": "3479373000", "costOfRevenue": "991273000", "costofGoodsAndServicesSold": "991273000", "operatingIncome": "823312000", "sellingGeneralAndAdministrative": "438839000", "researchAndDevelopment": "442175000", "operatingExpenses": "1664788000", "investmentIncomeNet": "None", "netInterestIncome": "-118966000", "interestIncome": "41105000", "interestExpense": "160071000", "nonInterestIncome": "None", "otherNonOperatingIncome": "None", "depreciation": "None", "depreciationAndAmortization": "None", "incomeBeforeTax": "704056000", "incomeTaxExpense": "152743000", "interestAndDebtExpense": "None", "netIncomeFromContinuingOperations": "551313000", "comprehensiveIncomeNetOfTax": "None", "ebit": "None", "ebitda": "823312000", "netIncome": "551276000"}, {"fiscalDateEnding": "2023-12-31", "reportedCurrency": "USD", "grossProfit": "2302602000", "totalRevenue": "3364504000", "costOfRevenue": "981827000", "costofGoodsAndServicesSold": "981827000", "operatingIncome": "2211000", "sellingGeneralAndAdministrative": "970459000", "researchAndDevelopment": "367169000", "operatingExpenses": "2211000", "investmentIncomeNet": "None", "netInterestIncome": "-157687000", "interestIncome": "26800000", "interestExpense": "154121000", "nonInterestIncome": "None", "otherNonOperatingIncome": "None", "depreciation": "None", "depreciationAndAmortization": "109538000", "incomeBeforeTax": "111344000", "incomeTaxExpense": "113056000", "interestAndDebtExpense": "None", "netIncomeFromContinuingOperations": "507414000", "comprehensiveIncomeNetOfTax": "None", "ebit": "2211000", "ebitda": "2211000", "netIncome": "-1712000"}, {"fiscalDateEnding": "2022-12-31", "reportedCurrency": "USD", "grossProfit": "2228880000", "totalRevenue": "3188843000", "costOfRevenue": "959963000", "costofGoodsAndServicesSold": "959963000", "operatingIncome": "889295000", "sellingGeneralAndAdministrative": "435868000", "researchAndDevelopment": "333639000", "operatingExpenses": "1347618000", "investmentIncomeNet": "None", "netInterestIncome": "-145547000", "interestIncome": "4400000", "interestExpense": "145547000", "nonInterestIncome": "None", "otherNonOperatingIncome": "8033000", "depreciation": "None", "depreciationAndAmortization": "139751000", "incomeBeforeTax": "377491000", "incomeTaxExpense": "15361000", "interestAndDebtExpense": "None", "netIncomeFromContinuingOperations": "362130000", "comprehensiveIncomeNetOfTax": "None", "ebit": "523038000", "ebitda": "662789000", "netIncome": "361946000"}, {"fiscalDateEnding": "2021-12-31", "reportedCurrency": "USD", "grossProfit": "2143969000", "totalRevenue": "2983277000", "costOfRevenue": "839308000", "costofGoodsAndServicesSold": "839308000", "operatingIncome": "386641000", "sellingGeneralAndAdministrative": "414821000", "researchAndDevelopment": "241049000", "operatingExpenses": "1292290000", "investmentIncomeNet": "None", "netInterestIncome": "-130493000", "interestIncome": "None", "interestExpense": "130493000", "nonInterestIncome": "None", "otherNonOperatingIncome": "-465038000", "depreciation": "None", "depreciationAndAmortization": "69961000", "incomeBeforeTax": "256148000", "incomeTaxExpense": "-19897000", "interestAndDebtExpense": "None", "netIncomeFromContinuingOperations": "276045000", "comprehensiveIncomeNetOfTax": "None", "ebit": "851679000", "ebitda": "921640000", "netIncome": "277723000"}, {"fiscalDateEnding": "2020-12-31", "reportedCurrency": "USD", "grossProfit": "1755436000", "totalRevenue": "2391269000", "costOfRevenue": "635833000", "costofGoodsAndServicesSold": "635833000", "operatingIncome": "745715000", "sellingGeneralAndAdministrative": "311207000", "researchAndDevelopment": "169811000", "operatingExpenses": "1009721000", "investmentIncomeNet": "None", "netInterestIncome": "-174791000", "interestIncome": "None", "interestExpense": "130624000", "nonInterestIncome": "None", "otherNonOperatingIncome": "15861000", "depreciation": "None", "depreciationAndAmortization": "48796000", "incomeBeforeTax": "630952000", "incomeTaxExpense": "43273000", "interestAndDebtExpense": "None", "netIncomeFromContinuingOperations": "553911000", "comprehensiveIncomeNetOfTax": "None", "ebit": "745715000", "ebitda": "794511000", "netIncome": "587679000"}, {"fiscalDateEnding": "2019-12-31", "reportedCurrency": "USD", "grossProfit": "3629635000", "totalRevenue": "4757055000", "costOfRevenue": "1127420000", "costofGoodsAndServicesSold": "1127420000", "operatingIncome": "581333000", "sellingGeneralAndAdministrative": "888950000", "researchAndDevelopment": "345417000", "operatingExpenses": "3044984000", "investmentIncomeNet": "None", "netInterestIncome": "-153563000", "interestIncome": "86419000", "interestExpense": "153563000", "nonInterestIncome": "None", "otherNonOperatingIncome": "None", "depreciation": "None", "depreciationAndAmortization": "180994000", "incomeBeforeTax": "494511000", "incomeTaxExpense": "-49309000", "interestAndDebtExpense": "None", "netIncomeFromContinuingOperations": "543820000", "comprehensiveIncomeNetOfTax": "None", "ebit": "505516000", "ebitda": "686510000", "netIncome": "431131000"}, {"fiscalDateEnding": "2018-12-31", "reportedCurrency": "USD", "grossProfit": "3351746000", "totalRevenue": "4262892000", "costOfRevenue": "911146000", "costofGoodsAndServicesSold": "911146000", "operatingIncome": "565139000", "sellingGeneralAndAdministrative": "774079000", "researchAndDevelopment": "309329000", "operatingExpenses": "2786607000", "investmentIncomeNet": "None", "netInterestIncome": "-109327000", "interestIncome": "59017000", "interestExpense": "109327000", "nonInterestIncome": "None", "otherNonOperatingIncome": "7765000", "depreciation": "None", "depreciationAndAmortization": "183759000", "incomeBeforeTax": "761558000", "incomeTaxExpense": "3811000", "interestAndDebtExpense": "None", "netIncomeFromContinuingOperations": "757747000", "comprehensiveIncomeNetOfTax": "None", "ebit": "402175000", "ebitda": "585934000", "netIncome": "626961000"}, {"fiscalDateEnding": "2017-12-31", "reportedCurrency": "USD", "grossProfit": "2656231000", "totalRevenue": "3307239000", "costOfRevenue": "651008000", "costofGoodsAndServicesSold": "651008000", "operatingIncome": "188466000", "sellingGeneralAndAdministrative": "719257000", "researchAndDevelopment": "250879000", "operatingExpenses": "2467765000", "investmentIncomeNet": "None", "netInterestIncome": "-105295000", "interestIncome": "81065000", "interestExpense": "105295000", "nonInterestIncome": "None", "otherNonOperatingIncome": "-30827000", "depreciation": "None", "depreciationAndAmortization": "116408000", "incomeBeforeTax": "66958000", "incomeTaxExpense": "-291050000", "interestAndDebtExpense": "None", "netIncomeFromContinuingOperations": "358008000", "comprehensiveIncomeNetOfTax": "None", "ebit": "274667000", "ebitda": "391075000", "netIncome": "304924000"}, {"fiscalDateEnding": "2016-12-31", "reportedCurrency": "USD", "grossProfit": "2384152000", "totalRevenue": "3139882000", "costOfRevenue": "755730000", "costofGoodsAndServicesSold": "755730000", "operatingIncome": "-32625000", "sellingGeneralAndAdministrative": "547160000", "researchAndDevelopment": "197885000", "operatingExpenses": "2141410000", "investmentIncomeNet": "None", "netInterestIncome": "-109110000", "interestIncome": "633000", "interestExpense": "109110000", "nonInterestIncome": "None", "otherNonOperatingIncome": "7892000", "depreciation": "None", "depreciationAndAmortization": "151102000", "incomeBeforeTax": "-81274000", "incomeTaxExpense": "-64934000", "interestAndDebtExpense": "None", "netIncomeFromContinuingOperations": "-16340000", "comprehensiveIncomeNetOfTax": "None", "ebit": "28025000", "ebitda": "179127000", "netIncome": "-41280000"}, {"fiscalDateEnding": "2015-12-31", "reportedCurrency": "USD", "grossProfit": "2452772000", "totalRevenue": "3230933000", "costOfRevenue": "778161000", "costofGoodsAndServicesSold": "778161000", "operatingIncome": "179588000", "sellingGeneralAndAdministrative": "525629000", "researchAndDevelopment": "185766000", "operatingExpenses": "2259128000", "investmentIncomeNet": "None", "netInterestIncome": "None", "interestIncome": "11508000", "interestExpense": "73636000", "nonInterestIncome": "None", "otherNonOperatingIncome": "11887000", "depreciation": "None", "depreciationAndAmortization": "202157000", "incomeBeforeTax": "142873000", "incomeTaxExpense": "29516000", "interestAndDebtExpense": "None", "netIncomeFromContinuingOperations": "133163000", "comprehensiveIncomeNetOfTax": "None", "ebit": "216526000", "ebitda": "418683000", "netIncome": "119472000"}, {"fiscalDateEnding": "2014-12-31", "reportedCurrency": "USD", "grossProfit": "2226371000", "totalRevenue": "3109547000", "costOfRevenue": "883176000", "costofGoodsAndServicesSold": "883176000", "operatingIncome": "378727000", "sellingGeneralAndAdministrative": "443610000", "researchAndDevelopment": "160515000", "operatingExpenses": "1847644000", "investmentIncomeNet": "None", "netInterestIncome": "None", "interestIncome": "None", "interestExpense": "56314000", "nonInterestIncome": "None", "otherNonOperatingIncome": "None", "depreciation": "None", "depreciationAndAmortization": "119082000", "incomeBeforeTax": "269929000", "incomeTaxExpense": "35372000", "interestAndDebtExpense": "None", "netIncomeFromContinuingOperations": "148359000", "comprehensiveIncomeNetOfTax": "None", "ebit": "365360000", "ebitda": "484442000", "netIncome": "414873000"}, {"fiscalDateEnding": "2013-12-31", "reportedCurrency": "USD", "grossProfit": "2022886000", "totalRevenue": "3022987000", "costOfRevenue": "1000101000", "costofGoodsAndServicesSold": "1000101000", "operatingIncome": "426203000", "sellingGeneralAndAdministrative": "372470000", "researchAndDevelopment": "141330000", "operatingExpenses": "1596683000", "investmentIncomeNet": "None", "netInterestIncome": "None", "interestIncome": "None", "interestExpense": "33596000", "nonInterestIncome": "None", "otherNonOperatingIncome": "None", "depreciation": "None", "depreciationAndAmortization": "118752000", "incomeBeforeTax": "416301000", "incomeTaxExpense": "134502000", "interestAndDebtExpense": "None", "netIncomeFromContinuingOperations": "None", "comprehensiveIncomeNetOfTax": "None", "ebit": "449897000", "ebitda": "568649000", "netIncome": "285784000"}, {"fiscalDateEnding": "2012-12-31", "reportedCurrency": "USD", "grossProfit": "1808463000", "totalRevenue": "2800933000", "costOfRevenue": "992470000", "costofGoodsAndServicesSold": "992470000", "operatingIncome": "323568000", "sellingGeneralAndAdministrative": "396013000", "researchAndDevelopment": "101869000", "operatingExpenses": "1484895000", "investmentIncomeNet": "None", "netInterestIncome": "None", "interestIncome": "None", "interestExpense": "6149000", "nonInterestIncome": "None", "otherNonOperatingIncome": "None", "depreciation": "None", "depreciationAndAmortization": "88252000", "incomeBeforeTax": "289062000", "incomeTaxExpense": "119215000", "interestAndDebtExpense": "None", "netIncomeFromContinuingOperations": "None", "comprehensiveIncomeNetOfTax": "None", "ebit": "295211000", "ebitda": "383463000", "netIncome": "159266000"}, {"fiscalDateEnding": "2011-12-31", "reportedCurrency": "USD", "grossProfit": "1298200000", "totalRevenue": "2059444000", "costOfRevenue": "761244000", "costofGoodsAndServicesSold": "761244000", "operatingIncome": "197762000", "sellingGeneralAndAdministrative": "328728000", "researchAndDevelopment": "78760000", "operatingExpenses": "1100438000", "investmentIncomeNet": "None", "netInterestIncome": "None", "interestIncome": "None", "interestExpense": "5430000", "nonInterestIncome": "None", "otherNonOperatingIncome": "None", "depreciation": "None", "depreciationAndAmortization": "78776000", "incomeBeforeTax": "171522000", "incomeTaxExpense": "-4047000", "interestAndDebtExpense": "None", "netIncomeFromContinuingOperations": "None", "comprehensiveIncomeNetOfTax": "None", "ebit": "176952000", "ebitda": "255728000", "netIncome": "174233000"}, {"fiscalDateEnding": "2010-12-31", "reportedCurrency": "USD", "grossProfit": "1042999000", "totalRevenue": "1636815000", "costOfRevenue": "593816000", "costofGoodsAndServicesSold": "593816000", "operatingIncome": "49795000", "sellingGeneralAndAdministrative": "316500000", "researchAndDevelopment": "65097000", "operatingExpenses": "965172000", "investmentIncomeNet": "None", "netInterestIncome": "None", "interestIncome": "None", "interestExpense": "5404000", "nonInterestIncome": "None", "otherNonOperatingIncome": "None", "depreciation": "None", "depreciationAndAmortization": "91369000", "incomeBeforeTax": "22686000", "incomeTaxExpense": "32079000", "interestAndDebtExpense": "None", "netIncomeFromContinuingOperations": "None", "comprehensiveIncomeNetOfTax": "None", "ebit": "58668000", "ebitda": "150037000", "netIncome": "99359000"}, {"fiscalDateEnding": "2009-12-31", "reportedCurrency": "USD", "grossProfit": "925998000", "totalRevenue": "1375788000", "costOfRevenue": "449790000", "costofGoodsAndServicesSold": "449790000", "operatingIncome": "-1058506000", "sellingGeneralAndAdministrative": "289462000", "researchAndDevelopment": "64307000", "operatingExpenses": "1066580000", "investmentIncomeNet": "None", "netInterestIncome": "None", "interestIncome": "None", "interestExpense": "5823000", "nonInterestIncome": "None", "otherNonOperatingIncome": "None", "depreciation": "None", "depreciationAndAmortization": "238172000", "incomeBeforeTax": "-967531000", "incomeTaxExpense": "1485000", "interestAndDebtExpense": "None", "netIncomeFromContinuingOperations": "None", "comprehensiveIncomeNetOfTax": "None", "ebit": "-960926000", "ebitda": "-722754000", "netIncome": "-978822000"}, {"fiscalDateEnding": "2008-12-31", "reportedCurrency": "USD", "grossProfit": "926903000", "totalRevenue": "1445095000", "costOfRevenue": "518192000", "costofGoodsAndServicesSold": "518192000", "operatingIncome": "-61961000", "sellingGeneralAndAdministrative": "343504000", "researchAndDevelopment": "65457000", "operatingExpenses": "988864000", "investmentIncomeNet": "None", "netInterestIncome": "None", "interestIncome": "None", "interestExpense": "17130000", "nonInterestIncome": "None", "otherNonOperatingIncome": "None", "depreciation": "None", "depreciationAndAmortization": "114969000", "incomeBeforeTax": "93483000", "incomeTaxExpense": "-37697000", "interestAndDebtExpense": "None", "netIncomeFromContinuingOperations": "None", "comprehensiveIncomeNetOfTax": "None", "ebit": "-176768000", "ebitda": "-61799000", "netIncome": "-156201000"}, {"fiscalDateEnding": "2007-12-31", "reportedCurrency": "USD", "grossProfit": "2998954000", "totalRevenue": "6373410000", "costOfRevenue": "3374456000", "costofGoodsAndServicesSold": "3374456000", "operatingIncome": "-159564000", "sellingGeneralAndAdministrative": "842938000", "researchAndDevelopment": "None", "operatingExpenses": "3158518000", "investmentIncomeNet": "None", "netInterestIncome": "None", "interestIncome": "None", "interestExpense": "301831000", "nonInterestIncome": "None", "otherNonOperatingIncome": "None", "depreciation": "None", "depreciationAndAmortization": "362811000", "incomeBeforeTax": "-72078000", "incomeTaxExpense": "138052000", "interestAndDebtExpense": "None", "netIncomeFromContinuingOperations": "None", "comprehensiveIncomeNetOfTax": "None", "ebit": "-78504000", "ebitda": "284307000", "netIncome": "-144069000"}, {"fiscalDateEnding": "2006-12-31", "reportedCurrency": "USD", "grossProfit": "3056408000", "totalRevenue": "6277638000", "costOfRevenue": "3221230000", "costofGoodsAndServicesSold": "3221230000", "operatingIncome": "253371000", "sellingGeneralAndAdministrative": "786864000", "researchAndDevelopment": "None", "operatingExpenses": "2803037000", "investmentIncomeNet": "None", "netInterestIncome": "None", "interestIncome": "None", "interestExpense": "125300000", "nonInterestIncome": "None", "otherNonOperatingIncome": "None", "depreciation": "None", "depreciationAndAmortization": "405900000", "incomeBeforeTax": "299378000", "incomeTaxExpense": "125137000", "interestAndDebtExpense": "None", "netIncomeFromContinuingOperations": "None", "comprehensiveIncomeNetOfTax": "None", "ebit": "-152529000", "ebitda": "253371000", "netIncome": "192635000"}, {"fiscalDateEnding": "2005-12-31", "reportedCurrency": "USD", "grossProfit": "2625500000", "totalRevenue": "5753671000", "costOfRevenue": "3128171000", "costofGoodsAndServicesSold": "3128171000", "operatingIncome": "344229000", "sellingGeneralAndAdministrative": "666044000", "researchAndDevelopment": "None", "operatingExpenses": "2281271000", "investmentIncomeNet": "None", "netInterestIncome": "None", "interestIncome": "None", "interestExpense": "1323626000", "nonInterestIncome": "None", "otherNonOperatingIncome": "None", "depreciation": "None", "depreciationAndAmortization": "543614000", "incomeBeforeTax": "989456000", "incomeTaxExpense": "391069000", "interestAndDebtExpense": "None", "netIncomeFromContinuingOperations": "None", "comprehensiveIncomeNetOfTax": "None", "ebit": "165298000", "ebitda": "708912000", "netIncome": "876150000"}], "quarterlyReports": [{"fiscalDateEnding": "2024-12-31", "reportedCurrency": "USD", "grossProfit": "623762000", "totalRevenue": "860176000", "costOfRevenue": "236414000", "costofGoodsAndServicesSold": "236414000", "operatingIncome": "223388000", "sellingGeneralAndAdministrative": "114371000", "researchAndDevelopment": "109138000", "operatingExpenses": "400374000", "investmentIncomeNet": "None", "netInterestIncome": "1545000", "interestIncome": "None", "interestExpense": "39560000", "nonInterestIncome": "None", "otherNonOperatingIncome": "None", "depreciation": "None", "depreciationAndAmortization": "None", "incomeBeforeTax": "197544000", "incomeTaxExpense": "39266000", "interestAndDebtExpense": "None", "netIncomeFromContinuingOperations": "158278000", "comprehensiveIncomeNetOfTax": "None", "ebit": "None", "ebitda": "223388000", "netIncome": "158296000"}, {"fiscalDateEnding": "2024-09-30", "reportedCurrency": "USD", "grossProfit": "642355000", "totalRevenue": "895484000", "costOfRevenue": "253129000", "costofGoodsAndServicesSold": "253129000", "operatingIncome": "210660000", "sellingGeneralAndAdministrative": "103923000", "researchAndDevelopment": "103724000", "operatingExpenses": "431695000", "investmentIncomeNet": "None", "netInterestIncome": "-40120000", "interestIncome": "None", "interestExpense": "40120000", "nonInterestIncome": "None", "otherNonOperatingIncome": "None", "depreciation": "None", "depreciationAndAmortization": "3983000", "incomeBeforeTax": "177640000", "incomeTaxExpense": "-185795000", "interestAndDebtExpense": "None", "netIncomeFromContinuingOperations": "136481000", "comprehensiveIncomeNetOfTax": "None", "ebit": "206677000", "ebitda": "210660000", "netIncome": "136468000"}, {"fiscalDateEnding": "2024-06-30", "reportedCurrency": "USD", "grossProfit": "587034000", "totalRevenue": "864066000", "costOfRevenue": "277032000", "costofGoodsAndServicesSold": "277032000", "operatingIncome": "204526000", "sellingGeneralAndAdministrative": "114304000", "researchAndDevelopment": "113576000", "operatingExpenses": "382508000", "investmentIncomeNet": "None", "netInterestIncome": "-40038000", "interestIncome": "None", "interestExpense": "40038000", "nonInterestIncome": "None", "otherNonOperatingIncome": "None", "depreciation": "None", "depreciationAndAmortization": "32043999", "incomeBeforeTax": "175013000", "incomeTaxExpense": "41693000", "interestAndDebtExpense": "None", "netIncomeFromContinuingOperations": "133320000", "comprehensiveIncomeNetOfTax": "None", "ebit": "172482001", "ebitda": "204526000", "netIncome": "133314000"}, {"fiscalDateEnding": "2024-03-31", "reportedCurrency": "USD", "grossProfit": "572017000", "totalRevenue": "859647000", "costOfRevenue": "287630000", "costofGoodsAndServicesSold": "287630000", "operatingIncome": "184738000", "sellingGeneralAndAdministrative": "106241000", "researchAndDevelopment": "115737000", "operatingExpenses": "387279000", "investmentIncomeNet": "None", "netInterestIncome": "-40353000", "interestIncome": "None", "interestExpense": "40353000", "nonInterestIncome": "None", "otherNonOperatingIncome": "None", "depreciation": "None", "depreciationAndAmortization": "30888000", "incomeBeforeTax": "153859000", "incomeTaxExpense": "30625000", "interestAndDebtExpense": "None", "netIncomeFromContinuingOperations": "123234000", "comprehensiveIncomeNetOfTax": "None", "ebit": "184738000", "ebitda": "215626000", "netIncome": "123198000"}, {"fiscalDateEnding": "2023-12-31", "reportedCurrency": "USD", "grossProfit": "624926000", "totalRevenue": "866228000", "costOfRevenue": "241302000", "costofGoodsAndServicesSold": "241302000", "operatingIncome": "260252000", "sellingGeneralAndAdministrative": "108205000", "researchAndDevelopment": "97571000", "operatingExpenses": "364674000", "investmentIncomeNet": "None", "netInterestIncome": "-13614000", "interestIncome": "None", "interestExpense": "40414000", "nonInterestIncome": "None", "otherNonOperatingIncome": "None", "depreciation": "None", "depreciationAndAmortization": "33189999", "incomeBeforeTax": "224881000", "incomeTaxExpense": "-4799000", "interestAndDebtExpense": "None", "netIncomeFromContinuingOperations": "229680000", "comprehensiveIncomeNetOfTax": "None", "ebit": "260252001", "ebitda": "293442000", "netIncome": "229658000"}, {"fiscalDateEnding": "2023-09-30", "reportedCurrency": "USD", "grossProfit": "626002000", "totalRevenue": "881600000", "costOfRevenue": "255598000", "costofGoodsAndServicesSold": "255598000", "operatingIncome": "243559000", "sellingGeneralAndAdministrative": "107095000", "researchAndDevelopment": "94141000", "operatingExpenses": "371954000", "investmentIncomeNet": "None", "netInterestIncome": "-40380000", "interestIncome": "None", "interestExpense": "40380000", "nonInterestIncome": "None", "otherNonOperatingIncome": "None", "depreciation": "None", "depreciationAndAmortization": "27799000", "incomeBeforeTax": "211084000", "incomeTaxExpense": "47328000", "interestAndDebtExpense": "None", "netIncomeFromContinuingOperations": "163756000", "comprehensiveIncomeNetOfTax": "None", "ebit": "243559000", "ebitda": "271358000", "netIncome": "163727000"}, {"fiscalDateEnding": "2023-06-30", "reportedCurrency": "USD", "grossProfit": "579258000", "totalRevenue": "829552000", "costOfRevenue": "250294000", "costofGoodsAndServicesSold": "250294000", "operatingIncome": "214796000", "sellingGeneralAndAdministrative": "107698000", "researchAndDevelopment": "94287000", "operatingExpenses": "353147000", "investmentIncomeNet": "None", "netInterestIncome": "-39742000", "interestIncome": "None", "interestExpense": "39742000", "nonInterestIncome": "None", "otherNonOperatingIncome": "3432000", "depreciation": "None", "depreciationAndAmortization": "25880000", "incomeBeforeTax": "178486000", "incomeTaxExpense": "41141000", "interestAndDebtExpense": "None", "netIncomeFromContinuingOperations": "137345000", "comprehensiveIncomeNetOfTax": "None", "ebit": "214796000", "ebitda": "240676000", "netIncome": "137345000"}, {"fiscalDateEnding": "2023-03-31", "reportedCurrency": "USD", "grossProfit": "547114000", "totalRevenue": "787124000", "costOfRevenue": "240010000", "costofGoodsAndServicesSold": "240010000", "operatingIncome": "198289000", "sellingGeneralAndAdministrative": "90611000", "researchAndDevelopment": "98186000", "operatingExpenses": "348825000", "investmentIncomeNet": "None", "netInterestIncome": "-39351000", "interestIncome": "None", "interestExpense": "39351000", "nonInterestIncome": "None", "otherNonOperatingIncome": "3392000", "depreciation": "None", "depreciationAndAmortization": "22669000", "incomeBeforeTax": "162330000", "incomeTaxExpense": "41639000", "interestAndDebtExpense": "None", "netIncomeFromContinuingOperations": "120691000", "comprehensiveIncomeNetOfTax": "None", "ebit": "201681000", "ebitda": "224350000", "netIncome": "120809000"}, {"fiscalDateEnding": "2022-12-31", "reportedCurrency": "USD", "grossProfit": "550228000", "totalRevenue": "786153000", "costOfRevenue": "235925000", "costofGoodsAndServicesSold": "235925000", "operatingIncome": "220650000", "sellingGeneralAndAdministrative": "110356000", "researchAndDevelopment": "80555000", "operatingExpenses": "329176000", "investmentIncomeNet": "None", "netInterestIncome": "-38214000", "interestIncome": "None", "interestExpense": "38214000", "nonInterestIncome": "None", "otherNonOperatingIncome": "-402000", "depreciation": "None", "depreciationAndAmortization": "72649000", "incomeBeforeTax": "68017000", "incomeTaxExpense": "-17605000", "interestAndDebtExpense": "None", "netIncomeFromContinuingOperations": "85622000", "comprehensiveIncomeNetOfTax": "None", "ebit": "106231000", "ebitda": "178880000", "netIncome": "84575000"}, {"fiscalDateEnding": "2022-09-30", "reportedCurrency": "USD", "grossProfit": "562584000", "totalRevenue": "809546000", "costOfRevenue": "246962000", "costofGoodsAndServicesSold": "246962000", "operatingIncome": "210635000", "sellingGeneralAndAdministrative": "114169000", "researchAndDevelopment": "87880000", "operatingExpenses": "351949000", "investmentIncomeNet": "None", "netInterestIncome": "-36814000", "interestIncome": "None", "interestExpense": "36814000", "nonInterestIncome": "None", "otherNonOperatingIncome": "2326000", "depreciation": "None", "depreciationAndAmortization": "20285000", "incomeBeforeTax": "176147000", "incomeTaxExpense": "47881000", "interestAndDebtExpense": "None", "netIncomeFromContinuingOperations": "128266000", "comprehensiveIncomeNetOfTax": "None", "ebit": "210635000", "ebitda": "230920000", "netIncome": "128696000"}, {"fiscalDateEnding": "2022-06-30", "reportedCurrency": "USD", "grossProfit": "553673000", "totalRevenue": "794513000", "costOfRevenue": "240840000", "costofGoodsAndServicesSold": "240840000", "operatingIncome": "-10081000", "sellingGeneralAndAdministrative": "110638000", "researchAndDevelopment": "86410000", "operatingExpenses": "334215000", "investmentIncomeNet": "None", "netInterestIncome": "-35623000", "interestIncome": "None", "interestExpense": "35623000", "nonInterestIncome": "None", "otherNonOperatingIncome": "5291000", "depreciation": "None", "depreciationAndAmortization": "23627000", "incomeBeforeTax": "-40413000", "incomeTaxExpense": "-8048000", "interestAndDebtExpense": "None", "netIncomeFromContinuingOperations": "-32365000", "comprehensiveIncomeNetOfTax": "None", "ebit": "-4790000", "ebitda": "18837000", "netIncome": "-31858000"}, {"fiscalDateEnding": "2022-03-31", "reportedCurrency": "USD", "grossProfit": "562395000", "totalRevenue": "798631000", "costOfRevenue": "236236000", "costofGoodsAndServicesSold": "236236000", "operatingIncome": "207818000", "sellingGeneralAndAdministrative": "100705000", "researchAndDevelopment": "78794000", "operatingExpenses": "354577000", "investmentIncomeNet": "None", "netInterestIncome": "-34896000", "interestIncome": "None", "interestExpense": "34896000", "nonInterestIncome": "None", "otherNonOperatingIncome": "818000", "depreciation": "None", "depreciationAndAmortization": "23190000", "incomeBeforeTax": "173740000", "incomeTaxExpense": "-6867000", "interestAndDebtExpense": "None", "netIncomeFromContinuingOperations": "180607000", "comprehensiveIncomeNetOfTax": "None", "ebit": "208636000", "ebitda": "231826000", "netIncome": "180533000"}, {"fiscalDateEnding": "2021-12-31", "reportedCurrency": "USD", "grossProfit": "571527000", "totalRevenue": "806070000", "costOfRevenue": "234543000", "costofGoodsAndServicesSold": "234543000", "operatingIncome": "231917000", "sellingGeneralAndAdministrative": "110261000", "researchAndDevelopment": "66366000", "operatingExpenses": "339610000", "investmentIncomeNet": "None", "netInterestIncome": "-34586000", "interestIncome": "None", "interestExpense": "34586000", "nonInterestIncome": "None", "otherNonOperatingIncome": "-424152000", "depreciation": "None", "depreciationAndAmortization": "23818000", "incomeBeforeTax": "-226821000", "incomeTaxExpense": "-58097000", "interestAndDebtExpense": "None", "netIncomeFromContinuingOperations": "-168724000", "comprehensiveIncomeNetOfTax": "None", "ebit": "-192235000", "ebitda": "-168417000", "netIncome": "-168632000"}, {"fiscalDateEnding": "2021-09-30", "reportedCurrency": "USD", "grossProfit": "569624000", "totalRevenue": "801835000", "costOfRevenue": "232211000", "costofGoodsAndServicesSold": "232211000", "operatingIncome": "220590000", "sellingGeneralAndAdministrative": "103502000", "researchAndDevelopment": "66974000", "operatingExpenses": "349034000", "investmentIncomeNet": "None", "netInterestIncome": "-31850000", "interestIncome": "None", "interestExpense": "31850000", "nonInterestIncome": "None", "otherNonOperatingIncome": "-39212000", "depreciation": "None", "depreciationAndAmortization": "25170000", "incomeBeforeTax": "149528000", "incomeTaxExpense": "18627000", "interestAndDebtExpense": "None", "netIncomeFromContinuingOperations": "130901000", "comprehensiveIncomeNetOfTax": "None", "ebit": "220590000", "ebitda": "245760000", "netIncome": "131210000"}, {"fiscalDateEnding": "2021-06-30", "reportedCurrency": "USD", "grossProfit": "514661000", "totalRevenue": "707760000", "costOfRevenue": "193099000", "costofGoodsAndServicesSold": "193099000", "operatingIncome": "209914000", "sellingGeneralAndAdministrative": "113393000", "researchAndDevelopment": "52133000", "operatingExpenses": "304747000", "investmentIncomeNet": "None", "netInterestIncome": "-32219000", "interestIncome": "None", "interestExpense": "32219000", "nonInterestIncome": "None", "otherNonOperatingIncome": "-355000", "depreciation": "None", "depreciationAndAmortization": "10303000", "incomeBeforeTax": "177340000", "incomeTaxExpense": "37320000", "interestAndDebtExpense": "None", "netIncomeFromContinuingOperations": "140020000", "comprehensiveIncomeNetOfTax": "None", "ebit": "209914000", "ebitda": "220217000", "netIncome": "140895000"}, {"fiscalDateEnding": "2021-03-31", "reportedCurrency": "USD", "grossProfit": "488157000", "totalRevenue": "667612000", "costOfRevenue": "179455000", "costofGoodsAndServicesSold": "179455000", "operatingIncome": "189258000", "sellingGeneralAndAdministrative": "87665000", "researchAndDevelopment": "55576000", "operatingExpenses": "298899000", "investmentIncomeNet": "None", "netInterestIncome": "-31838000", "interestIncome": "None", "interestExpense": "31838000", "nonInterestIncome": "None", "otherNonOperatingIncome": "-1319000", "depreciation": "None", "depreciationAndAmortization": "10670000", "incomeBeforeTax": "156101000", "incomeTaxExpense": "-17747000", "interestAndDebtExpense": "None", "netIncomeFromContinuingOperations": "173848000", "comprehensiveIncomeNetOfTax": "None", "ebit": "187939000", "ebitda": "198609000", "netIncome": "174250000"}, {"fiscalDateEnding": "2020-12-31", "reportedCurrency": "USD", "grossProfit": "478144000", "totalRevenue": "651407000", "costOfRevenue": "173263000", "costofGoodsAndServicesSold": "173263000", "operatingIncome": "212582000", "sellingGeneralAndAdministrative": "74723000", "researchAndDevelopment": "44832000", "operatingExpenses": "265562000", "investmentIncomeNet": "None", "netInterestIncome": "-43306000", "interestIncome": "None", "interestExpense": "43306000", "nonInterestIncome": "None", "otherNonOperatingIncome": "50267000", "depreciation": "None", "depreciationAndAmortization": "11250000", "incomeBeforeTax": "165796000", "incomeTaxExpense": "25617000", "interestAndDebtExpense": "None", "netIncomeFromContinuingOperations": "140179000", "comprehensiveIncomeNetOfTax": "None", "ebit": "209102000", "ebitda": "220352000", "netIncome": "140579000"}, {"fiscalDateEnding": "2020-09-30", "reportedCurrency": "USD", "grossProfit": "469947000", "totalRevenue": "639770000", "costOfRevenue": "169823000", "costofGoodsAndServicesSold": "169823000", "operatingIncome": "200167000", "sellingGeneralAndAdministrative": "88961000", "researchAndDevelopment": "39280000", "operatingExpenses": "269780000", "investmentIncomeNet": "None", "netInterestIncome": "-43189000", "interestIncome": "None", "interestExpense": "43189000", "nonInterestIncome": "None", "otherNonOperatingIncome": "None", "depreciation": "None", "depreciationAndAmortization": "11680000", "incomeBeforeTax": "155055000", "incomeTaxExpense": "23568000", "interestAndDebtExpense": "None", "netIncomeFromContinuingOperations": "131487000", "comprehensiveIncomeNetOfTax": "None", "ebit": "198244000", "ebitda": "209924000", "netIncome": "141207000"}, {"fiscalDateEnding": "2020-06-30", "reportedCurrency": "USD", "grossProfit": "406597000", "totalRevenue": "555450000", "costOfRevenue": "148853000", "costofGoodsAndServicesSold": "148853000", "operatingIncome": "195594000", "sellingGeneralAndAdministrative": "68204000", "researchAndDevelopment": "41929000", "operatingExpenses": "211003000", "investmentIncomeNet": "None", "netInterestIncome": "-45647000", "interestIncome": "None", "interestExpense": "45647000", "nonInterestIncome": "None", "otherNonOperatingIncome": "None", "depreciation": "None", "depreciationAndAmortization": "10069000", "incomeBeforeTax": "167357000", "incomeTaxExpense": "34436000", "interestAndDebtExpense": "None", "netIncomeFromContinuingOperations": "132921000", "comprehensiveIncomeNetOfTax": "None", "ebit": "213004000", "ebitda": "223073000", "netIncome": "74917000"}, {"fiscalDateEnding": "2020-03-31", "reportedCurrency": "USD", "grossProfit": "905544000", "totalRevenue": "1228765000", "costOfRevenue": "323221000", "costofGoodsAndServicesSold": "323221000", "operatingIncome": "-177780000", "sellingGeneralAndAdministrative": "256021000", "researchAndDevelopment": "105733000", "operatingExpenses": "871351000", "investmentIncomeNet": "None", "netInterestIncome": "-44866000", "interestIncome": "25116000", "interestExpense": "44866000", "nonInterestIncome": "None", "otherNonOperatingIncome": "3854000", "depreciation": "None", "depreciationAndAmortization": "15797000", "incomeBeforeTax": "-272539000", "incomeTaxExpense": "-89896000", "interestAndDebtExpense": "None", "netIncomeFromContinuingOperations": "-182643000", "comprehensiveIncomeNetOfTax": "None", "ebit": "137372000", "ebitda": "153169000", "netIncome": "-211040000"}, {"fiscalDateEnding": "2019-12-31", "reportedCurrency": "USD", "grossProfit": "923105000", "totalRevenue": "1217680000", "costOfRevenue": "294575000", "costofGoodsAndServicesSold": "294575000", "operatingIncome": "161298000", "sellingGeneralAndAdministrative": "241940000", "researchAndDevelopment": "91503000", "operatingExpenses": "758489000", "investmentIncomeNet": "None", "netInterestIncome": "-43082000", "interestIncome": "22744000", "interestExpense": "43082000", "nonInterestIncome": "None", "otherNonOperatingIncome": "None", "depreciation": "None", "depreciationAndAmortization": "52266000", "incomeBeforeTax": "137105000", "incomeTaxExpense": "12833000", "interestAndDebtExpense": "None", "netIncomeFromContinuingOperations": "124272000", "comprehensiveIncomeNetOfTax": "None", "ebit": "183505000", "ebitda": "235771000", "netIncome": "100425000"}, {"fiscalDateEnding": "2019-09-30", "reportedCurrency": "USD", "grossProfit": "950489000", "totalRevenue": "1246874000", "costOfRevenue": "296385000", "costofGoodsAndServicesSold": "296385000", "operatingIncome": "185852000", "sellingGeneralAndAdministrative": "207880000", "researchAndDevelopment": "86600000", "operatingExpenses": "764637000", "investmentIncomeNet": "None", "netInterestIncome": "-42132000", "interestIncome": "19572000", "interestExpense": "42132000", "nonInterestIncome": "None", "otherNonOperatingIncome": "2787000", "depreciation": "None", "depreciationAndAmortization": "9174000", "incomeBeforeTax": "144949000", "incomeTaxExpense": "-14823000", "interestAndDebtExpense": "None", "netIncomeFromContinuingOperations": "159772000", "comprehensiveIncomeNetOfTax": "None", "ebit": "175236000", "ebitda": "184410000", "netIncome": "128544000"}, {"fiscalDateEnding": "2019-06-30", "reportedCurrency": "USD", "grossProfit": "910269000", "totalRevenue": "1186658000", "costOfRevenue": "276389000", "costofGoodsAndServicesSold": "276389000", "operatingIncome": "154310000", "sellingGeneralAndAdministrative": "225514000", "researchAndDevelopment": "78614000", "operatingExpenses": "755959000", "investmentIncomeNet": "None", "netInterestIncome": "-37206000", "interestIncome": "23817000", "interestExpense": "37206000", "nonInterestIncome": "None", "otherNonOperatingIncome": "2538000", "depreciation": "None", "depreciationAndAmortization": "-23855000", "incomeBeforeTax": "163076000", "incomeTaxExpense": "16285000", "interestAndDebtExpense": "None", "netIncomeFromContinuingOperations": "146791000", "comprehensiveIncomeNetOfTax": "None", "ebit": "196753000", "ebitda": "172898000", "netIncome": "113467000"}, {"fiscalDateEnding": "2019-03-31", "reportedCurrency": "USD", "grossProfit": "845772000", "totalRevenue": "1105843000", "costOfRevenue": "260071000", "costofGoodsAndServicesSold": "260071000", "operatingIncome": "79873000", "sellingGeneralAndAdministrative": "213616000", "researchAndDevelopment": "88700000", "operatingExpenses": "765899000", "investmentIncomeNet": "None", "netInterestIncome": "-22086000", "interestIncome": "22086000", "interestExpense": "31143000", "nonInterestIncome": "None", "otherNonOperatingIncome": "-1488000", "depreciation": "None", "depreciationAndAmortization": "41723000", "incomeBeforeTax": "49381000", "incomeTaxExpense": "-63604000", "interestAndDebtExpense": "None", "netIncomeFromContinuingOperations": "123034000", "comprehensiveIncomeNetOfTax": "None", "ebit": "117560000", "ebitda": "159283000", "netIncome": "88695000"}, {"fiscalDateEnding": "2018-12-31", "reportedCurrency": "USD", "grossProfit": "850381000", "totalRevenue": "1104103000", "costOfRevenue": "253722000", "costofGoodsAndServicesSold": "253722000", "operatingIncome": "133920000", "sellingGeneralAndAdministrative": "210629000", "researchAndDevelopment": "79207000", "operatingExpenses": "716461000", "investmentIncomeNet": "None", "netInterestIncome": "None", "interestIncome": "None", "interestExpense": "27856000", "nonInterestIncome": "None", "otherNonOperatingIncome": "None", "depreciation": "None", "depreciationAndAmortization": "66479000", "incomeBeforeTax": "237175000", "incomeTaxExpense": "19698000", "interestAndDebtExpense": "None", "netIncomeFromContinuingOperations": "113983000", "comprehensiveIncomeNetOfTax": "None", "ebit": "265031000", "ebitda": "331510000", "netIncome": "191752000"}, {"fiscalDateEnding": "2018-09-30", "reportedCurrency": "USD", "grossProfit": "867354000", "totalRevenue": "1104592000", "costOfRevenue": "237238000", "costofGoodsAndServicesSold": "237238000", "operatingIncome": "172832000", "sellingGeneralAndAdministrative": "190903000", "researchAndDevelopment": "77740000", "operatingExpenses": "694522000", "investmentIncomeNet": "None", "netInterestIncome": "None", "interestIncome": "None", "interestExpense": "27610000", "nonInterestIncome": "None", "otherNonOperatingIncome": "894000", "depreciation": "None", "depreciationAndAmortization": "39077000", "incomeBeforeTax": "153335000", "incomeTaxExpense": "-18242000", "interestAndDebtExpense": "None", "netIncomeFromContinuingOperations": "127950000", "comprehensiveIncomeNetOfTax": "None", "ebit": "174187000", "ebitda": "213264000", "netIncome": "145774000"}, {"fiscalDateEnding": "2018-06-30", "reportedCurrency": "USD", "grossProfit": "840898000", "totalRevenue": "1059122000", "costOfRevenue": "218224000", "costofGoodsAndServicesSold": "218224000", "operatingIncome": "168437000", "sellingGeneralAndAdministrative": "188363000", "researchAndDevelopment": "75445000", "operatingExpenses": "672461000", "investmentIncomeNet": "None", "netInterestIncome": "None", "interestIncome": "None", "interestExpense": "27356000", "nonInterestIncome": "None", "otherNonOperatingIncome": "11004000", "depreciation": "None", "depreciationAndAmortization": "38993000", "incomeBeforeTax": "312222000", "incomeTaxExpense": "31368000", "interestAndDebtExpense": "None", "netIncomeFromContinuingOperations": "131358000", "comprehensiveIncomeNetOfTax": "None", "ebit": "169291000", "ebitda": "208284000", "netIncome": "218353000"}, {"fiscalDateEnding": "2018-03-31", "reportedCurrency": "USD", "grossProfit": "793113000", "totalRevenue": "995075000", "costOfRevenue": "201962000", "costofGoodsAndServicesSold": "201962000", "operatingIncome": "89950000", "sellingGeneralAndAdministrative": "184184000", "researchAndDevelopment": "76937000", "operatingExpenses": "703163000", "investmentIncomeNet": "None", "netInterestIncome": "None", "interestIncome": "None", "interestExpense": "26505000", "nonInterestIncome": "None", "otherNonOperatingIncome": "-7221000", "depreciation": "None", "depreciationAndAmortization": "39210000", "incomeBeforeTax": "58826000", "incomeTaxExpense": "-29013000", "interestAndDebtExpense": "None", "netIncomeFromContinuingOperations": "99678000", "comprehensiveIncomeNetOfTax": "None", "ebit": "92606000", "ebitda": "131816000", "netIncome": "71082000"}, {"fiscalDateEnding": "2017-12-31", "reportedCurrency": "USD", "grossProfit": "750858000", "totalRevenue": "950585000", "costOfRevenue": "199727000", "costofGoodsAndServicesSold": "199727000", "operatingIncome": "94360000", "sellingGeneralAndAdministrative": "189860000", "researchAndDevelopment": "70044000", "operatingExpenses": "656498000", "investmentIncomeNet": "None", "netInterestIncome": "None", "interestIncome": "None", "interestExpense": "30739000", "nonInterestIncome": "None", "otherNonOperatingIncome": "None", "depreciation": "None", "depreciationAndAmortization": "38767000", "incomeBeforeTax": "55108000", "incomeTaxExpense": "31759000", "interestAndDebtExpense": "None", "netIncomeFromContinuingOperations": "-410724000", "comprehensiveIncomeNetOfTax": "None", "ebit": "245883000", "ebitda": "284650000", "netIncome": "32804000"}, {"fiscalDateEnding": "2017-09-30", "reportedCurrency": "USD", "grossProfit": "662144000", "totalRevenue": "828434000", "costOfRevenue": "166290000", "costofGoodsAndServicesSold": "166290000", "operatingIncome": "-18589000", "sellingGeneralAndAdministrative": "235580000", "researchAndDevelopment": "70645000", "operatingExpenses": "680733000", "investmentIncomeNet": "None", "netInterestIncome": "None", "interestIncome": "None", "interestExpense": "25036000", "nonInterestIncome": "None", "otherNonOperatingIncome": "-9925000", "depreciation": "None", "depreciationAndAmortization": "21629000", "incomeBeforeTax": "-53841000", "incomeTaxExpense": "-279480000", "interestAndDebtExpense": "None", "netIncomeFromContinuingOperations": "287771000", "comprehensiveIncomeNetOfTax": "None", "ebit": "-28805000", "ebitda": "-7176000", "netIncome": "179643000"}, {"fiscalDateEnding": "2017-06-30", "reportedCurrency": "USD", "grossProfit": "628354000", "totalRevenue": "767387000", "costOfRevenue": "139033000", "costofGoodsAndServicesSold": "139033000", "operatingIncome": "75635000", "sellingGeneralAndAdministrative": "150222000", "researchAndDevelopment": "55430000", "operatingExpenses": "552719000", "investmentIncomeNet": "None", "netInterestIncome": "None", "interestIncome": "None", "interestExpense": "24728000", "nonInterestIncome": "None", "otherNonOperatingIncome": "-9550000", "depreciation": "None", "depreciationAndAmortization": "26963000", "incomeBeforeTax": "61137000", "incomeTaxExpense": "-19420000", "interestAndDebtExpense": "None", "netIncomeFromContinuingOperations": "51544000", "comprehensiveIncomeNetOfTax": "None", "ebit": "71429000", "ebitda": "98392000", "netIncome": "66268000"}, {"fiscalDateEnding": "2017-03-31", "reportedCurrency": "USD", "grossProfit": "614875000", "totalRevenue": "760833000", "costOfRevenue": "145958000", "costofGoodsAndServicesSold": "145958000", "operatingIncome": "37060000", "sellingGeneralAndAdministrative": "143595000", "researchAndDevelopment": "54760000", "operatingExpenses": "577815000", "investmentIncomeNet": "None", "netInterestIncome": "None", "interestIncome": "None", "interestExpense": "24792000", "nonInterestIncome": "None", "otherNonOperatingIncome": "-5978000", "depreciation": "None", "depreciationAndAmortization": "29049000", "incomeBeforeTax": "4554000", "incomeTaxExpense": "-23909000", "interestAndDebtExpense": "None", "netIncomeFromContinuingOperations": "24555000", "comprehensiveIncomeNetOfTax": "None", "ebit": "36252000", "ebitda": "65301000", "netIncome": "26209000"}, {"fiscalDateEnding": "2016-12-31", "reportedCurrency": "USD", "grossProfit": "598694000", "totalRevenue": "811162000", "costOfRevenue": "212468000", "costofGoodsAndServicesSold": "212468000", "operatingIncome": "112820000", "sellingGeneralAndAdministrative": "129954000", "researchAndDevelopment": "46197000", "operatingExpenses": "485874000", "investmentIncomeNet": "None", "netInterestIncome": "None", "interestIncome": "None", "interestExpense": "26488000", "nonInterestIncome": "None", "otherNonOperatingIncome": "None", "depreciation": "None", "depreciationAndAmortization": "34719000", "incomeBeforeTax": "126388000", "incomeTaxExpense": "12460000", "interestAndDebtExpense": "None", "netIncomeFromContinuingOperations": "146204000", "comprehensiveIncomeNetOfTax": "None", "ebit": "117082000", "ebitda": "151801000", "netIncome": "102051000"}, {"fiscalDateEnding": "2016-09-30", "reportedCurrency": "USD", "grossProfit": "584971000", "totalRevenue": "764102000", "costOfRevenue": "179131000", "costofGoodsAndServicesSold": "179131000", "operatingIncome": "85584000", "sellingGeneralAndAdministrative": "128829000", "researchAndDevelopment": "45947000", "operatingExpenses": "499387000", "investmentIncomeNet": "None", "netInterestIncome": "None", "interestIncome": "None", "interestExpense": "27118000", "nonInterestIncome": "None", "otherNonOperatingIncome": "6045000", "depreciation": "None", "depreciationAndAmortization": "32218000", "incomeBeforeTax": "70166000", "incomeTaxExpense": "17826000", "interestAndDebtExpense": "None", "netIncomeFromContinuingOperations": "56704000", "comprehensiveIncomeNetOfTax": "None", "ebit": "82207000", "ebitda": "114425000", "netIncome": "43162000"}, {"fiscalDateEnding": "2016-06-30", "reportedCurrency": "USD", "grossProfit": "575042000", "totalRevenue": "745439000", "costOfRevenue": "170397000", "costofGoodsAndServicesSold": "170397000", "operatingIncome": "-252446000", "sellingGeneralAndAdministrative": "152135000", "researchAndDevelopment": "49911000", "operatingExpenses": "552121000", "investmentIncomeNet": "None", "netInterestIncome": "None", "interestIncome": "None", "interestExpense": "27644000", "nonInterestIncome": "None", "otherNonOperatingIncome": "None", "depreciation": "None", "depreciationAndAmortization": "54550000", "incomeBeforeTax": "-287282000", "incomeTaxExpense": "-96740000", "interestAndDebtExpense": "None", "netIncomeFromContinuingOperations": "-40898000", "comprehensiveIncomeNetOfTax": "None", "ebit": "-306996000", "ebitda": "-252446000", "netIncome": "-194775000"}, {"fiscalDateEnding": "2016-03-31", "reportedCurrency": "USD", "grossProfit": "625445000", "totalRevenue": "819179000", "costOfRevenue": "193734000", "costofGoodsAndServicesSold": "193734000", "operatingIncome": "21417000", "sellingGeneralAndAdministrative": "136242000", "researchAndDevelopment": "55830000", "operatingExpenses": "604028000", "investmentIncomeNet": "None", "netInterestIncome": "None", "interestIncome": "None", "interestExpense": "27860000", "nonInterestIncome": "None", "otherNonOperatingIncome": "3607000", "depreciation": "None", "depreciationAndAmortization": "29615000", "incomeBeforeTax": "9454000", "incomeTaxExpense": "1520000", "interestAndDebtExpense": "None", "netIncomeFromContinuingOperations": "7264000", "comprehensiveIncomeNetOfTax": "None", "ebit": "23886000", "ebitda": "53501000", "netIncome": "8282000"}, {"fiscalDateEnding": "2015-12-31", "reportedCurrency": "USD", "grossProfit": "634644000", "totalRevenue": "848728000", "costOfRevenue": "214084000", "costofGoodsAndServicesSold": "214084000", "operatingIncome": "-5430000", "sellingGeneralAndAdministrative": "147364000", "researchAndDevelopment": "47220000", "operatingExpenses": "626018000", "investmentIncomeNet": "None", "netInterestIncome": "None", "interestIncome": "None", "interestExpense": "28366000", "nonInterestIncome": "None", "otherNonOperatingIncome": "None", "depreciation": "None", "depreciationAndAmortization": "116160000", "incomeBeforeTax": "-36623000", "incomeTaxExpense": "-5206000", "interestAndDebtExpense": "None", "netIncomeFromContinuingOperations": "133163000", "comprehensiveIncomeNetOfTax": "None", "ebit": "5799000", "ebitda": "121959000", "netIncome": "-31849000"}, {"fiscalDateEnding": "2015-09-30", "reportedCurrency": "USD", "grossProfit": "633300000", "totalRevenue": "838561000", "costOfRevenue": "205261000", "costofGoodsAndServicesSold": "205261000", "operatingIncome": "87130000", "sellingGeneralAndAdministrative": "134122000", "researchAndDevelopment": "46859000", "operatingExpenses": "546170000", "investmentIncomeNet": "None", "netInterestIncome": "None", "interestIncome": "None", "interestExpense": "15992000", "nonInterestIncome": "None", "otherNonOperatingIncome": "None", "depreciation": "None", "depreciationAndAmortization": "27963000", "incomeBeforeTax": "105536000", "incomeTaxExpense": "40510000", "interestAndDebtExpense": "None", "netIncomeFromContinuingOperations": "0", "comprehensiveIncomeNetOfTax": "None", "ebit": "86170000", "ebitda": "114133000", "netIncome": "65611000"}, {"fiscalDateEnding": "2015-06-30", "reportedCurrency": "USD", "grossProfit": "587856000", "totalRevenue": "771132000", "costOfRevenue": "183276000", "costofGoodsAndServicesSold": "183276000", "operatingIncome": "62769000", "sellingGeneralAndAdministrative": "129349000", "researchAndDevelopment": "46430000", "operatingExpenses": "525087000", "investmentIncomeNet": "None", "netInterestIncome": "None", "interestIncome": "None", "interestExpense": "15214000", "nonInterestIncome": "None", "otherNonOperatingIncome": "None", "depreciation": "None", "depreciationAndAmortization": "29911000", "incomeBeforeTax": "45917000", "incomeTaxExpense": "-11968000", "interestAndDebtExpense": "None", "netIncomeFromContinuingOperations": "0", "comprehensiveIncomeNetOfTax": "None", "ebit": "52819000", "ebitda": "82730000", "netIncome": "59305000"}, {"fiscalDateEnding": "2015-03-31", "reportedCurrency": "USD", "grossProfit": "580959000", "totalRevenue": "772512000", "costOfRevenue": "191553000", "costofGoodsAndServicesSold": "191553000", "operatingIncome": "35119000", "sellingGeneralAndAdministrative": "114794000", "researchAndDevelopment": "45257000", "operatingExpenses": "545840000", "investmentIncomeNet": "None", "netInterestIncome": "None", "interestIncome": "None", "interestExpense": "14064000", "nonInterestIncome": "None", "otherNonOperatingIncome": "None", "depreciation": "None", "depreciationAndAmortization": "28123000", "incomeBeforeTax": "28043000", "incomeTaxExpense": "6180000", "interestAndDebtExpense": "None", "netIncomeFromContinuingOperations": "0", "comprehensiveIncomeNetOfTax": "None", "ebit": "28123000", "ebitda": "56246000", "netIncome": "26405000"}, {"fiscalDateEnding": "2014-12-31", "reportedCurrency": "USD", "grossProfit": "592237000", "totalRevenue": "830754000", "costOfRevenue": "238517000", "costofGoodsAndServicesSold": "238517000", "operatingIncome": "110372000", "sellingGeneralAndAdministrative": "131637000", "researchAndDevelopment": "42163000", "operatingExpenses": "481865000", "investmentIncomeNet": "None", "netInterestIncome": "None", "interestIncome": "None", "interestExpense": "14195000", "nonInterestIncome": "None", "otherNonOperatingIncome": "None", "depreciation": "None", "depreciationAndAmortization": "33038000", "incomeBeforeTax": "111900000", "incomeTaxExpense": "43914000", "interestAndDebtExpense": "None", "netIncomeFromContinuingOperations": "148359000", "comprehensiveIncomeNetOfTax": "None", "ebit": "110786000", "ebitda": "143824000", "netIncome": "70172000"}, {"fiscalDateEnding": "2014-09-30", "reportedCurrency": "USD", "grossProfit": "556039000", "totalRevenue": "782231000", "costOfRevenue": "226192000", "costofGoodsAndServicesSold": "226192000", "operatingIncome": "100953000", "sellingGeneralAndAdministrative": "108193000", "researchAndDevelopment": "39686000", "operatingExpenses": "455086000", "investmentIncomeNet": "None", "netInterestIncome": "None", "interestIncome": "None", "interestExpense": "14009000", "nonInterestIncome": "None", "otherNonOperatingIncome": "None", "depreciation": "None", "depreciationAndAmortization": "30584000", "incomeBeforeTax": "90445000", "incomeTaxExpense": "-59816000", "interestAndDebtExpense": "None", "netIncomeFromContinuingOperations": "0", "comprehensiveIncomeNetOfTax": "None", "ebit": "86672000", "ebitda": "117256000", "netIncome": "326812000"}, {"fiscalDateEnding": "2014-06-30", "reportedCurrency": "USD", "grossProfit": "545215000", "totalRevenue": "756315000", "costOfRevenue": "211100000", "costofGoodsAndServicesSold": "211100000", "operatingIncome": "95690000", "sellingGeneralAndAdministrative": "109719000", "researchAndDevelopment": "38357000", "operatingExpenses": "449525000", "investmentIncomeNet": "None", "netInterestIncome": "None", "interestIncome": "None", "interestExpense": "14046000", "nonInterestIncome": "None", "otherNonOperatingIncome": "None", "depreciation": "None", "depreciationAndAmortization": "28663000", "incomeBeforeTax": "11894000", "incomeTaxExpense": "29889000", "interestAndDebtExpense": "None", "netIncomeFromContinuingOperations": "0", "comprehensiveIncomeNetOfTax": "None", "ebit": "96217000", "ebitda": "124880000", "netIncome": "-17996000"}, {"fiscalDateEnding": "2014-03-31", "reportedCurrency": "USD", "grossProfit": "531053000", "totalRevenue": "740247000", "costOfRevenue": "209194000", "costofGoodsAndServicesSold": "209194000", "operatingIncome": "71712000", "sellingGeneralAndAdministrative": "94816000", "researchAndDevelopment": "39016000", "operatingExpenses": "459341000", "investmentIncomeNet": "None", "netInterestIncome": "None", "interestIncome": "None", "interestExpense": "14064000", "nonInterestIncome": "None", "otherNonOperatingIncome": "None", "depreciation": "None", "depreciationAndAmortization": "26797000", "incomeBeforeTax": "55690000", "incomeTaxExpense": "21385000", "interestAndDebtExpense": "None", "netIncomeFromContinuingOperations": "0", "comprehensiveIncomeNetOfTax": "None", "ebit": "71685000", "ebitda": "98482000", "netIncome": "35885000"}, {"fiscalDateEnding": "2013-12-31", "reportedCurrency": "USD", "grossProfit": "501881000", "totalRevenue": "724455000", "costOfRevenue": "222574000", "costofGoodsAndServicesSold": "222574000", "operatingIncome": "112952000", "sellingGeneralAndAdministrative": "97254000", "researchAndDevelopment": "36929000", "operatingExpenses": "388929000", "investmentIncomeNet": "None", "netInterestIncome": "None", "interestIncome": "None", "interestExpense": "10652000", "nonInterestIncome": "None", "otherNonOperatingIncome": "None", "depreciation": "None", "depreciationAndAmortization": "28964000", "incomeBeforeTax": "112043000", "incomeTaxExpense": "33214000", "interestAndDebtExpense": "None", "netIncomeFromContinuingOperations": "0", "comprehensiveIncomeNetOfTax": "None", "ebit": "122695000", "ebitda": "151659000", "netIncome": "76917000"}, {"fiscalDateEnding": "2013-09-30", "reportedCurrency": "USD", "grossProfit": "508016000", "totalRevenue": "756872000", "costOfRevenue": "248856000", "costofGoodsAndServicesSold": "248856000", "operatingIncome": "122004000", "sellingGeneralAndAdministrative": "75977000", "researchAndDevelopment": "35232000", "operatingExpenses": "386012000", "investmentIncomeNet": "None", "netInterestIncome": "None", "interestIncome": "None", "interestExpense": "7623000", "nonInterestIncome": "None", "otherNonOperatingIncome": "None", "depreciation": "None", "depreciationAndAmortization": "26521000", "incomeBeforeTax": "127847000", "incomeTaxExpense": "36126000", "interestAndDebtExpense": "None", "netIncomeFromContinuingOperations": "0", "comprehensiveIncomeNetOfTax": "None", "ebit": "122636000", "ebitda": "149157000", "netIncome": "96940000"}, {"fiscalDateEnding": "2013-06-30", "reportedCurrency": "USD", "grossProfit": "526589000", "totalRevenue": "799411000", "costOfRevenue": "272822000", "costofGoodsAndServicesSold": "272822000", "operatingIncome": "106696000", "sellingGeneralAndAdministrative": "103515000", "researchAndDevelopment": "34052000", "operatingExpenses": "419893000", "investmentIncomeNet": "None", "netInterestIncome": "None", "interestIncome": "None", "interestExpense": "7658000", "nonInterestIncome": "None", "otherNonOperatingIncome": "None", "depreciation": "None", "depreciationAndAmortization": "35173000", "incomeBeforeTax": "97956000", "incomeTaxExpense": "39416000", "interestAndDebtExpense": "None", "netIncomeFromContinuingOperations": "0", "comprehensiveIncomeNetOfTax": "None", "ebit": "105614000", "ebitda": "140787000", "netIncome": "58290000"}, {"fiscalDateEnding": "2013-03-31", "reportedCurrency": "USD", "grossProfit": "487167000", "totalRevenue": "742249000", "costOfRevenue": "255082000", "costofGoodsAndServicesSold": "255082000", "operatingIncome": "84551000", "sellingGeneralAndAdministrative": "98026000", "researchAndDevelopment": "33582000", "operatingExpenses": "402616000", "investmentIncomeNet": "None", "netInterestIncome": "None", "interestIncome": "None", "interestExpense": "7663000", "nonInterestIncome": "None", "otherNonOperatingIncome": "None", "depreciation": "None", "depreciationAndAmortization": "28094000", "incomeBeforeTax": "78455000", "incomeTaxExpense": "25746000", "interestAndDebtExpense": "None", "netIncomeFromContinuingOperations": "0", "comprehensiveIncomeNetOfTax": "None", "ebit": "86118000", "ebitda": "114212000", "netIncome": "53637000"}, {"fiscalDateEnding": "2012-12-31", "reportedCurrency": "USD", "grossProfit": "494974000", "totalRevenue": "765251000", "costOfRevenue": "270277000", "costofGoodsAndServicesSold": "270277000", "operatingIncome": "85294000", "sellingGeneralAndAdministrative": "117118000", "researchAndDevelopment": "30768000", "operatingExpenses": "409680000", "investmentIncomeNet": "None", "netInterestIncome": "None", "interestIncome": "None", "interestExpense": "2047000", "nonInterestIncome": "None", "otherNonOperatingIncome": "None", "depreciation": "None", "depreciationAndAmortization": "32704000", "incomeBeforeTax": "80263000", "incomeTaxExpense": "35855000", "interestAndDebtExpense": "None", "netIncomeFromContinuingOperations": "None", "comprehensiveIncomeNetOfTax": "None", "ebit": "82310000", "ebitda": "115014000", "netIncome": "40739000"}, {"fiscalDateEnding": "2012-09-30", "reportedCurrency": "USD", "grossProfit": "452538000", "totalRevenue": "714470000", "costOfRevenue": "261932000", "costofGoodsAndServicesSold": "261932000", "operatingIncome": "78033000", "sellingGeneralAndAdministrative": "94876000", "researchAndDevelopment": "24504000", "operatingExpenses": "374505000", "investmentIncomeNet": "None", "netInterestIncome": "None", "interestIncome": "None", "interestExpense": "1391000", "nonInterestIncome": "None", "otherNonOperatingIncome": "None", "depreciation": "None", "depreciationAndAmortization": "18362000", "incomeBeforeTax": "73791000", "incomeTaxExpense": "27606000", "interestAndDebtExpense": "None", "netIncomeFromContinuingOperations": "None", "comprehensiveIncomeNetOfTax": "None", "ebit": "78977000", "ebitda": "97339000", "netIncome": "40717000"}, {"fiscalDateEnding": "2012-06-30", "reportedCurrency": "USD", "grossProfit": "443922000", "totalRevenue": "680612000", "costOfRevenue": "236690000", "costofGoodsAndServicesSold": "236690000", "operatingIncome": "97476000", "sellingGeneralAndAdministrative": "92231000", "researchAndDevelopment": "23115000", "operatingExpenses": "346446000", "investmentIncomeNet": "None", "netInterestIncome": "None", "interestIncome": "None", "interestExpense": "1364000", "nonInterestIncome": "None", "otherNonOperatingIncome": "None", "depreciation": "None", "depreciationAndAmortization": "18030000", "incomeBeforeTax": "76735000", "incomeTaxExpense": "28634000", "interestAndDebtExpense": "None", "netIncomeFromContinuingOperations": "None", "comprehensiveIncomeNetOfTax": "None", "ebit": "78099000", "ebitda": "96129000", "netIncome": "43332000"}, {"fiscalDateEnding": "2012-03-31", "reportedCurrency": "USD", "grossProfit": "417029000", "totalRevenue": "640600000", "costOfRevenue": "223571000", "costofGoodsAndServicesSold": "223571000", "operatingIncome": "62765000", "sellingGeneralAndAdministrative": "91788000", "researchAndDevelopment": "23482000", "operatingExpenses": "354264000", "investmentIncomeNet": "None", "netInterestIncome": "None", "interestIncome": "None", "interestExpense": "1347000", "nonInterestIncome": "None", "otherNonOperatingIncome": "None", "depreciation": "None", "depreciationAndAmortization": "19156000", "incomeBeforeTax": "58273000", "incomeTaxExpense": "27120000", "interestAndDebtExpense": "None", "netIncomeFromContinuingOperations": "None", "comprehensiveIncomeNetOfTax": "None", "ebit": "59620000", "ebitda": "78776000", "netIncome": "34478000"}, {"fiscalDateEnding": "2011-12-31", "reportedCurrency": "USD", "grossProfit": "378531000", "totalRevenue": "596943000", "costOfRevenue": "218412000", "costofGoodsAndServicesSold": "218412000", "operatingIncome": "55455000", "sellingGeneralAndAdministrative": "87256000", "researchAndDevelopment": "22202000", "operatingExpenses": "323076000", "investmentIncomeNet": "None", "netInterestIncome": "None", "interestIncome": "None", "interestExpense": "1295000", "nonInterestIncome": "None", "otherNonOperatingIncome": "None", "depreciation": "None", "depreciationAndAmortization": "26208000", "incomeBeforeTax": "44195000", "incomeTaxExpense": "2397000", "interestAndDebtExpense": "None", "netIncomeFromContinuingOperations": "None", "comprehensiveIncomeNetOfTax": "None", "ebit": "45490000", "ebitda": "71698000", "netIncome": "48766000"}, {"fiscalDateEnding": "2011-09-30", "reportedCurrency": "USD", "grossProfit": "328242000", "totalRevenue": "516884000", "costOfRevenue": "188642000", "costofGoodsAndServicesSold": "188642000", "operatingIncome": "46740000", "sellingGeneralAndAdministrative": "84628000", "researchAndDevelopment": "21556000", "operatingExpenses": "281502000", "investmentIncomeNet": "None", "netInterestIncome": "None", "interestIncome": "None", "interestExpense": "1425000", "nonInterestIncome": "None", "otherNonOperatingIncome": "None", "depreciation": "None", "depreciationAndAmortization": "22022000", "incomeBeforeTax": "35970000", "incomeTaxExpense": "-32003000", "interestAndDebtExpense": "None", "netIncomeFromContinuingOperations": "None", "comprehensiveIncomeNetOfTax": "None", "ebit": "37395000", "ebitda": "59417000", "netIncome": "64973000"}, {"fiscalDateEnding": "2011-06-30", "reportedCurrency": "USD", "grossProfit": "303932000", "totalRevenue": "485404000", "costOfRevenue": "181472000", "costofGoodsAndServicesSold": "181472000", "operatingIncome": "58231000", "sellingGeneralAndAdministrative": "80553000", "researchAndDevelopment": "17280000", "operatingExpenses": "245701000", "investmentIncomeNet": "None", "netInterestIncome": "None", "interestIncome": "None", "interestExpense": "1355000", "nonInterestIncome": "None", "otherNonOperatingIncome": "None", "depreciation": "None", "depreciationAndAmortization": "14650000", "incomeBeforeTax": "55148000", "incomeTaxExpense": "9518000", "interestAndDebtExpense": "None", "netIncomeFromContinuingOperations": "None", "comprehensiveIncomeNetOfTax": "None", "ebit": "56503000", "ebitda": "71153000", "netIncome": "42424000"}, {"fiscalDateEnding": "2011-03-31", "reportedCurrency": "USD", "grossProfit": "287495000", "totalRevenue": "460213000", "costOfRevenue": "172718000", "costofGoodsAndServicesSold": "172718000", "operatingIncome": "37336000", "sellingGeneralAndAdministrative": "76291000", "researchAndDevelopment": "17722000", "operatingExpenses": "250159000", "investmentIncomeNet": "None", "netInterestIncome": "None", "interestIncome": "None", "interestExpense": "1355000", "nonInterestIncome": "None", "otherNonOperatingIncome": "None", "depreciation": "None", "depreciationAndAmortization": "15896000", "incomeBeforeTax": "36209000", "incomeTaxExpense": "16041000", "interestAndDebtExpense": "None", "netIncomeFromContinuingOperations": "None", "comprehensiveIncomeNetOfTax": "None", "ebit": "37564000", "ebitda": "53460000", "netIncome": "18070000"}, {"fiscalDateEnding": "2010-12-31", "reportedCurrency": "USD", "grossProfit": "255267000", "totalRevenue": "426379000", "costOfRevenue": "171112000", "costofGoodsAndServicesSold": "171112000", "operatingIncome": "-13392000", "sellingGeneralAndAdministrative": "80113000", "researchAndDevelopment": "17123000", "operatingExpenses": "240627000", "investmentIncomeNet": "None", "netInterestIncome": "None", "interestIncome": "None", "interestExpense": "1437000", "nonInterestIncome": "None", "otherNonOperatingIncome": "None", "depreciation": "None", "depreciationAndAmortization": "30338000", "incomeBeforeTax": "-19482000", "incomeTaxExpense": "8294000", "interestAndDebtExpense": "None", "netIncomeFromContinuingOperations": "None", "comprehensiveIncomeNetOfTax": "None", "ebit": "17792000", "ebitda": "48130000", "netIncome": "86964000"}, {"fiscalDateEnding": "2010-09-30", "reportedCurrency": "USD", "grossProfit": "273094000", "totalRevenue": "421652000", "costOfRevenue": "148558000", "costofGoodsAndServicesSold": "148558000", "operatingIncome": "35934000", "sellingGeneralAndAdministrative": "78327000", "researchAndDevelopment": "17812000", "operatingExpenses": "237160000", "investmentIncomeNet": "None", "netInterestIncome": "None", "interestIncome": "None", "interestExpense": "1321000", "nonInterestIncome": "None", "otherNonOperatingIncome": "None", "depreciation": "None", "depreciationAndAmortization": "17674000", "incomeBeforeTax": "36202000", "incomeTaxExpense": "14820000", "interestAndDebtExpense": "None", "netIncomeFromContinuingOperations": "None", "comprehensiveIncomeNetOfTax": "None", "ebit": "38503000", "ebitda": "56177000", "netIncome": "17509000"}, {"fiscalDateEnding": "2010-06-30", "reportedCurrency": "USD", "grossProfit": "258529000", "totalRevenue": "402858000", "costOfRevenue": "144329000", "costofGoodsAndServicesSold": "144329000", "operatingIncome": "23726000", "sellingGeneralAndAdministrative": "77336000", "researchAndDevelopment": "15345000", "operatingExpenses": "234803000", "investmentIncomeNet": "None", "netInterestIncome": "None", "interestIncome": "None", "interestExpense": "1323000", "nonInterestIncome": "None", "otherNonOperatingIncome": "None", "depreciation": "None", "depreciationAndAmortization": "22113000", "incomeBeforeTax": "19820000", "incomeTaxExpense": "4956000", "interestAndDebtExpense": "None", "netIncomeFromContinuingOperations": "None", "comprehensiveIncomeNetOfTax": "None", "ebit": "21325000", "ebitda": "43438000", "netIncome": "13591000"}, {"fiscalDateEnding": "2010-03-31", "reportedCurrency": "USD", "grossProfit": "249771000", "totalRevenue": "385926000", "costOfRevenue": "136155000", "costofGoodsAndServicesSold": "136155000", "operatingIncome": "3527000", "sellingGeneralAndAdministrative": "77231000", "researchAndDevelopment": "16617000", "operatingExpenses": "246244000", "investmentIncomeNet": "None", "netInterestIncome": "None", "interestIncome": "None", "interestExpense": "1323000", "nonInterestIncome": "None", "otherNonOperatingIncome": "None", "depreciation": "None", "depreciationAndAmortization": "21244000", "incomeBeforeTax": "-13854000", "incomeTaxExpense": "4009000", "interestAndDebtExpense": "None", "netIncomeFromContinuingOperations": "None", "comprehensiveIncomeNetOfTax": "None", "ebit": "-17717000", "ebitda": "3527000", "netIncome": "-18705000"}, {"fiscalDateEnding": "2009-12-31", "reportedCurrency": "USD", "grossProfit": "244307000", "totalRevenue": "367156000", "costOfRevenue": "122849000", "costofGoodsAndServicesSold": "122849000", "operatingIncome": "-1036410000", "sellingGeneralAndAdministrative": "76724000", "researchAndDevelopment": "15046000", "operatingExpenses": "363849000", "investmentIncomeNet": "None", "netInterestIncome": "None", "interestIncome": "None", "interestExpense": "1753000", "nonInterestIncome": "None", "otherNonOperatingIncome": "None", "depreciation": "None", "depreciationAndAmortization": "147613000", "incomeBeforeTax": "-1057787000", "incomeTaxExpense": "-52248000", "interestAndDebtExpense": "None", "netIncomeFromContinuingOperations": "None", "comprehensiveIncomeNetOfTax": "None", "ebit": "-1056034000", "ebitda": "-908421000", "netIncome": "-1012931000"}, {"fiscalDateEnding": "2009-09-30", "reportedCurrency": "USD", "grossProfit": "229279000", "totalRevenue": "336577000", "costOfRevenue": "107298000", "costofGoodsAndServicesSold": "107298000", "operatingIncome": "7121000", "sellingGeneralAndAdministrative": "70134000", "researchAndDevelopment": "14751000", "operatingExpenses": "222158000", "investmentIncomeNet": "None", "netInterestIncome": "None", "interestIncome": "None", "interestExpense": "1345000", "nonInterestIncome": "None", "otherNonOperatingIncome": "None", "depreciation": "None", "depreciationAndAmortization": "30538000", "incomeBeforeTax": "58081000", "incomeTaxExpense": "34269000", "interestAndDebtExpense": "None", "netIncomeFromContinuingOperations": "None", "comprehensiveIncomeNetOfTax": "None", "ebit": "5534000", "ebitda": "36072000", "netIncome": "21682000"}, {"fiscalDateEnding": "2009-06-30", "reportedCurrency": "USD", "grossProfit": "233324000", "totalRevenue": "340045000", "costOfRevenue": "106721000", "costofGoodsAndServicesSold": "106721000", "operatingIncome": "3907000", "sellingGeneralAndAdministrative": "68970000", "researchAndDevelopment": "16422000", "operatingExpenses": "229417000", "investmentIncomeNet": "None", "netInterestIncome": "None", "interestIncome": "None", "interestExpense": "1261000", "nonInterestIncome": "None", "otherNonOperatingIncome": "None", "depreciation": "None", "depreciationAndAmortization": "24923000", "incomeBeforeTax": "64736000", "incomeTaxExpense": "22143000", "interestAndDebtExpense": "None", "netIncomeFromContinuingOperations": "None", "comprehensiveIncomeNetOfTax": "None", "ebit": "65997000", "ebitda": "90920000", "netIncome": "40813000"}, {"fiscalDateEnding": "2009-03-31", "reportedCurrency": "USD", "grossProfit": "208401000", "totalRevenue": "332010000", "costOfRevenue": "123609000", "costofGoodsAndServicesSold": "123609000", "operatingIncome": "-33124000", "sellingGeneralAndAdministrative": "73634000", "researchAndDevelopment": "18088000", "operatingExpenses": "240469000", "investmentIncomeNet": "None", "netInterestIncome": "None", "interestIncome": "None", "interestExpense": "1464000", "nonInterestIncome": "None", "otherNonOperatingIncome": "None", "depreciation": "None", "depreciationAndAmortization": "24229000", "incomeBeforeTax": "-32561000", "incomeTaxExpense": "-2679000", "interestAndDebtExpense": "None", "netIncomeFromContinuingOperations": "None", "comprehensiveIncomeNetOfTax": "None", "ebit": "-31097000", "ebitda": "-6868000", "netIncome": "-28386000"}, {"fiscalDateEnding": "2008-12-31", "reportedCurrency": "USD", "grossProfit": "230975000", "totalRevenue": "350995000", "costOfRevenue": "120020000", "costofGoodsAndServicesSold": "120020000", "operatingIncome": "-21781000", "sellingGeneralAndAdministrative": "343504000", "researchAndDevelopment": "65457000", "operatingExpenses": "252756000", "investmentIncomeNet": "None", "netInterestIncome": "None", "interestIncome": "None", "interestExpense": "587462000", "nonInterestIncome": "None", "otherNonOperatingIncome": "None", "depreciation": "None", "depreciationAndAmortization": "26881000", "incomeBeforeTax": "286412000", "incomeTaxExpense": "65876000", "interestAndDebtExpense": "None", "netIncomeFromContinuingOperations": "None", "comprehensiveIncomeNetOfTax": "None", "ebit": "-21781000", "ebitda": "5100000", "netIncome": "227417000"}, {"fiscalDateEnding": "2008-09-30", "reportedCurrency": "USD", "grossProfit": "235070000", "totalRevenue": "369280000", "costOfRevenue": "134210000", "costofGoodsAndServicesSold": "134210000", "operatingIncome": "-22638000", "sellingGeneralAndAdministrative": "110997000", "researchAndDevelopment": "18379000", "operatingExpenses": "257708000", "investmentIncomeNet": "None", "netInterestIncome": "None", "interestIncome": "None", "interestExpense": "358560000", "nonInterestIncome": "None", "otherNonOperatingIncome": "None", "depreciation": "None", "depreciationAndAmortization": "-180607000", "incomeBeforeTax": "-86602000", "incomeTaxExpense": "-85335000", "interestAndDebtExpense": "None", "netIncomeFromContinuingOperations": "None", "comprehensiveIncomeNetOfTax": "None", "ebit": "157969000", "ebitda": "-22638000", "netIncome": "-14837000"}, {"fiscalDateEnding": "2008-06-30", "reportedCurrency": "USD", "grossProfit": "725540000", "totalRevenue": "1595331000", "costOfRevenue": "869791000", "costofGoodsAndServicesSold": "869791000", "operatingIncome": "-393992000", "sellingGeneralAndAdministrative": "226164000", "researchAndDevelopment": "17054000", "operatingExpenses": "1119532000", "investmentIncomeNet": "None", "netInterestIncome": "None", "interestIncome": "None", "interestExpense": "530999000", "nonInterestIncome": "None", "otherNonOperatingIncome": "None", "depreciation": "None", "depreciationAndAmortization": "188640000", "incomeBeforeTax": "-494542000", "incomeTaxExpense": "-49514000", "interestAndDebtExpense": "None", "netIncomeFromContinuingOperations": "None", "comprehensiveIncomeNetOfTax": "None", "ebit": "-256526000", "ebitda": "-67886000", "netIncome": "-421597000"}, {"fiscalDateEnding": "2008-03-31", "reportedCurrency": "USD", "grossProfit": "739935000", "totalRevenue": "1602349000", "costOfRevenue": "862414000", "costofGoodsAndServicesSold": "862414000", "operatingIncome": "70012000", "sellingGeneralAndAdministrative": "219878000", "researchAndDevelopment": "21452000", "operatingExpenses": "669923000", "investmentIncomeNet": "None", "netInterestIncome": "None", "interestIncome": "None", "interestExpense": "11978000", "nonInterestIncome": "None", "otherNonOperatingIncome": "None", "depreciation": "None", "depreciationAndAmortization": "80055000", "incomeBeforeTax": "86149000", "incomeTaxExpense": "36809000", "interestAndDebtExpense": "None", "netIncomeFromContinuingOperations": "None", "comprehensiveIncomeNetOfTax": "None", "ebit": "-42173000", "ebitda": "37882000", "netIncome": "52816000"}, {"fiscalDateEnding": "2007-12-31", "reportedCurrency": "USD", "grossProfit": "836186000", "totalRevenue": "1852502000", "costOfRevenue": "1016316000", "costofGoodsAndServicesSold": "1016316000", "operatingIncome": "-405655000", "sellingGeneralAndAdministrative": "None", "researchAndDevelopment": "None", "operatingExpenses": "1241841000", "investmentIncomeNet": "None", "netInterestIncome": "None", "interestIncome": "None", "interestExpense": "414218000", "nonInterestIncome": "None", "otherNonOperatingIncome": "None", "depreciation": "None", "depreciationAndAmortization": "114094000", "incomeBeforeTax": "-363562000", "incomeTaxExpense": "27752000", "interestAndDebtExpense": "None", "netIncomeFromContinuingOperations": "None", "comprehensiveIncomeNetOfTax": "None", "ebit": "-405655000", "ebitda": "-291561000", "netIncome": "-373896000"}, {"fiscalDateEnding": "2007-09-30", "reportedCurrency": "USD", "grossProfit": "714244000", "totalRevenue": "1515833000", "costOfRevenue": "801589000", "costofGoodsAndServicesSold": "801589000", "operatingIncome": "104137000", "sellingGeneralAndAdministrative": "208667000", "researchAndDevelopment": "None", "operatingExpenses": "610107000", "investmentIncomeNet": "None", "netInterestIncome": "None", "interestIncome": "None", "interestExpense": "26556000", "nonInterestIncome": "None", "otherNonOperatingIncome": "None", "depreciation": "None", "depreciationAndAmortization": "84691000", "incomeBeforeTax": "120213000", "incomeTaxExpense": "48160000", "interestAndDebtExpense": "None", "netIncomeFromContinuingOperations": "None", "comprehensiveIncomeNetOfTax": "None", "ebit": "-48552000", "ebitda": "36139000", "netIncome": "70471000"}, {"fiscalDateEnding": "2007-06-30", "reportedCurrency": "USD", "grossProfit": "727571000", "totalRevenue": "1512394000", "costOfRevenue": "784823000", "costofGoodsAndServicesSold": "784823000", "operatingIncome": "54371000", "sellingGeneralAndAdministrative": "205949000", "researchAndDevelopment": "None", "operatingExpenses": "673200000", "investmentIncomeNet": "None", "netInterestIncome": "None", "interestIncome": "None", "interestExpense": "72274000", "nonInterestIncome": "None", "otherNonOperatingIncome": "None", "depreciation": "None", "depreciationAndAmortization": "92909000", "incomeBeforeTax": "70885000", "incomeTaxExpense": "23855000", "interestAndDebtExpense": "None", "netIncomeFromContinuingOperations": "None", "comprehensiveIncomeNetOfTax": "None", "ebit": "47553000", "ebitda": "140462000", "netIncome": "94603000"}, {"fiscalDateEnding": "2007-03-31", "reportedCurrency": "USD", "grossProfit": "756508000", "totalRevenue": "1594968000", "costOfRevenue": "838460000", "costofGoodsAndServicesSold": "838460000", "operatingIncome": "92967000", "sellingGeneralAndAdministrative": "212010000", "researchAndDevelopment": "None", "operatingExpenses": "663541000", "investmentIncomeNet": "None", "netInterestIncome": "None", "interestIncome": "None", "interestExpense": "10456000", "nonInterestIncome": "None", "otherNonOperatingIncome": "None", "depreciation": "None", "depreciationAndAmortization": "71117000", "incomeBeforeTax": "106502000", "incomeTaxExpense": "40532000", "interestAndDebtExpense": "None", "netIncomeFromContinuingOperations": "None", "comprehensiveIncomeNetOfTax": "None", "ebit": "85446000", "ebitda": "156563000", "netIncome": "60750000"}, {"fiscalDateEnding": "2006-12-31", "reportedCurrency": "USD", "grossProfit": "825402000", "totalRevenue": "1514994000", "costOfRevenue": "689592000", "costofGoodsAndServicesSold": "689592000", "operatingIncome": "-10898000", "sellingGeneralAndAdministrative": "786864000", "researchAndDevelopment": "None", "operatingExpenses": "836300000", "investmentIncomeNet": "None", "netInterestIncome": "None", "interestIncome": "None", "interestExpense": "175802000", "nonInterestIncome": "None", "otherNonOperatingIncome": "None", "depreciation": "None", "depreciationAndAmortization": "93137000", "incomeBeforeTax": "-7258000", "incomeTaxExpense": "-6219000", "interestAndDebtExpense": "None", "netIncomeFromContinuingOperations": "None", "comprehensiveIncomeNetOfTax": "None", "ebit": "-10898000", "ebitda": "82239000", "netIncome": "16699000"}, {"fiscalDateEnding": "2006-09-30", "reportedCurrency": "USD", "grossProfit": "749394000", "totalRevenue": "1602971000", "costOfRevenue": "853577000", "costofGoodsAndServicesSold": "853577000", "operatingIncome": "109546000", "sellingGeneralAndAdministrative": "209851000", "researchAndDevelopment": "None", "operatingExpenses": "639848000", "investmentIncomeNet": "None", "netInterestIncome": "None", "interestIncome": "None", "interestExpense": "5243000", "nonInterestIncome": "None", "otherNonOperatingIncome": "None", "depreciation": "None", "depreciationAndAmortization": "69612000", "incomeBeforeTax": "123256000", "incomeTaxExpense": "54180000", "interestAndDebtExpense": "None", "netIncomeFromContinuingOperations": "None", "comprehensiveIncomeNetOfTax": "None", "ebit": "120567000", "ebitda": "190179000", "netIncome": "74945000"}, {"fiscalDateEnding": "2006-06-30", "reportedCurrency": "USD", "grossProfit": "756079000", "totalRevenue": "1612322000", "costOfRevenue": "856243000", "costofGoodsAndServicesSold": "856243000", "operatingIncome": "81221000", "sellingGeneralAndAdministrative": "207246000", "researchAndDevelopment": "None", "operatingExpenses": "674858000", "investmentIncomeNet": "None", "netInterestIncome": "None", "interestIncome": "None", "interestExpense": "23676000", "nonInterestIncome": "None", "otherNonOperatingIncome": "None", "depreciation": "None", "depreciationAndAmortization": "119099000", "incomeBeforeTax": "101182000", "incomeTaxExpense": "42888000", "interestAndDebtExpense": "None", "netIncomeFromContinuingOperations": "None", "comprehensiveIncomeNetOfTax": "None", "ebit": "74635000", "ebitda": "193734000", "netIncome": "53808000"}, {"fiscalDateEnding": "2006-03-31", "reportedCurrency": "USD", "grossProfit": "728760000", "totalRevenue": "1550578000", "costOfRevenue": "821818000", "costofGoodsAndServicesSold": "821818000", "operatingIncome": "73711000", "sellingGeneralAndAdministrative": "191624000", "researchAndDevelopment": "None", "operatingExpenses": "655049000", "investmentIncomeNet": "None", "netInterestIncome": "None", "interestIncome": "None", "interestExpense": "3583000", "nonInterestIncome": "None", "otherNonOperatingIncome": "None", "depreciation": "None", "depreciationAndAmortization": "124052000", "incomeBeforeTax": "82419000", "incomeTaxExpense": "34376000", "interestAndDebtExpense": "None", "netIncomeFromContinuingOperations": "None", "comprehensiveIncomeNetOfTax": "None", "ebit": "-50341000", "ebitda": "73711000", "netIncome": "47183000"}, {"fiscalDateEnding": "2005-12-31", "reportedCurrency": "USD", "grossProfit": "818552000", "totalRevenue": "1706842000", "costOfRevenue": "888290000", "costofGoodsAndServicesSold": "888290000", "operatingIncome": "200075000", "sellingGeneralAndAdministrative": "666044000", "researchAndDevelopment": "None", "operatingExpenses": "618477000", "investmentIncomeNet": "None", "netInterestIncome": "None", "interestIncome": "None", "interestExpense": "130442000", "nonInterestIncome": "None", "otherNonOperatingIncome": "None", "depreciation": "None", "depreciationAndAmortization": "136579000", "incomeBeforeTax": "202745000", "incomeTaxExpense": "79417000", "interestAndDebtExpense": "None", "netIncomeFromContinuingOperations": "None", "comprehensiveIncomeNetOfTax": "None", "ebit": "200075000", "ebitda": "336654000", "netIncome": "113067000"}, {"fiscalDateEnding": "2005-09-30", "reportedCurrency": "USD", "grossProfit": "679147000", "totalRevenue": "1483297000", "costOfRevenue": "804150000", "costofGoodsAndServicesSold": "804150000", "operatingIncome": "21317000", "sellingGeneralAndAdministrative": "168234000", "researchAndDevelopment": "None", "operatingExpenses": "657830000", "investmentIncomeNet": "None", "netInterestIncome": "None", "interestIncome": "None", "interestExpense": "110045000", "nonInterestIncome": "None", "otherNonOperatingIncome": "None", "depreciation": "None", "depreciationAndAmortization": "24232000", "incomeBeforeTax": "44534000", "incomeTaxExpense": "7635000", "interestAndDebtExpense": "None", "netIncomeFromContinuingOperations": "None", "comprehensiveIncomeNetOfTax": "None", "ebit": "100292000", "ebitda": "124524000", "netIncome": "68077000"}, {"fiscalDateEnding": "2005-06-30", "reportedCurrency": "USD", "grossProfit": "1054793000", "totalRevenue": "1960216000", "costOfRevenue": "905423000", "costofGoodsAndServicesSold": "905423000", "operatingIncome": "172551000", "sellingGeneralAndAdministrative": "234947000", "researchAndDevelopment": "None", "operatingExpenses": "882242000", "investmentIncomeNet": "None", "netInterestIncome": "None", "interestIncome": "None", "interestExpense": "1275639000", "nonInterestIncome": "None", "otherNonOperatingIncome": "None", "depreciation": "None", "depreciationAndAmortization": "195590000", "incomeBeforeTax": "785039000", "incomeTaxExpense": "304327000", "interestAndDebtExpense": "None", "netIncomeFromContinuingOperations": "None", "comprehensiveIncomeNetOfTax": "None", "ebit": "-37182000", "ebitda": "158408000", "netIncome": "618119000"}, {"fiscalDateEnding": "2005-03-31", "reportedCurrency": "USD", "grossProfit": "870201000", "totalRevenue": "1647097000", "costOfRevenue": "776896000", "costofGoodsAndServicesSold": "776896000", "operatingIncome": "127638000", "sellingGeneralAndAdministrative": "216066000", "researchAndDevelopment": "None", "operatingExpenses": "770105000", "investmentIncomeNet": "None", "netInterestIncome": "None", "interestIncome": "None", "interestExpense": "46083000", "nonInterestIncome": "None", "otherNonOperatingIncome": "None", "depreciation": "None", "depreciationAndAmortization": "187213000", "incomeBeforeTax": "143742000", "incomeTaxExpense": "73967000", "interestAndDebtExpense": "None", "netIncomeFromContinuingOperations": "None", "comprehensiveIncomeNetOfTax": "None", "ebit": "-35807000", "ebitda": "151406000", "netIncome": "68949000"}, {"fiscalDateEnding": "2004-12-31", "reportedCurrency": "USD", "grossProfit": "919265000", "totalRevenue": "1715710000", "costOfRevenue": "796445000", "costofGoodsAndServicesSold": "796445000", "operatingIncome": "-32175000", "sellingGeneralAndAdministrative": "746853000", "researchAndDevelopment": "None", "operatingExpenses": "954319000", "investmentIncomeNet": "None", "netInterestIncome": "None", "interestIncome": "None", "interestExpense": "143462000", "nonInterestIncome": "None", "otherNonOperatingIncome": "None", "depreciation": "None", "depreciationAndAmortization": "237188000", "incomeBeforeTax": "-5841000", "incomeTaxExpense": "45988000", "interestAndDebtExpense": "None", "netIncomeFromContinuingOperations": "None", "comprehensiveIncomeNetOfTax": "None", "ebit": "-35054000", "ebitda": "202134000", "netIncome": "-42603000"}]}