{"symbol": "MGM", "annualReports": [{"fiscalDateEnding": "2024-12-31", "reportedCurrency": "USD", "grossProfit": "7847004000", "totalRevenue": "17240545000", "costOfRevenue": "9393541000", "costofGoodsAndServicesSold": "9393541000", "operatingIncome": "1490456000", "sellingGeneralAndAdministrative": "4825313000", "researchAndDevelopment": "None", "operatingExpenses": "6356548000", "investmentIncomeNet": "None", "netInterestIncome": "-443230000", "interestIncome": "None", "interestExpense": "443230000", "nonInterestIncome": "None", "otherNonOperatingIncome": "None", "depreciation": "None", "depreciationAndAmortization": "831097000", "incomeBeforeTax": "1117065000", "incomeTaxExpense": "52457000", "interestAndDebtExpense": "None", "netIncomeFromContinuingOperations": "1064608000", "comprehensiveIncomeNetOfTax": "None", "ebit": "1560295000", "ebitda": "2391392000", "netIncome": "746558000"}, {"fiscalDateEnding": "2023-12-31", "reportedCurrency": "USD", "grossProfit": "7610687000", "totalRevenue": "16164249000", "costOfRevenue": "8553562000", "costofGoodsAndServicesSold": "8553562000", "operatingIncome": "1891497000", "sellingGeneralAndAdministrative": "4914056000", "researchAndDevelopment": "None", "operatingExpenses": "5719190000", "investmentIncomeNet": "None", "netInterestIncome": "-490547000", "interestIncome": "None", "interestExpense": "460293000", "nonInterestIncome": "None", "otherNonOperatingIncome": "None", "depreciation": "None", "depreciationAndAmortization": "814128000", "incomeBeforeTax": "1472763000", "incomeTaxExpense": "157839000", "interestAndDebtExpense": "None", "netIncomeFromContinuingOperations": "615298000", "comprehensiveIncomeNetOfTax": "None", "ebit": "1933056000", "ebitda": "2747184000", "netIncome": "1142180000"}, {"fiscalDateEnding": "2022-12-31", "reportedCurrency": "USD", "grossProfit": "6474502000", "totalRevenue": "13127485000", "costOfRevenue": "6652983000", "costofGoodsAndServicesSold": "6652983000", "operatingIncome": "-1814115000", "sellingGeneralAndAdministrative": "4226617000", "researchAndDevelopment": "None", "operatingExpenses": "8187785000", "investmentIncomeNet": "None", "netInterestIncome": "-594954000", "interestIncome": "618411000", "interestExpense": "594954000", "nonInterestIncome": "None", "otherNonOperatingIncome": "59381000", "depreciation": "None", "depreciationAndAmortization": "3919653000", "incomeBeforeTax": "903799000", "incomeTaxExpense": "697068000", "interestAndDebtExpense": "None", "netIncomeFromContinuingOperations": "206731000", "comprehensiveIncomeNetOfTax": "None", "ebit": "-2152762000", "ebitda": "1766891000", "netIncome": "206731000"}, {"fiscalDateEnding": "2021-12-31", "reportedCurrency": "USD", "grossProfit": "4649531000", "totalRevenue": "9680140000", "costOfRevenue": "5030609000", "costofGoodsAndServicesSold": "5030609000", "operatingIncome": "631332000", "sellingGeneralAndAdministrative": "2507239000", "researchAndDevelopment": "None", "operatingExpenses": "4085720000", "investmentIncomeNet": "None", "netInterestIncome": "-799593000", "interestIncome": "882836000", "interestExpense": "799593000", "nonInterestIncome": "None", "otherNonOperatingIncome": "-17302000", "depreciation": "None", "depreciationAndAmortization": "1339527000", "incomeBeforeTax": "1461804000", "incomeTaxExpense": "253415000", "interestAndDebtExpense": "None", "netIncomeFromContinuingOperations": "1208389000", "comprehensiveIncomeNetOfTax": "None", "ebit": "374894000", "ebitda": "1714421000", "netIncome": "1254370000"}, {"fiscalDateEnding": "2020-12-31", "reportedCurrency": "USD", "grossProfit": "1709371000", "totalRevenue": "5162082000", "costOfRevenue": "3452711000", "costofGoodsAndServicesSold": "3452711000", "operatingIncome": "-2083750000", "sellingGeneralAndAdministrative": "2122333000", "researchAndDevelopment": "None", "operatingExpenses": "3793121000", "investmentIncomeNet": "None", "netInterestIncome": "-676380000", "interestIncome": "779684000", "interestExpense": "676380000", "nonInterestIncome": "None", "otherNonOperatingIncome": "-192665000", "depreciation": "None", "depreciationAndAmortization": "1393955000", "incomeBeforeTax": "-1511479000", "incomeTaxExpense": "-191572000", "interestAndDebtExpense": "None", "netIncomeFromContinuingOperations": "-1319907000", "comprehensiveIncomeNetOfTax": "None", "ebit": "-835099000", "ebitda": "558856000", "netIncome": "-1319907000"}, {"fiscalDateEnding": "2019-12-31", "reportedCurrency": "USD", "grossProfit": "5296183000", "totalRevenue": "12899672000", "costOfRevenue": "7603489000", "costofGoodsAndServicesSold": "7603489000", "operatingIncome": "3940215000", "sellingGeneralAndAdministrative": "2101217000", "researchAndDevelopment": "None", "operatingExpenses": "1199687000", "investmentIncomeNet": "None", "netInterestIncome": "-847932000", "interestIncome": "910228000", "interestExpense": "847932000", "nonInterestIncome": "None", "otherNonOperatingIncome": "-245558000", "depreciation": "None", "depreciationAndAmortization": "1376433000", "incomeBeforeTax": "2846725000", "incomeTaxExpense": "632345000", "interestAndDebtExpense": "None", "netIncomeFromContinuingOperations": "2214380000", "comprehensiveIncomeNetOfTax": "None", "ebit": "1346716000", "ebitda": "2723149000", "netIncome": "2049146000"}, {"fiscalDateEnding": "2018-12-31", "reportedCurrency": "USD", "grossProfit": "4844221000", "totalRevenue": "11763096000", "costOfRevenue": "6918875000", "costofGoodsAndServicesSold": "6918875000", "operatingIncome": "1469486000", "sellingGeneralAndAdministrative": "1764638000", "researchAndDevelopment": "0", "operatingExpenses": "3513278000", "investmentIncomeNet": "None", "netInterestIncome": "-769513000", "interestIncome": "817340000", "interestExpense": "769513000", "nonInterestIncome": "None", "otherNonOperatingIncome": "-65967000", "depreciation": "None", "depreciationAndAmortization": "1178044000", "incomeBeforeTax": "634006000", "incomeTaxExpense": "50112000", "interestAndDebtExpense": "None", "netIncomeFromContinuingOperations": "583894000", "comprehensiveIncomeNetOfTax": "None", "ebit": "1330943000", "ebitda": "2508987000", "netIncome": "466772000"}, {"fiscalDateEnding": "2017-12-31", "reportedCurrency": "USD", "grossProfit": "4604357000", "totalRevenue": "10797479000", "costOfRevenue": "6193122000", "costofGoodsAndServicesSold": "6193122000", "operatingIncome": "1712527000", "sellingGeneralAndAdministrative": "1559575000", "researchAndDevelopment": "0", "operatingExpenses": "3028402000", "investmentIncomeNet": "None", "netInterestIncome": "-668745000", "interestIncome": "703496000", "interestExpense": "668745000", "nonInterestIncome": "None", "otherNonOperatingIncome": "-82992000", "depreciation": "None", "depreciationAndAmortization": "993480000", "incomeBeforeTax": "960790000", "incomeTaxExpense": "-1127394000", "interestAndDebtExpense": "None", "netIncomeFromContinuingOperations": "2096418000", "comprehensiveIncomeNetOfTax": "None", "ebit": "1575955000", "ebitda": "2569435000", "netIncome": "1952052000"}, {"fiscalDateEnding": "2016-12-31", "reportedCurrency": "USD", "grossProfit": "3959459000", "totalRevenue": "9455123000", "costOfRevenue": "5495664000", "costofGoodsAndServicesSold": "5495664000", "operatingIncome": "2079787000", "sellingGeneralAndAdministrative": "1378617000", "researchAndDevelopment": "0", "operatingExpenses": "2680993000", "investmentIncomeNet": "None", "netInterestIncome": "-694773000", "interestIncome": "747912000", "interestExpense": "694773000", "nonInterestIncome": "None", "otherNonOperatingIncome": "-125837000", "depreciation": "None", "depreciationAndAmortization": "849527000", "incomeBeforeTax": "1259177000", "incomeTaxExpense": "22299000", "interestAndDebtExpense": "None", "netIncomeFromContinuingOperations": "1236878000", "comprehensiveIncomeNetOfTax": "None", "ebit": "1953950000", "ebitda": "2803477000", "netIncome": "1101440000"}, {"fiscalDateEnding": "2015-12-31", "reportedCurrency": "USD", "grossProfit": "3564692000", "totalRevenue": "9190068000", "costOfRevenue": "5625376000", "costofGoodsAndServicesSold": "5625376000", "operatingIncome": "-156232000", "sellingGeneralAndAdministrative": "1309104000", "researchAndDevelopment": "0", "operatingExpenses": "2474865000", "investmentIncomeNet": "None", "netInterestIncome": "None", "interestIncome": "874041000", "interestExpense": "797579000", "nonInterestIncome": "None", "otherNonOperatingIncome": "-92432000", "depreciation": "None", "depreciationAndAmortization": "819883000", "incomeBeforeTax": "-1046243000", "incomeTaxExpense": "-6594000", "interestAndDebtExpense": "None", "netIncomeFromContinuingOperations": "-1039649000", "comprehensiveIncomeNetOfTax": "None", "ebit": "-248664000", "ebitda": "571219000", "netIncome": "-447720000"}, {"fiscalDateEnding": "2014-12-31", "reportedCurrency": "USD", "grossProfit": "3713286000", "totalRevenue": "10081984000", "costOfRevenue": "6368698000", "costofGoodsAndServicesSold": "6368698000", "operatingIncome": "1323538000", "sellingGeneralAndAdministrative": "1318749000", "researchAndDevelopment": "0", "operatingExpenses": "2412582000", "investmentIncomeNet": "None", "netInterestIncome": "None", "interestIncome": "None", "interestExpense": "817061000", "nonInterestIncome": "None", "otherNonOperatingIncome": "-95591000", "depreciation": "None", "depreciationAndAmortization": "815765000", "incomeBeforeTax": "410886000", "incomeTaxExpense": "283708000", "interestAndDebtExpense": "None", "netIncomeFromContinuingOperations": "127178000", "comprehensiveIncomeNetOfTax": "None", "ebit": "1300704000", "ebitda": "2116469000", "netIncome": "-149873000"}, {"fiscalDateEnding": "2013-12-31", "reportedCurrency": "USD", "grossProfit": "3550947000", "totalRevenue": "9809663000", "costOfRevenue": "6258716000", "costofGoodsAndServicesSold": "6258716000", "operatingIncome": "1111512000", "sellingGeneralAndAdministrative": "1278450000", "researchAndDevelopment": "0", "operatingExpenses": "2357734000", "investmentIncomeNet": "None", "netInterestIncome": "None", "interestIncome": "None", "interestExpense": "857347000", "nonInterestIncome": "None", "otherNonOperatingIncome": "-166400000", "depreciation": "None", "depreciationAndAmortization": "849225000", "incomeBeforeTax": "87765000", "incomeTaxExpense": "31263000", "interestAndDebtExpense": "None", "netIncomeFromContinuingOperations": "56502000", "comprehensiveIncomeNetOfTax": "None", "ebit": "1193213000", "ebitda": "2042438000", "netIncome": "-156606000"}, {"fiscalDateEnding": "2012-12-31", "reportedCurrency": "USD", "grossProfit": "3239562000", "totalRevenue": "9160844000", "costOfRevenue": "5921282000", "costofGoodsAndServicesSold": "5921282000", "operatingIncome": "80526000", "sellingGeneralAndAdministrative": "1239774000", "researchAndDevelopment": "0", "operatingExpenses": "2404605000", "investmentIncomeNet": "None", "netInterestIncome": "None", "interestIncome": "None", "interestExpense": "1116358000", "nonInterestIncome": "None", "otherNonOperatingIncome": "-698381000", "depreciation": "None", "depreciationAndAmortization": "927697000", "incomeBeforeTax": "-1734213000", "incomeTaxExpense": "-117301000", "interestAndDebtExpense": "None", "netIncomeFromContinuingOperations": "-1616912000", "comprehensiveIncomeNetOfTax": "None", "ebit": "-617855000", "ebitda": "309842000", "netIncome": "-1767691000"}, {"fiscalDateEnding": "2011-12-31", "reportedCurrency": "USD", "grossProfit": "2822951000", "totalRevenue": "7849312000", "costOfRevenue": "5026361000", "costofGoodsAndServicesSold": "5026361000", "operatingIncome": "4057146000", "sellingGeneralAndAdministrative": "1182505000", "researchAndDevelopment": "0", "operatingExpenses": "2352904000", "investmentIncomeNet": "None", "netInterestIncome": "None", "interestIncome": "None", "interestExpense": "1086832000", "nonInterestIncome": "None", "otherNonOperatingIncome": "-138683000", "depreciation": "None", "depreciationAndAmortization": "817146000", "incomeBeforeTax": "2831631000", "incomeTaxExpense": "-403313000", "interestAndDebtExpense": "None", "netIncomeFromContinuingOperations": "3234944000", "comprehensiveIncomeNetOfTax": "None", "ebit": "3918463000", "ebitda": "4735609000", "netIncome": "3114637000"}, {"fiscalDateEnding": "2010-12-31", "reportedCurrency": "USD", "grossProfit": "2261691000", "totalRevenue": "6019233000", "costOfRevenue": "3757542000", "costofGoodsAndServicesSold": "3757542000", "operatingIncome": "-1158931000", "sellingGeneralAndAdministrative": "1128803000", "researchAndDevelopment": "0", "operatingExpenses": "3342188000", "investmentIncomeNet": "None", "netInterestIncome": "None", "interestIncome": "None", "interestExpense": "1113580000", "nonInterestIncome": "None", "otherNonOperatingIncome": "56486000", "depreciation": "None", "depreciationAndAmortization": "633423000", "incomeBeforeTax": "-2216025000", "incomeTaxExpense": "-778628000", "interestAndDebtExpense": "None", "netIncomeFromContinuingOperations": "-1437397000", "comprehensiveIncomeNetOfTax": "None", "ebit": "-1102445000", "ebitda": "-469022000", "netIncome": "-1437397000"}, {"fiscalDateEnding": "2009-12-31", "reportedCurrency": "USD", "grossProfit": "2439283000", "totalRevenue": "5978589000", "costOfRevenue": "3539306000", "costofGoodsAndServicesSold": "3539306000", "operatingIncome": "-963876000", "sellingGeneralAndAdministrative": "1100193000", "researchAndDevelopment": "None", "operatingExpenses": "3314932000", "investmentIncomeNet": "None", "netInterestIncome": "None", "interestIncome": "None", "interestExpense": "775431000", "nonInterestIncome": "None", "otherNonOperatingIncome": "None", "depreciation": "None", "depreciationAndAmortization": "689273000", "incomeBeforeTax": "-2012593000", "incomeTaxExpense": "-720911000", "interestAndDebtExpense": "None", "netIncomeFromContinuingOperations": "None", "comprehensiveIncomeNetOfTax": "None", "ebit": "-1237162000", "ebitda": "-547889000", "netIncome": "-1291682000"}, {"fiscalDateEnding": "2008-12-31", "reportedCurrency": "USD", "grossProfit": "3065114000", "totalRevenue": "7208767000", "costOfRevenue": "4143653000", "costofGoodsAndServicesSold": "4143653000", "operatingIncome": "-129603000", "sellingGeneralAndAdministrative": "1278501000", "researchAndDevelopment": "None", "operatingExpenses": "3194274000", "investmentIncomeNet": "None", "netInterestIncome": "None", "interestIncome": "None", "interestExpense": "609286000", "nonInterestIncome": "None", "otherNonOperatingIncome": "None", "depreciation": "None", "depreciationAndAmortization": "788856000", "incomeBeforeTax": "-668988000", "incomeTaxExpense": "186298000", "interestAndDebtExpense": "None", "netIncomeFromContinuingOperations": "None", "comprehensiveIncomeNetOfTax": "None", "ebit": "-70322000", "ebitda": "718534000", "netIncome": "-855286000"}, {"fiscalDateEnding": "2007-12-31", "reportedCurrency": "USD", "grossProfit": "3552490000", "totalRevenue": "7691637000", "costOfRevenue": "4139147000", "costofGoodsAndServicesSold": "4139147000", "operatingIncome": "2863930000", "sellingGeneralAndAdministrative": "1140363000", "researchAndDevelopment": "None", "operatingExpenses": "688560000", "investmentIncomeNet": "None", "netInterestIncome": "None", "interestIncome": "None", "interestExpense": "708343000", "nonInterestIncome": "None", "otherNonOperatingIncome": "None", "depreciation": "None", "depreciationAndAmortization": "704632000", "incomeBeforeTax": "2158428000", "incomeTaxExpense": "757883000", "interestAndDebtExpense": "None", "netIncomeFromContinuingOperations": "None", "comprehensiveIncomeNetOfTax": "None", "ebit": "2863930000", "ebitda": "3568562000", "netIncome": "1584419000"}, {"fiscalDateEnding": "2006-12-31", "reportedCurrency": "USD", "grossProfit": "3362570000", "totalRevenue": "7175956000", "costOfRevenue": "3813386000", "costofGoodsAndServicesSold": "3813386000", "operatingIncome": "1758248000", "sellingGeneralAndAdministrative": "1070942000", "researchAndDevelopment": "None", "operatingExpenses": "1603287000", "investmentIncomeNet": "None", "netInterestIncome": "None", "interestIncome": "None", "interestExpense": "760361000", "nonInterestIncome": "None", "otherNonOperatingIncome": "None", "depreciation": "None", "depreciationAndAmortization": "650823000", "incomeBeforeTax": "977926000", "incomeTaxExpense": "341930000", "interestAndDebtExpense": "None", "netIncomeFromContinuingOperations": "None", "comprehensiveIncomeNetOfTax": "None", "ebit": "1759283000", "ebitda": "2410106000", "netIncome": "648264000"}, {"fiscalDateEnding": "2005-12-31", "reportedCurrency": "USD", "grossProfit": "2934908000", "totalRevenue": "6481967000", "costOfRevenue": "3547059000", "costofGoodsAndServicesSold": "3547059000", "operatingIncome": "1357208000", "sellingGeneralAndAdministrative": "958263000", "researchAndDevelopment": "None", "operatingExpenses": "1577759000", "investmentIncomeNet": "None", "netInterestIncome": "None", "interestIncome": "None", "interestExpense": "656159000", "nonInterestIncome": "None", "otherNonOperatingIncome": "None", "depreciation": "None", "depreciationAndAmortization": "593893000", "incomeBeforeTax": "678900000", "incomeTaxExpense": "235644000", "interestAndDebtExpense": "None", "netIncomeFromContinuingOperations": "None", "comprehensiveIncomeNetOfTax": "None", "ebit": "1276358000", "ebitda": "1870251000", "netIncome": "443256000"}], "quarterlyReports": [{"fiscalDateEnding": "2024-12-31", "reportedCurrency": "USD", "grossProfit": "1952170000", "totalRevenue": "4346562000", "costOfRevenue": "2394392000", "costofGoodsAndServicesSold": "2394392000", "operatingIncome": "291565000", "sellingGeneralAndAdministrative": "1242937000", "researchAndDevelopment": "None", "operatingExpenses": "1660605000", "investmentIncomeNet": "None", "netInterestIncome": "-108581000", "interestIncome": "None", "interestExpense": "108581000", "nonInterestIncome": "None", "otherNonOperatingIncome": "None", "depreciation": "None", "depreciationAndAmortization": "209229000", "incomeBeforeTax": "205684000", "incomeTaxExpense": "-32232000", "interestAndDebtExpense": "None", "netIncomeFromContinuingOperations": "237916000", "comprehensiveIncomeNetOfTax": "None", "ebit": "314265000", "ebitda": "523494000", "netIncome": "157432000"}, {"fiscalDateEnding": "2024-09-30", "reportedCurrency": "USD", "grossProfit": "1867979000", "totalRevenue": "4183138000", "costOfRevenue": "2315159000", "costofGoodsAndServicesSold": "2315159000", "operatingIncome": "314857000", "sellingGeneralAndAdministrative": "1176726000", "researchAndDevelopment": "None", "operatingExpenses": "1553122000", "investmentIncomeNet": "None", "netInterestIncome": "-111873000", "interestIncome": "None", "interestExpense": "111873000", "nonInterestIncome": "None", "otherNonOperatingIncome": "None", "depreciation": "None", "depreciationAndAmortization": "233330000", "incomeBeforeTax": "296734000", "incomeTaxExpense": "52570000", "interestAndDebtExpense": "None", "netIncomeFromContinuingOperations": "244164000", "comprehensiveIncomeNetOfTax": "None", "ebit": "408607000", "ebitda": "641937000", "netIncome": "184578000"}, {"fiscalDateEnding": "2024-06-30", "reportedCurrency": "USD", "grossProfit": "1812218000", "totalRevenue": "4327375000", "costOfRevenue": "2515157000", "costofGoodsAndServicesSold": "2515157000", "operatingIncome": "476317000", "sellingGeneralAndAdministrative": "1210968000", "researchAndDevelopment": "None", "operatingExpenses": "1335901000", "investmentIncomeNet": "None", "netInterestIncome": "-112739000", "interestIncome": "None", "interestExpense": "112739000", "nonInterestIncome": "None", "otherNonOperatingIncome": "None", "depreciation": "None", "depreciationAndAmortization": "191976000", "incomeBeforeTax": "271248000", "incomeTaxExpense": "-11554000", "interestAndDebtExpense": "None", "netIncomeFromContinuingOperations": "282802000", "comprehensiveIncomeNetOfTax": "None", "ebit": "476317000", "ebitda": "668293000", "netIncome": "187072000"}, {"fiscalDateEnding": "2024-03-31", "reportedCurrency": "USD", "grossProfit": "1826099000", "totalRevenue": "4383470000", "costOfRevenue": "2557371000", "costofGoodsAndServicesSold": "2557371000", "operatingIncome": "500656000", "sellingGeneralAndAdministrative": "1194682000", "researchAndDevelopment": "1095000", "operatingExpenses": "1325443000", "investmentIncomeNet": "None", "netInterestIncome": "-110037000", "interestIncome": "None", "interestExpense": "110037000", "nonInterestIncome": "None", "otherNonOperatingIncome": "None", "depreciation": "None", "depreciationAndAmortization": "196562000", "incomeBeforeTax": "343399000", "incomeTaxExpense": "43673000", "interestAndDebtExpense": "None", "netIncomeFromContinuingOperations": "299726000", "comprehensiveIncomeNetOfTax": "None", "ebit": "500656000", "ebitda": "697218000", "netIncome": "217476000"}, {"fiscalDateEnding": "2023-12-31", "reportedCurrency": "USD", "grossProfit": "1794891000", "totalRevenue": "4375563000", "costOfRevenue": "2580672000", "costofGoodsAndServicesSold": "2580672000", "operatingIncome": "420489000", "sellingGeneralAndAdministrative": "1228429000", "researchAndDevelopment": "None", "operatingExpenses": "1374402000", "investmentIncomeNet": "None", "netInterestIncome": "-106878000", "interestIncome": "None", "interestExpense": "106878000", "nonInterestIncome": "None", "otherNonOperatingIncome": "None", "depreciation": "None", "depreciationAndAmortization": "205297000", "incomeBeforeTax": "320091000", "incomeTaxExpense": "-59521000", "interestAndDebtExpense": "None", "netIncomeFromContinuingOperations": "379612000", "comprehensiveIncomeNetOfTax": "None", "ebit": "420489000", "ebitda": "625786000", "netIncome": "313460000"}, {"fiscalDateEnding": "2023-09-30", "reportedCurrency": "USD", "grossProfit": "1875687000", "totalRevenue": "3973183000", "costOfRevenue": "2097496000", "costofGoodsAndServicesSold": "2097496000", "operatingIncome": "369936000", "sellingGeneralAndAdministrative": "1192298000", "researchAndDevelopment": "None", "operatingExpenses": "1515963000", "investmentIncomeNet": "None", "netInterestIncome": "-111170000", "interestIncome": "167732000", "interestExpense": "111170000", "nonInterestIncome": "None", "otherNonOperatingIncome": "None", "depreciation": "None", "depreciationAndAmortization": "201827000", "incomeBeforeTax": "224325000", "incomeTaxExpense": "12440000", "interestAndDebtExpense": "None", "netIncomeFromContinuingOperations": "211885000", "comprehensiveIncomeNetOfTax": "None", "ebit": "359656000", "ebitda": "561483000", "netIncome": "161117000"}, {"fiscalDateEnding": "2023-06-30", "reportedCurrency": "USD", "grossProfit": "1858311000", "totalRevenue": "3942207000", "costOfRevenue": "2083896000", "costofGoodsAndServicesSold": "2083896000", "operatingIncome": "371378000", "sellingGeneralAndAdministrative": "1144390000", "researchAndDevelopment": "None", "operatingExpenses": "1465130000", "investmentIncomeNet": "None", "netInterestIncome": "-111945000", "interestIncome": "106386000", "interestExpense": "111945000", "nonInterestIncome": "None", "otherNonOperatingIncome": "23252000", "depreciation": "None", "depreciationAndAmortization": "332362000", "incomeBeforeTax": "282685000", "incomeTaxExpense": "39141000", "interestAndDebtExpense": "None", "netIncomeFromContinuingOperations": "243544000", "comprehensiveIncomeNetOfTax": "None", "ebit": "264322000", "ebitda": "596684000", "netIncome": "200796000"}, {"fiscalDateEnding": "2023-03-31", "reportedCurrency": "USD", "grossProfit": "1876501000", "totalRevenue": "3873296000", "costOfRevenue": "1996795000", "costofGoodsAndServicesSold": "1996795000", "operatingIncome": "379886000", "sellingGeneralAndAdministrative": "1135540000", "researchAndDevelopment": "139000", "operatingExpenses": "1466739000", "investmentIncomeNet": "None", "netInterestIncome": "-130300000", "interestIncome": "132484000", "interestExpense": "130300000", "nonInterestIncome": "None", "otherNonOperatingIncome": "45123000", "depreciation": "None", "depreciationAndAmortization": "335724000", "incomeBeforeTax": "645662000", "incomeTaxExpense": "165779000", "interestAndDebtExpense": "None", "netIncomeFromContinuingOperations": "479883000", "comprehensiveIncomeNetOfTax": "None", "ebit": "277539000", "ebitda": "613263000", "netIncome": "466807000"}, {"fiscalDateEnding": "2022-12-31", "reportedCurrency": "USD", "grossProfit": "1739413000", "totalRevenue": "3592216000", "costOfRevenue": "1852803000", "costofGoodsAndServicesSold": "1852803000", "operatingIncome": "-957142000", "sellingGeneralAndAdministrative": "1208541000", "researchAndDevelopment": "None", "operatingExpenses": "2761181000", "investmentIncomeNet": "None", "netInterestIncome": "-137132000", "interestIncome": "138341000", "interestExpense": "137132000", "nonInterestIncome": "None", "otherNonOperatingIncome": "104951000", "depreciation": "None", "depreciationAndAmortization": "1556196000", "incomeBeforeTax": "-34077000", "incomeTaxExpense": "285937000", "interestAndDebtExpense": "None", "netIncomeFromContinuingOperations": "-320014000", "comprehensiveIncomeNetOfTax": "None", "ebit": "103055000", "ebitda": "1659251000", "netIncome": "284002000"}, {"fiscalDateEnding": "2022-09-30", "reportedCurrency": "USD", "grossProfit": "1695511000", "totalRevenue": "3416072000", "costOfRevenue": "1720561000", "costofGoodsAndServicesSold": "1720561000", "operatingIncome": "-1045971000", "sellingGeneralAndAdministrative": "1329738000", "researchAndDevelopment": "None", "operatingExpenses": "2735654000", "investmentIncomeNet": "None", "netInterestIncome": "-125172000", "interestIncome": "146167000", "interestExpense": "125172000", "nonInterestIncome": "None", "otherNonOperatingIncome": "-15311000", "depreciation": "None", "depreciationAndAmortization": "1405520000", "incomeBeforeTax": "-1186454000", "incomeTaxExpense": "-125367000", "interestAndDebtExpense": "None", "netIncomeFromContinuingOperations": "-1061087000", "comprehensiveIncomeNetOfTax": "None", "ebit": "-577025000", "ebitda": "828495000", "netIncome": "-1061087000"}, {"fiscalDateEnding": "2022-06-30", "reportedCurrency": "USD", "grossProfit": "1655064000", "totalRevenue": "3264888000", "costOfRevenue": "1609824000", "costofGoodsAndServicesSold": "1609824000", "operatingIncome": "2381451000", "sellingGeneralAndAdministrative": "1148375000", "researchAndDevelopment": "None", "operatingExpenses": "1515172000", "investmentIncomeNet": "None", "netInterestIncome": "-136559000", "interestIncome": "142679000", "interestExpense": "136559000", "nonInterestIncome": "None", "otherNonOperatingIncome": "-49428000", "depreciation": "None", "depreciationAndAmortization": "366255000", "incomeBeforeTax": "2195464000", "incomeTaxExpense": "572839000", "interestAndDebtExpense": "None", "netIncomeFromContinuingOperations": "1622625000", "comprehensiveIncomeNetOfTax": "None", "ebit": "2493335000", "ebitda": "2859590000", "netIncome": "1622625000"}, {"fiscalDateEnding": "2022-03-31", "reportedCurrency": "USD", "grossProfit": "1384514000", "totalRevenue": "2854309000", "costOfRevenue": "1469795000", "costofGoodsAndServicesSold": "1469795000", "operatingIncome": "105788000", "sellingGeneralAndAdministrative": "888078000", "researchAndDevelopment": "None", "operatingExpenses": "1177150000", "investmentIncomeNet": "None", "netInterestIncome": "-196091000", "interestIncome": "211224000", "interestExpense": "196091000", "nonInterestIncome": "None", "otherNonOperatingIncome": "19169000", "depreciation": "None", "depreciationAndAmortization": "288638000", "incomeBeforeTax": "-71134000", "incomeTaxExpense": "-36341000", "interestAndDebtExpense": "None", "netIncomeFromContinuingOperations": "-34793000", "comprehensiveIncomeNetOfTax": "None", "ebit": "141734000", "ebitda": "430372000", "netIncome": "-34793000"}, {"fiscalDateEnding": "2021-12-31", "reportedCurrency": "USD", "grossProfit": "1491903000", "totalRevenue": "3056892000", "costOfRevenue": "1564989000", "costofGoodsAndServicesSold": "1564989000", "operatingIncome": "368847000", "sellingGeneralAndAdministrative": "883104000", "researchAndDevelopment": "None", "operatingExpenses": "1183587000", "investmentIncomeNet": "None", "netInterestIncome": "-201477000", "interestIncome": "217247000", "interestExpense": "201477000", "nonInterestIncome": "None", "otherNonOperatingIncome": "-20131000", "depreciation": "None", "depreciationAndAmortization": "297031000", "incomeBeforeTax": "147239000", "incomeTaxExpense": "31152000", "interestAndDebtExpense": "None", "netIncomeFromContinuingOperations": "116087000", "comprehensiveIncomeNetOfTax": "None", "ebit": "363642000", "ebitda": "660673000", "netIncome": "116087000"}, {"fiscalDateEnding": "2021-09-30", "reportedCurrency": "USD", "grossProfit": "1315358000", "totalRevenue": "2707539000", "costOfRevenue": "1392181000", "costofGoodsAndServicesSold": "1392181000", "operatingIncome": "1892782000", "sellingGeneralAndAdministrative": "735389000", "researchAndDevelopment": "None", "operatingExpenses": "1016339000", "investmentIncomeNet": "None", "netInterestIncome": "-200049000", "interestIncome": "214470000", "interestExpense": "200049000", "nonInterestIncome": "None", "otherNonOperatingIncome": "-72662000", "depreciation": "None", "depreciationAndAmortization": "279403000", "incomeBeforeTax": "1620071000", "incomeTaxExpense": "282135000", "interestAndDebtExpense": "None", "netIncomeFromContinuingOperations": "1337936000", "comprehensiveIncomeNetOfTax": "None", "ebit": "1832617000", "ebitda": "2112020000", "netIncome": "1337936000"}, {"fiscalDateEnding": "2021-06-30", "reportedCurrency": "USD", "grossProfit": "1122310000", "totalRevenue": "2267962000", "costOfRevenue": "1145652000", "costofGoodsAndServicesSold": "1145652000", "operatingIncome": "263760000", "sellingGeneralAndAdministrative": "687079000", "researchAndDevelopment": "None", "operatingExpenses": "970794000", "investmentIncomeNet": "None", "netInterestIncome": "-202772000", "interestIncome": "219988000", "interestExpense": "202772000", "nonInterestIncome": "None", "otherNonOperatingIncome": "64142000", "depreciation": "None", "depreciationAndAmortization": "283625000", "incomeBeforeTax": "125130000", "incomeTaxExpense": "34826000", "interestAndDebtExpense": "None", "netIncomeFromContinuingOperations": "90304000", "comprehensiveIncomeNetOfTax": "None", "ebit": "342351000", "ebitda": "625976000", "netIncome": "90304000"}, {"fiscalDateEnding": "2021-03-31", "reportedCurrency": "USD", "grossProfit": "719960000", "totalRevenue": "1647747000", "costOfRevenue": "927787000", "costofGoodsAndServicesSold": "927787000", "operatingIncome": "-246690000", "sellingGeneralAndAdministrative": "624444000", "researchAndDevelopment": "None", "operatingExpenses": "915000000", "investmentIncomeNet": "None", "netInterestIncome": "-195295000", "interestIncome": "211131000", "interestExpense": "195295000", "nonInterestIncome": "None", "otherNonOperatingIncome": "11349000", "depreciation": "None", "depreciationAndAmortization": "290551000", "incomeBeforeTax": "-430636000", "incomeTaxExpense": "-94698000", "interestAndDebtExpense": "None", "netIncomeFromContinuingOperations": "-335938000", "comprehensiveIncomeNetOfTax": "None", "ebit": "-231232000", "ebitda": "59319000", "netIncome": "-335938000"}, {"fiscalDateEnding": "2020-12-31", "reportedCurrency": "USD", "grossProfit": "582876000", "totalRevenue": "1493536000", "costOfRevenue": "910660000", "costofGoodsAndServicesSold": "910660000", "operatingIncome": "-363568000", "sellingGeneralAndAdministrative": "531170000", "researchAndDevelopment": "None", "operatingExpenses": "933225000", "investmentIncomeNet": "None", "netInterestIncome": "-188679000", "interestIncome": "211997000", "interestExpense": "188679000", "nonInterestIncome": "None", "otherNonOperatingIncome": "-10625000", "depreciation": "None", "depreciationAndAmortization": "298697000", "incomeBeforeTax": "-562872000", "incomeTaxExpense": "-106904000", "interestAndDebtExpense": "None", "netIncomeFromContinuingOperations": "-455968000", "comprehensiveIncomeNetOfTax": "None", "ebit": "-350349000", "ebitda": "-51652000", "netIncome": "-447605000"}, {"fiscalDateEnding": "2020-09-30", "reportedCurrency": "USD", "grossProfit": "396403000", "totalRevenue": "1125920000", "costOfRevenue": "729517000", "costofGoodsAndServicesSold": "729517000", "operatingIncome": "-495182000", "sellingGeneralAndAdministrative": "543293000", "researchAndDevelopment": "None", "operatingExpenses": "908104000", "investmentIncomeNet": "None", "netInterestIncome": "-173808000", "interestIncome": "197412000", "interestExpense": "173808000", "nonInterestIncome": "None", "otherNonOperatingIncome": "-9715000", "depreciation": "None", "depreciationAndAmortization": "294363000", "incomeBeforeTax": "-678705000", "incomeTaxExpense": "-76734000", "interestAndDebtExpense": "None", "netIncomeFromContinuingOperations": "-601971000", "comprehensiveIncomeNetOfTax": "None", "ebit": "-511701000", "ebitda": "-217338000", "netIncome": "-534731000"}, {"fiscalDateEnding": "2020-06-30", "reportedCurrency": "USD", "grossProfit": "-84561000", "totalRevenue": "289809000", "costOfRevenue": "374370000", "costofGoodsAndServicesSold": "374370000", "operatingIncome": "-1034529000", "sellingGeneralAndAdministrative": "473564000", "researchAndDevelopment": "None", "operatingExpenses": "915266000", "investmentIncomeNet": "None", "netInterestIncome": "-156756000", "interestIncome": "180517000", "interestExpense": "156756000", "nonInterestIncome": "None", "otherNonOperatingIncome": "-15440000", "depreciation": "None", "depreciationAndAmortization": "299206000", "incomeBeforeTax": "-1206725000", "incomeTaxExpense": "-270238000", "interestAndDebtExpense": "None", "netIncomeFromContinuingOperations": "-936487000", "comprehensiveIncomeNetOfTax": "None", "ebit": "-1004401000", "ebitda": "-705195000", "netIncome": "-857257000"}, {"fiscalDateEnding": "2020-03-31", "reportedCurrency": "USD", "grossProfit": "814653000", "totalRevenue": "2252817000", "costOfRevenue": "1438164000", "costofGoodsAndServicesSold": "1438164000", "operatingIncome": "1250845000", "sellingGeneralAndAdministrative": "574306000", "researchAndDevelopment": "None", "operatingExpenses": "1036526000", "investmentIncomeNet": "None", "netInterestIncome": "-157137000", "interestIncome": "189758000", "interestExpense": "157137000", "nonInterestIncome": "None", "otherNonOperatingIncome": "-156885000", "depreciation": "None", "depreciationAndAmortization": "318290000", "incomeBeforeTax": "936823000", "incomeTaxExpense": "262304000", "interestAndDebtExpense": "None", "netIncomeFromContinuingOperations": "674519000", "comprehensiveIncomeNetOfTax": "None", "ebit": "-177472000", "ebitda": "140818000", "netIncome": "814939000"}, {"fiscalDateEnding": "2019-12-31", "reportedCurrency": "USD", "grossProfit": "1285492000", "totalRevenue": "3185136000", "costOfRevenue": "1899644000", "costofGoodsAndServicesSold": "1899644000", "operatingIncome": "2960089000", "sellingGeneralAndAdministrative": "557453000", "researchAndDevelopment": "None", "operatingExpenses": "-1668421000", "investmentIncomeNet": "None", "netInterestIncome": "-200480000", "interestIncome": "208465000", "interestExpense": "200480000", "nonInterestIncome": "None", "otherNonOperatingIncome": "-137283000", "depreciation": "None", "depreciationAndAmortization": "331438000", "incomeBeforeTax": "2622326000", "incomeTaxExpense": "556376000", "interestAndDebtExpense": "None", "netIncomeFromContinuingOperations": "2065950000", "comprehensiveIncomeNetOfTax": "None", "ebit": "281917000", "ebitda": "613355000", "netIncome": "2014770000"}, {"fiscalDateEnding": "2019-09-30", "reportedCurrency": "USD", "grossProfit": "1377732000", "totalRevenue": "3314382000", "costOfRevenue": "1936650000", "costofGoodsAndServicesSold": "1936650000", "operatingIncome": "238381000", "sellingGeneralAndAdministrative": "494228000", "researchAndDevelopment": "None", "operatingExpenses": "925707000", "investmentIncomeNet": "None", "netInterestIncome": "-215503000", "interestIncome": "230172000", "interestExpense": "215503000", "nonInterestIncome": "None", "otherNonOperatingIncome": "-24050000", "depreciation": "None", "depreciationAndAmortization": "322009000", "incomeBeforeTax": "-1172000", "incomeTaxExpense": "-7276000", "interestAndDebtExpense": "None", "netIncomeFromContinuingOperations": "6104000", "comprehensiveIncomeNetOfTax": "None", "ebit": "452025000", "ebitda": "774034000", "netIncome": "-37133000"}, {"fiscalDateEnding": "2019-06-30", "reportedCurrency": "USD", "grossProfit": "1318423000", "totalRevenue": "3223243000", "costOfRevenue": "1904820000", "costofGoodsAndServicesSold": "1904820000", "operatingIncome": "371485000", "sellingGeneralAndAdministrative": "524424000", "researchAndDevelopment": "None", "operatingExpenses": "968152000", "investmentIncomeNet": "None", "netInterestIncome": "-215829000", "interestIncome": "237306000", "interestExpense": "215829000", "nonInterestIncome": "None", "otherNonOperatingIncome": "-67753000", "depreciation": "None", "depreciationAndAmortization": "334788000", "incomeBeforeTax": "87903000", "incomeTaxExpense": "11734000", "interestAndDebtExpense": "None", "netIncomeFromContinuingOperations": "76169000", "comprehensiveIncomeNetOfTax": "None", "ebit": "396271000", "ebitda": "731059000", "netIncome": "44397000"}, {"fiscalDateEnding": "2019-03-31", "reportedCurrency": "USD", "grossProfit": "1314536000", "totalRevenue": "3176911000", "costOfRevenue": "1862375000", "costofGoodsAndServicesSold": "1862375000", "operatingIncome": "370260000", "sellingGeneralAndAdministrative": "525112000", "researchAndDevelopment": "None", "operatingExpenses": "974249000", "investmentIncomeNet": "None", "netInterestIncome": "-216120000", "interestIncome": "234285000", "interestExpense": "216120000", "nonInterestIncome": "None", "otherNonOperatingIncome": "-16472000", "depreciation": "None", "depreciationAndAmortization": "316414000", "incomeBeforeTax": "137668000", "incomeTaxExpense": "71511000", "interestAndDebtExpense": "None", "netIncomeFromContinuingOperations": "66157000", "comprehensiveIncomeNetOfTax": "None", "ebit": "409385000", "ebitda": "725799000", "netIncome": "27472000"}, {"fiscalDateEnding": "2018-12-31", "reportedCurrency": "USD", "grossProfit": "1226037000", "totalRevenue": "3052862000", "costOfRevenue": "1826825000", "costofGoodsAndServicesSold": "1826825000", "operatingIncome": "335751000", "sellingGeneralAndAdministrative": "444878000", "researchAndDevelopment": "0", "operatingExpenses": "894096000", "investmentIncomeNet": "None", "netInterestIncome": "None", "interestIncome": "None", "interestExpense": "214538000", "nonInterestIncome": "None", "otherNonOperatingIncome": "-22718000", "depreciation": "None", "depreciationAndAmortization": "312542000", "incomeBeforeTax": "98495000", "incomeTaxExpense": "92735000", "interestAndDebtExpense": "None", "netIncomeFromContinuingOperations": "5760000", "comprehensiveIncomeNetOfTax": "None", "ebit": "331941000", "ebitda": "644483000", "netIncome": "-23327000"}, {"fiscalDateEnding": "2018-09-30", "reportedCurrency": "USD", "grossProfit": "1241876000", "totalRevenue": "3029302000", "costOfRevenue": "1787426000", "costofGoodsAndServicesSold": "1787426000", "operatingIncome": "410903000", "sellingGeneralAndAdministrative": "463417000", "researchAndDevelopment": "0", "operatingExpenses": "908868000", "investmentIncomeNet": "None", "netInterestIncome": "None", "interestIncome": "None", "interestExpense": "205573000", "nonInterestIncome": "None", "otherNonOperatingIncome": "-14874000", "depreciation": "None", "depreciationAndAmortization": "300472000", "incomeBeforeTax": "190456000", "incomeTaxExpense": "19046000", "interestAndDebtExpense": "None", "netIncomeFromContinuingOperations": "171410000", "comprehensiveIncomeNetOfTax": "None", "ebit": "333008000", "ebitda": "633480000", "netIncome": "138723000"}, {"fiscalDateEnding": "2018-06-30", "reportedCurrency": "USD", "grossProfit": "1189281000", "totalRevenue": "2858695000", "costOfRevenue": "1669414000", "costofGoodsAndServicesSold": "1669414000", "operatingIncome": "363075000", "sellingGeneralAndAdministrative": "438453000", "researchAndDevelopment": "0", "operatingExpenses": "857176000", "investmentIncomeNet": "None", "netInterestIncome": "None", "interestIncome": "None", "interestExpense": "181493000", "nonInterestIncome": "None", "otherNonOperatingIncome": "-17449000", "depreciation": "None", "depreciationAndAmortization": "296208000", "incomeBeforeTax": "164133000", "incomeTaxExpense": "23710000", "interestAndDebtExpense": "None", "netIncomeFromContinuingOperations": "140423000", "comprehensiveIncomeNetOfTax": "None", "ebit": "332105000", "ebitda": "628313000", "netIncome": "117791000"}, {"fiscalDateEnding": "2018-03-31", "reportedCurrency": "USD", "grossProfit": "1187027000", "totalRevenue": "2822237000", "costOfRevenue": "1635210000", "costofGoodsAndServicesSold": "1635210000", "operatingIncome": "359757000", "sellingGeneralAndAdministrative": "417890000", "researchAndDevelopment": "0", "operatingExpenses": "853138000", "investmentIncomeNet": "None", "netInterestIncome": "None", "interestIncome": "None", "interestExpense": "167909000", "nonInterestIncome": "None", "otherNonOperatingIncome": "-10926000", "depreciation": "None", "depreciationAndAmortization": "268822000", "incomeBeforeTax": "180922000", "incomeTaxExpense": "-85379000", "interestAndDebtExpense": "None", "netIncomeFromContinuingOperations": "266301000", "comprehensiveIncomeNetOfTax": "None", "ebit": "333889000", "ebitda": "602711000", "netIncome": "218846000"}, {"fiscalDateEnding": "2017-12-31", "reportedCurrency": "USD", "grossProfit": "1055626000", "totalRevenue": "2597248000", "costOfRevenue": "1541622000", "costofGoodsAndServicesSold": "1541622000", "operatingIncome": "223404000", "sellingGeneralAndAdministrative": "414483000", "researchAndDevelopment": "0", "operatingExpenses": "832595000", "investmentIncomeNet": "None", "netInterestIncome": "None", "interestIncome": "None", "interestExpense": "157341000", "nonInterestIncome": "None", "otherNonOperatingIncome": "-24984000", "depreciation": "None", "depreciationAndAmortization": "249357000", "incomeBeforeTax": "41079000", "incomeTaxExpense": "-1395274000", "interestAndDebtExpense": "None", "netIncomeFromContinuingOperations": "1425293000", "comprehensiveIncomeNetOfTax": "None", "ebit": "223016000", "ebitda": "472373000", "netIncome": "1375433000"}, {"fiscalDateEnding": "2017-09-30", "reportedCurrency": "USD", "grossProfit": "1233460000", "totalRevenue": "2826740000", "costOfRevenue": "1593280000", "costofGoodsAndServicesSold": "1593280000", "operatingIncome": "493861000", "sellingGeneralAndAdministrative": "402134000", "researchAndDevelopment": "0", "operatingExpenses": "769589000", "investmentIncomeNet": "None", "netInterestIncome": "None", "interestIncome": "None", "interestExpense": "163287000", "nonInterestIncome": "None", "otherNonOperatingIncome": "-38963000", "depreciation": "None", "depreciationAndAmortization": "249600000", "incomeBeforeTax": "291611000", "incomeTaxExpense": "115115000", "interestAndDebtExpense": "None", "netIncomeFromContinuingOperations": "176496000", "comprehensiveIncomeNetOfTax": "None", "ebit": "462625000", "ebitda": "712225000", "netIncome": "148335000"}, {"fiscalDateEnding": "2017-06-30", "reportedCurrency": "USD", "grossProfit": "1132795000", "totalRevenue": "2641737000", "costOfRevenue": "1508942000", "costofGoodsAndServicesSold": "1508942000", "operatingIncome": "501046000", "sellingGeneralAndAdministrative": "354463000", "researchAndDevelopment": "0", "operatingExpenses": "699718000", "investmentIncomeNet": "None", "netInterestIncome": "None", "interestIncome": "None", "interestExpense": "174058000", "nonInterestIncome": "None", "otherNonOperatingIncome": "-11307000", "depreciation": "None", "depreciationAndAmortization": "244754000", "incomeBeforeTax": "315681000", "incomeTaxExpense": "74061000", "interestAndDebtExpense": "None", "netIncomeFromContinuingOperations": "241620000", "comprehensiveIncomeNetOfTax": "None", "ebit": "431873000", "ebitda": "676627000", "netIncome": "209836000"}, {"fiscalDateEnding": "2017-03-31", "reportedCurrency": "USD", "grossProfit": "1186017000", "totalRevenue": "2708179000", "costOfRevenue": "1522162000", "costofGoodsAndServicesSold": "1522162000", "operatingIncome": "497181000", "sellingGeneralAndAdministrative": "388835000", "researchAndDevelopment": "0", "operatingExpenses": "726843000", "investmentIncomeNet": "None", "netInterestIncome": "None", "interestIncome": "None", "interestExpense": "174059000", "nonInterestIncome": "None", "otherNonOperatingIncome": "-7738000", "depreciation": "None", "depreciationAndAmortization": "249769000", "incomeBeforeTax": "315384000", "incomeTaxExpense": "62375000", "interestAndDebtExpense": "None", "netIncomeFromContinuingOperations": "253009000", "comprehensiveIncomeNetOfTax": "None", "ebit": "458441000", "ebitda": "708210000", "netIncome": "206384000"}, {"fiscalDateEnding": "2016-12-31", "reportedCurrency": "USD", "grossProfit": "1005357000", "totalRevenue": "2460820000", "costOfRevenue": "1455463000", "costofGoodsAndServicesSold": "1455463000", "operatingIncome": "282023000", "sellingGeneralAndAdministrative": "376717000", "researchAndDevelopment": "0", "operatingExpenses": "743341000", "investmentIncomeNet": "None", "netInterestIncome": "None", "interestIncome": "None", "interestExpense": "161704000", "nonInterestIncome": "None", "otherNonOperatingIncome": "-12893000", "depreciation": "None", "depreciationAndAmortization": "233052000", "incomeBeforeTax": "107426000", "incomeTaxExpense": "37504000", "interestAndDebtExpense": "None", "netIncomeFromContinuingOperations": "69922000", "comprehensiveIncomeNetOfTax": "None", "ebit": "269130000", "ebitda": "502182000", "netIncome": "24669000"}, {"fiscalDateEnding": "2016-09-30", "reportedCurrency": "USD", "grossProfit": "1089596000", "totalRevenue": "2515115000", "costOfRevenue": "1425519000", "costofGoodsAndServicesSold": "1425519000", "operatingIncome": "712755000", "sellingGeneralAndAdministrative": "371950000", "researchAndDevelopment": "0", "operatingExpenses": "701129000", "investmentIncomeNet": "None", "netInterestIncome": "None", "interestIncome": "None", "interestExpense": "168048000", "nonInterestIncome": "None", "otherNonOperatingIncome": "-28442000", "depreciation": "None", "depreciationAndAmortization": "209737000", "incomeBeforeTax": "516265000", "incomeTaxExpense": "-44995000", "interestAndDebtExpense": "None", "netIncomeFromContinuingOperations": "561260000", "comprehensiveIncomeNetOfTax": "None", "ebit": "684313000", "ebitda": "894050000", "netIncome": "535619000"}, {"fiscalDateEnding": "2016-06-30", "reportedCurrency": "USD", "grossProfit": "956533000", "totalRevenue": "2269502000", "costOfRevenue": "1312969000", "costofGoodsAndServicesSold": "1312969000", "operatingIncome": "769055000", "sellingGeneralAndAdministrative": "321407000", "researchAndDevelopment": "0", "operatingExpenses": "634933000", "investmentIncomeNet": "None", "netInterestIncome": "None", "interestIncome": "None", "interestExpense": "180352000", "nonInterestIncome": "None", "otherNonOperatingIncome": "-65725000", "depreciation": "None", "depreciationAndAmortization": "206899000", "incomeBeforeTax": "522978000", "incomeTaxExpense": "8480000", "interestAndDebtExpense": "None", "netIncomeFromContinuingOperations": "514498000", "comprehensiveIncomeNetOfTax": "None", "ebit": "321600000", "ebitda": "528499000", "netIncome": "474353000"}, {"fiscalDateEnding": "2016-03-31", "reportedCurrency": "USD", "grossProfit": "907973000", "totalRevenue": "2209686000", "costOfRevenue": "1301713000", "costofGoodsAndServicesSold": "1301713000", "operatingIncome": "315954000", "sellingGeneralAndAdministrative": "308543000", "researchAndDevelopment": "0", "operatingExpenses": "601590000", "investmentIncomeNet": "None", "netInterestIncome": "None", "interestIncome": "None", "interestExpense": "184669000", "nonInterestIncome": "None", "otherNonOperatingIncome": "-18777000", "depreciation": "None", "depreciationAndAmortization": "199839000", "incomeBeforeTax": "112508000", "incomeTaxExpense": "21310000", "interestAndDebtExpense": "None", "netIncomeFromContinuingOperations": "91198000", "comprehensiveIncomeNetOfTax": "None", "ebit": "320383000", "ebitda": "520222000", "netIncome": "66799000"}, {"fiscalDateEnding": "2015-12-31", "reportedCurrency": "USD", "grossProfit": "872314000", "totalRevenue": "2191873000", "costOfRevenue": "1319559000", "costofGoodsAndServicesSold": "1319559000", "operatingIncome": "-1197234000", "sellingGeneralAndAdministrative": "306728000", "researchAndDevelopment": "0", "operatingExpenses": "618523000", "investmentIncomeNet": "None", "netInterestIncome": "None", "interestIncome": "None", "interestExpense": "186291000", "nonInterestIncome": "None", "otherNonOperatingIncome": "-19996000", "depreciation": "None", "depreciationAndAmortization": "200164000", "incomeBeforeTax": "-1403521000", "incomeTaxExpense": "69976000", "interestAndDebtExpense": "None", "netIncomeFromContinuingOperations": "-1473497000", "comprehensiveIncomeNetOfTax": "None", "ebit": "-1217230000", "ebitda": "-1017066000", "netIncome": "-781454000"}, {"fiscalDateEnding": "2015-09-30", "reportedCurrency": "USD", "grossProfit": "882916000", "totalRevenue": "2280816000", "costOfRevenue": "1397900000", "costofGoodsAndServicesSold": "1397900000", "operatingIncome": "297377000", "sellingGeneralAndAdministrative": "340495000", "researchAndDevelopment": "0", "operatingExpenses": "635766000", "investmentIncomeNet": "None", "netInterestIncome": "None", "interestIncome": "None", "interestExpense": "191781000", "nonInterestIncome": "None", "otherNonOperatingIncome": "-27354000", "depreciation": "None", "depreciationAndAmortization": "204742000", "incomeBeforeTax": "78242000", "incomeTaxExpense": "-16493000", "interestAndDebtExpense": "None", "netIncomeFromContinuingOperations": "94735000", "comprehensiveIncomeNetOfTax": "None", "ebit": "270023000", "ebitda": "474765000", "netIncome": "66425000"}, {"fiscalDateEnding": "2015-06-30", "reportedCurrency": "USD", "grossProfit": "929338000", "totalRevenue": "2385135000", "costOfRevenue": "1455797000", "costofGoodsAndServicesSold": "1455797000", "operatingIncome": "348521000", "sellingGeneralAndAdministrative": "333708000", "researchAndDevelopment": "0", "operatingExpenses": "619764000", "investmentIncomeNet": "None", "netInterestIncome": "None", "interestIncome": "None", "interestExpense": "203245000", "nonInterestIncome": "None", "otherNonOperatingIncome": "-22581000", "depreciation": "None", "depreciationAndAmortization": "208565000", "incomeBeforeTax": "122695000", "incomeTaxExpense": "-3772000", "interestAndDebtExpense": "None", "netIncomeFromContinuingOperations": "126467000", "comprehensiveIncomeNetOfTax": "None", "ebit": "309574000", "ebitda": "518139000", "netIncome": "97459000"}, {"fiscalDateEnding": "2015-03-31", "reportedCurrency": "USD", "grossProfit": "880124000", "totalRevenue": "2332244000", "costOfRevenue": "1452120000", "costofGoodsAndServicesSold": "1452120000", "operatingIncome": "395104000", "sellingGeneralAndAdministrative": "328173000", "researchAndDevelopment": "0", "operatingExpenses": "600812000", "investmentIncomeNet": "None", "netInterestIncome": "None", "interestIncome": "None", "interestExpense": "216262000", "nonInterestIncome": "None", "otherNonOperatingIncome": "-22501000", "depreciation": "None", "depreciationAndAmortization": "206412000", "incomeBeforeTax": "156341000", "incomeTaxExpense": "-56305000", "interestAndDebtExpense": "None", "netIncomeFromContinuingOperations": "212646000", "comprehensiveIncomeNetOfTax": "None", "ebit": "279312000", "ebitda": "485724000", "netIncome": "169850000"}, {"fiscalDateEnding": "2014-12-31", "reportedCurrency": "USD", "grossProfit": "878993000", "totalRevenue": "2385546000", "costOfRevenue": "1506553000", "costofGoodsAndServicesSold": "1506553000", "operatingIncome": "266113000", "sellingGeneralAndAdministrative": "324532000", "researchAndDevelopment": "0", "operatingExpenses": "610273000", "investmentIncomeNet": "None", "netInterestIncome": "None", "interestIncome": "None", "interestExpense": "200903000", "nonInterestIncome": "None", "otherNonOperatingIncome": "-42483000", "depreciation": "None", "depreciationAndAmortization": "202654000", "incomeBeforeTax": "40637000", "incomeTaxExpense": "328109000", "interestAndDebtExpense": "None", "netIncomeFromContinuingOperations": "-288516000", "comprehensiveIncomeNetOfTax": "None", "ebit": "268720000", "ebitda": "471374000", "netIncome": "-342263000"}, {"fiscalDateEnding": "2014-09-30", "reportedCurrency": "USD", "grossProfit": "891949000", "totalRevenue": "2485007000", "costOfRevenue": "1593058000", "costofGoodsAndServicesSold": "1593058000", "operatingIncome": "286489000", "sellingGeneralAndAdministrative": "347487000", "researchAndDevelopment": "0", "operatingExpenses": "621669000", "investmentIncomeNet": "None", "netInterestIncome": "None", "interestIncome": "None", "interestExpense": "202835000", "nonInterestIncome": "None", "otherNonOperatingIncome": "-23064000", "depreciation": "None", "depreciationAndAmortization": "202386000", "incomeBeforeTax": "60590000", "incomeTaxExpense": "10208000", "interestAndDebtExpense": "None", "netIncomeFromContinuingOperations": "50382000", "comprehensiveIncomeNetOfTax": "None", "ebit": "270280000", "ebitda": "472666000", "netIncome": "-20270000"}, {"fiscalDateEnding": "2014-06-30", "reportedCurrency": "USD", "grossProfit": "962041000", "totalRevenue": "2581033000", "costOfRevenue": "1618992000", "costofGoodsAndServicesSold": "1618992000", "operatingIncome": "339987000", "sellingGeneralAndAdministrative": "327484000", "researchAndDevelopment": "0", "operatingExpenses": "594752000", "investmentIncomeNet": "None", "netInterestIncome": "None", "interestIncome": "None", "interestExpense": "203936000", "nonInterestIncome": "None", "otherNonOperatingIncome": "-14887000", "depreciation": "None", "depreciationAndAmortization": "203070000", "incomeBeforeTax": "121164000", "incomeTaxExpense": "-52540000", "interestAndDebtExpense": "None", "netIncomeFromContinuingOperations": "173704000", "comprehensiveIncomeNetOfTax": "None", "ebit": "367289000", "ebitda": "570359000", "netIncome": "110008000"}, {"fiscalDateEnding": "2014-03-31", "reportedCurrency": "USD", "grossProfit": "980303000", "totalRevenue": "2630398000", "costOfRevenue": "1650095000", "costofGoodsAndServicesSold": "1650095000", "operatingIncome": "412633000", "sellingGeneralAndAdministrative": "319246000", "researchAndDevelopment": "0", "operatingExpenses": "585888000", "investmentIncomeNet": "None", "netInterestIncome": "None", "interestIncome": "None", "interestExpense": "209387000", "nonInterestIncome": "None", "otherNonOperatingIncome": "-15157000", "depreciation": "None", "depreciationAndAmortization": "207655000", "incomeBeforeTax": "188089000", "incomeTaxExpense": "-3519000", "interestAndDebtExpense": "None", "netIncomeFromContinuingOperations": "191608000", "comprehensiveIncomeNetOfTax": "None", "ebit": "394415000", "ebitda": "602070000", "netIncome": "102652000"}, {"fiscalDateEnding": "2013-12-31", "reportedCurrency": "USD", "grossProfit": "908038000", "totalRevenue": "2513213000", "costOfRevenue": "1605175000", "costofGoodsAndServicesSold": "1605175000", "operatingIncome": "330330000", "sellingGeneralAndAdministrative": "317378000", "researchAndDevelopment": "0", "operatingExpenses": "591802000", "investmentIncomeNet": "None", "netInterestIncome": "None", "interestIncome": "None", "interestExpense": "208461000", "nonInterestIncome": "None", "otherNonOperatingIncome": "-75875000", "depreciation": "None", "depreciationAndAmortization": "207474000", "incomeBeforeTax": "45994000", "incomeTaxExpense": "5117000", "interestAndDebtExpense": "None", "netIncomeFromContinuingOperations": "40877000", "comprehensiveIncomeNetOfTax": "None", "ebit": "316236000", "ebitda": "523710000", "netIncome": "-38335000"}, {"fiscalDateEnding": "2013-09-30", "reportedCurrency": "USD", "grossProfit": "882960000", "totalRevenue": "2463037000", "costOfRevenue": "1580077000", "costofGoodsAndServicesSold": "1580077000", "operatingIncome": "247763000", "sellingGeneralAndAdministrative": "342847000", "researchAndDevelopment": "0", "operatingExpenses": "612998000", "investmentIncomeNet": "None", "netInterestIncome": "None", "interestIncome": "None", "interestExpense": "208939000", "nonInterestIncome": "None", "otherNonOperatingIncome": "-23349000", "depreciation": "None", "depreciationAndAmortization": "211682000", "incomeBeforeTax": "15475000", "incomeTaxExpense": "-8150000", "interestAndDebtExpense": "None", "netIncomeFromContinuingOperations": "23625000", "comprehensiveIncomeNetOfTax": "None", "ebit": "269962000", "ebitda": "481644000", "netIncome": "-31859000"}, {"fiscalDateEnding": "2013-06-30", "reportedCurrency": "USD", "grossProfit": "901396000", "totalRevenue": "2481265000", "costOfRevenue": "1579869000", "costofGoodsAndServicesSold": "1579869000", "operatingIncome": "231602000", "sellingGeneralAndAdministrative": "314324000", "researchAndDevelopment": "0", "operatingExpenses": "588345000", "investmentIncomeNet": "None", "netInterestIncome": "None", "interestIncome": "None", "interestExpense": "214500000", "nonInterestIncome": "None", "otherNonOperatingIncome": "-43815000", "depreciation": "None", "depreciationAndAmortization": "218151000", "incomeBeforeTax": "-26713000", "incomeTaxExpense": "3865000", "interestAndDebtExpense": "None", "netIncomeFromContinuingOperations": "-30578000", "comprehensiveIncomeNetOfTax": "None", "ebit": "275918000", "ebitda": "494069000", "netIncome": "-92958000"}, {"fiscalDateEnding": "2013-03-31", "reportedCurrency": "USD", "grossProfit": "858553000", "totalRevenue": "2352148000", "costOfRevenue": "1493595000", "costofGoodsAndServicesSold": "1493595000", "operatingIncome": "301817000", "sellingGeneralAndAdministrative": "303901000", "researchAndDevelopment": "0", "operatingExpenses": "564589000", "investmentIncomeNet": "None", "netInterestIncome": "None", "interestIncome": "None", "interestExpense": "225447000", "nonInterestIncome": "None", "otherNonOperatingIncome": "-23361000", "depreciation": "None", "depreciationAndAmortization": "211918000", "incomeBeforeTax": "53009000", "incomeTaxExpense": "30431000", "interestAndDebtExpense": "None", "netIncomeFromContinuingOperations": "22578000", "comprehensiveIncomeNetOfTax": "None", "ebit": "278456000", "ebitda": "490374000", "netIncome": "6546000"}, {"fiscalDateEnding": "2012-12-31", "reportedCurrency": "USD", "grossProfit": "810431000", "totalRevenue": "2294511000", "costOfRevenue": "1484080000", "costofGoodsAndServicesSold": "1484080000", "operatingIncome": "-424856000", "sellingGeneralAndAdministrative": "307901000", "researchAndDevelopment": "0", "operatingExpenses": "623309000", "investmentIncomeNet": "None", "netInterestIncome": "None", "interestIncome": "None", "interestExpense": "279922000", "nonInterestIncome": "None", "otherNonOperatingIncome": "-574260000", "depreciation": "None", "depreciationAndAmortization": "226831000", "incomeBeforeTax": "-1279038000", "incomeTaxExpense": "-90541000", "interestAndDebtExpense": "None", "netIncomeFromContinuingOperations": "-1188497000", "comprehensiveIncomeNetOfTax": "None", "ebit": "-388254000", "ebitda": "-161423000", "netIncome": "-1223827000"}, {"fiscalDateEnding": "2012-09-30", "reportedCurrency": "USD", "grossProfit": "792424000", "totalRevenue": "2254978000", "costOfRevenue": "1462554000", "costofGoodsAndServicesSold": "1462554000", "operatingIncome": "137401000", "sellingGeneralAndAdministrative": "319106000", "researchAndDevelopment": "0", "operatingExpenses": "617080000", "investmentIncomeNet": "None", "netInterestIncome": "None", "interestIncome": "None", "interestExpense": "275771000", "nonInterestIncome": "None", "otherNonOperatingIncome": "-18889000", "depreciation": "None", "depreciationAndAmortization": "228414000", "incomeBeforeTax": "-157259000", "incomeTaxExpense": "-2585000", "interestAndDebtExpense": "None", "netIncomeFromContinuingOperations": "-154674000", "comprehensiveIncomeNetOfTax": "None", "ebit": "118512000", "ebitda": "346926000", "netIncome": "-181159000"}, {"fiscalDateEnding": "2012-06-30", "reportedCurrency": "USD", "grossProfit": "847517000", "totalRevenue": "2323765000", "costOfRevenue": "1476248000", "costofGoodsAndServicesSold": "1476248000", "operatingIncome": "175375000", "sellingGeneralAndAdministrative": "309478000", "researchAndDevelopment": "0", "operatingExpenses": "678128000", "investmentIncomeNet": "None", "netInterestIncome": "None", "interestIncome": "None", "interestExpense": "276323000", "nonInterestIncome": "None", "otherNonOperatingIncome": "-20790000", "depreciation": "None", "depreciationAndAmortization": "235643000", "incomeBeforeTax": "-121738000", "incomeTaxExpense": "-51304000", "interestAndDebtExpense": "None", "netIncomeFromContinuingOperations": "-70434000", "comprehensiveIncomeNetOfTax": "None", "ebit": "154585000", "ebitda": "390228000", "netIncome": "-145452000"}, {"fiscalDateEnding": "2012-03-31", "reportedCurrency": "USD", "grossProfit": "789190000", "totalRevenue": "2287590000", "costOfRevenue": "1498400000", "costofGoodsAndServicesSold": "1498400000", "operatingIncome": "192606000", "sellingGeneralAndAdministrative": "303289000", "researchAndDevelopment": "0", "operatingExpenses": "583275000", "investmentIncomeNet": "None", "netInterestIncome": "None", "interestIncome": "None", "interestExpense": "284342000", "nonInterestIncome": "None", "otherNonOperatingIncome": "-84442000", "depreciation": "None", "depreciationAndAmortization": "236809000", "incomeBeforeTax": "-176178000", "incomeTaxExpense": "27129000", "interestAndDebtExpense": "None", "netIncomeFromContinuingOperations": "-203307000", "comprehensiveIncomeNetOfTax": "None", "ebit": "108164000", "ebitda": "344973000", "netIncome": "-217253000"}, {"fiscalDateEnding": "2011-12-31", "reportedCurrency": "USD", "grossProfit": "791713000", "totalRevenue": "2296889000", "costOfRevenue": "1505176000", "costofGoodsAndServicesSold": "1505176000", "operatingIncome": "-6991997000", "sellingGeneralAndAdministrative": "1182505000", "researchAndDevelopment": "0", "operatingExpenses": "4191796000", "investmentIncomeNet": "None", "netInterestIncome": "None", "interestIncome": "None", "interestExpense": "274152000", "nonInterestIncome": "None", "otherNonOperatingIncome": "-27132000", "depreciation": "None", "depreciationAndAmortization": "237762000", "incomeBeforeTax": "-210177000", "incomeTaxExpense": "-190876000", "interestAndDebtExpense": "None", "netIncomeFromContinuingOperations": "-19301000", "comprehensiveIncomeNetOfTax": "None", "ebit": "63975000", "ebitda": "301737000", "netIncome": "-113691000"}, {"fiscalDateEnding": "2011-09-30", "reportedCurrency": "USD", "grossProfit": "790964000", "totalRevenue": "2233587000", "costOfRevenue": "1442623000", "costofGoodsAndServicesSold": "1442623000", "operatingIncome": "112574000", "sellingGeneralAndAdministrative": "304049000", "researchAndDevelopment": "0", "operatingExpenses": "678929000", "investmentIncomeNet": "None", "netInterestIncome": "None", "interestIncome": "None", "interestExpense": "272542000", "nonInterestIncome": "None", "otherNonOperatingIncome": "-26287000", "depreciation": "None", "depreciationAndAmortization": "249520000", "incomeBeforeTax": "-186255000", "incomeTaxExpense": "-79680000", "interestAndDebtExpense": "None", "netIncomeFromContinuingOperations": "-106575000", "comprehensiveIncomeNetOfTax": "None", "ebit": "112574000", "ebitda": "362094000", "netIncome": "-123786000"}, {"fiscalDateEnding": "2011-06-30", "reportedCurrency": "USD", "grossProfit": "675377000", "totalRevenue": "1805985000", "costOfRevenue": "1130608000", "costofGoodsAndServicesSold": "1130608000", "operatingIncome": "3683760000", "sellingGeneralAndAdministrative": "301582000", "researchAndDevelopment": "0", "operatingExpenses": "-2976356000", "investmentIncomeNet": "None", "netInterestIncome": "None", "interestIncome": "None", "interestExpense": "270224000", "nonInterestIncome": "None", "otherNonOperatingIncome": "-41019000", "depreciation": "None", "depreciationAndAmortization": "177467000", "incomeBeforeTax": "3372517000", "incomeTaxExpense": "-78174000", "interestAndDebtExpense": "None", "netIncomeFromContinuingOperations": "3450691000", "comprehensiveIncomeNetOfTax": "None", "ebit": "3642741000", "ebitda": "3820208000", "netIncome": "3441985000"}, {"fiscalDateEnding": "2011-03-31", "reportedCurrency": "USD", "grossProfit": "564897000", "totalRevenue": "1504954000", "costOfRevenue": "940057000", "costofGoodsAndServicesSold": "940057000", "operatingIncome": "169705000", "sellingGeneralAndAdministrative": "269562000", "researchAndDevelopment": "0", "operatingExpenses": "458535000", "investmentIncomeNet": "None", "netInterestIncome": "None", "interestIncome": "None", "interestExpense": "269914000", "nonInterestIncome": "None", "otherNonOperatingIncome": "-44245000", "depreciation": "None", "depreciationAndAmortization": "152397000", "incomeBeforeTax": "-144454000", "incomeTaxExpense": "-54583000", "interestAndDebtExpense": "None", "netIncomeFromContinuingOperations": "-89871000", "comprehensiveIncomeNetOfTax": "None", "ebit": "125460000", "ebitda": "277857000", "netIncome": "-89871000"}, {"fiscalDateEnding": "2010-12-31", "reportedCurrency": "USD", "grossProfit": "539196000", "totalRevenue": "1466441000", "costOfRevenue": "927245000", "costofGoodsAndServicesSold": "927245000", "operatingIncome": "185644000", "sellingGeneralAndAdministrative": "1128803000", "researchAndDevelopment": "0", "operatingExpenses": "467788000", "investmentIncomeNet": "None", "netInterestIncome": "None", "interestIncome": "None", "interestExpense": "273097000", "nonInterestIncome": "None", "otherNonOperatingIncome": "None", "depreciation": "None", "depreciationAndAmortization": "146666000", "incomeBeforeTax": "-185034000", "incomeTaxExpense": "-45845000", "interestAndDebtExpense": "None", "netIncomeFromContinuingOperations": "0", "comprehensiveIncomeNetOfTax": "None", "ebit": "88063000", "ebitda": "234729000", "netIncome": "-139189000"}, {"fiscalDateEnding": "2010-09-30", "reportedCurrency": "USD", "grossProfit": "601435000", "totalRevenue": "1557705000", "costOfRevenue": "956270000", "costofGoodsAndServicesSold": "956270000", "operatingIncome": "-205901000", "sellingGeneralAndAdministrative": "292456000", "researchAndDevelopment": "0", "operatingExpenses": "800212000", "investmentIncomeNet": "None", "netInterestIncome": "None", "interestIncome": "None", "interestExpense": "285139000", "nonInterestIncome": "None", "otherNonOperatingIncome": "-19887000", "depreciation": "None", "depreciationAndAmortization": "158857000", "incomeBeforeTax": "-510927000", "incomeTaxExpense": "-192936000", "interestAndDebtExpense": "None", "netIncomeFromContinuingOperations": "-317991000", "comprehensiveIncomeNetOfTax": "None", "ebit": "-225788000", "ebitda": "-66931000", "netIncome": "-317991000"}, {"fiscalDateEnding": "2010-06-30", "reportedCurrency": "USD", "grossProfit": "583316000", "totalRevenue": "1537695000", "costOfRevenue": "954379000", "costofGoodsAndServicesSold": "954379000", "operatingIncome": "-1048817000", "sellingGeneralAndAdministrative": "282404000", "researchAndDevelopment": "0", "operatingExpenses": "1605939000", "investmentIncomeNet": "None", "netInterestIncome": "None", "interestIncome": "None", "interestExpense": "291169000", "nonInterestIncome": "None", "otherNonOperatingIncome": "-22985000", "depreciation": "None", "depreciationAndAmortization": "164766000", "incomeBeforeTax": "-1362971000", "incomeTaxExpense": "-479495000", "interestAndDebtExpense": "None", "netIncomeFromContinuingOperations": "-883476000", "comprehensiveIncomeNetOfTax": "None", "ebit": "-1047941000", "ebitda": "-883175000", "netIncome": "-883476000"}, {"fiscalDateEnding": "2010-03-31", "reportedCurrency": "USD", "grossProfit": "537744000", "totalRevenue": "1457392000", "costOfRevenue": "919648000", "costofGoodsAndServicesSold": "919648000", "operatingIncome": "-11423000", "sellingGeneralAndAdministrative": "276054000", "researchAndDevelopment": "0", "operatingExpenses": "468249000", "investmentIncomeNet": "None", "netInterestIncome": "None", "interestIncome": "None", "interestExpense": "264175000", "nonInterestIncome": "None", "otherNonOperatingIncome": "None", "depreciation": "None", "depreciationAndAmortization": "163134000", "incomeBeforeTax": "-157093000", "incomeTaxExpense": "-60352000", "interestAndDebtExpense": "None", "netIncomeFromContinuingOperations": "0", "comprehensiveIncomeNetOfTax": "None", "ebit": "107082000", "ebitda": "270216000", "netIncome": "-96741000"}, {"fiscalDateEnding": "2009-12-31", "reportedCurrency": "USD", "grossProfit": "549670000", "totalRevenue": "1452416000", "costOfRevenue": "902746000", "costofGoodsAndServicesSold": "902746000", "operatingIncome": "-486655000", "sellingGeneralAndAdministrative": "1100193000", "researchAndDevelopment": "0", "operatingExpenses": "1841091000", "investmentIncomeNet": "None", "netInterestIncome": "None", "interestIncome": "None", "interestExpense": "220609000", "nonInterestIncome": "None", "otherNonOperatingIncome": "None", "depreciation": "None", "depreciationAndAmortization": "167396000", "incomeBeforeTax": "-719334000", "incomeTaxExpense": "-285416000", "interestAndDebtExpense": "None", "netIncomeFromContinuingOperations": "0", "comprehensiveIncomeNetOfTax": "None", "ebit": "-498725000", "ebitda": "-331329000", "netIncome": "-433918000"}, {"fiscalDateEnding": "2009-09-30", "reportedCurrency": "USD", "grossProfit": "644085000", "totalRevenue": "1533223000", "costOfRevenue": "889138000", "costofGoodsAndServicesSold": "889138000", "operatingIncome": "-963419000", "sellingGeneralAndAdministrative": "290766000", "researchAndDevelopment": "0", "operatingExpenses": "1474611000", "investmentIncomeNet": "None", "netInterestIncome": "None", "interestIncome": "None", "interestExpense": "181899000", "nonInterestIncome": "None", "otherNonOperatingIncome": "None", "depreciation": "None", "depreciationAndAmortization": "170651000", "incomeBeforeTax": "-1158248000", "incomeTaxExpense": "-407860000", "interestAndDebtExpense": "None", "netIncomeFromContinuingOperations": "0", "comprehensiveIncomeNetOfTax": "None", "ebit": "-962562000", "ebitda": "-791911000", "netIncome": "-750388000"}, {"fiscalDateEnding": "2009-06-30", "reportedCurrency": "USD", "grossProfit": "630573000", "totalRevenue": "1494155000", "costOfRevenue": "863582000", "costofGoodsAndServicesSold": "863582000", "operatingIncome": "131099000", "sellingGeneralAndAdministrative": "273567000", "researchAndDevelopment": "0", "operatingExpenses": "503599000", "investmentIncomeNet": "None", "netInterestIncome": "None", "interestIncome": "None", "interestExpense": "201287000", "nonInterestIncome": "None", "otherNonOperatingIncome": "None", "depreciation": "None", "depreciationAndAmortization": "174368000", "incomeBeforeTax": "-310387000", "incomeTaxExpense": "-97812000", "interestAndDebtExpense": "None", "netIncomeFromContinuingOperations": "0", "comprehensiveIncomeNetOfTax": "None", "ebit": "-109100000", "ebitda": "65268000", "netIncome": "-212575000"}, {"fiscalDateEnding": "2009-03-31", "reportedCurrency": "USD", "grossProfit": "614955000", "totalRevenue": "1498795000", "costOfRevenue": "883840000", "costofGoodsAndServicesSold": "883840000", "operatingIncome": "355099000", "sellingGeneralAndAdministrative": "260797000", "researchAndDevelopment": "0", "operatingExpenses": "450087000", "investmentIncomeNet": "None", "netInterestIncome": "None", "interestIncome": "None", "interestExpense": "171636000", "nonInterestIncome": "None", "otherNonOperatingIncome": "None", "depreciation": "None", "depreciationAndAmortization": "176858000", "incomeBeforeTax": "175376000", "incomeTaxExpense": "70177000", "interestAndDebtExpense": "None", "netIncomeFromContinuingOperations": "0", "comprehensiveIncomeNetOfTax": "None", "ebit": "347012000", "ebitda": "523870000", "netIncome": "105199000"}, {"fiscalDateEnding": "2008-12-31", "reportedCurrency": "USD", "grossProfit": "539062000", "totalRevenue": "1624512000", "costOfRevenue": "1085450000", "costofGoodsAndServicesSold": "1085450000", "operatingIncome": "-1046232000", "sellingGeneralAndAdministrative": "1278501000", "researchAndDevelopment": "0", "operatingExpenses": "1585180000", "investmentIncomeNet": "None", "netInterestIncome": "None", "interestIncome": "None", "interestExpense": "609286000", "nonInterestIncome": "None", "otherNonOperatingIncome": "None", "depreciation": "None", "depreciationAndAmortization": "194667000", "incomeBeforeTax": "-1132889000", "incomeTaxExpense": "15122000", "interestAndDebtExpense": "None", "netIncomeFromContinuingOperations": "0", "comprehensiveIncomeNetOfTax": "None", "ebit": "-1046118000", "ebitda": "-851451000", "netIncome": "-1148011000"}, {"fiscalDateEnding": "2008-09-30", "reportedCurrency": "USD", "grossProfit": "792215000", "totalRevenue": "1785531000", "costOfRevenue": "993316000", "costofGoodsAndServicesSold": "993316000", "operatingIncome": "241557000", "sellingGeneralAndAdministrative": "326831000", "researchAndDevelopment": "0", "operatingExpenses": "550658000", "investmentIncomeNet": "None", "netInterestIncome": "None", "interestIncome": "None", "interestExpense": "144751000", "nonInterestIncome": "None", "otherNonOperatingIncome": "None", "depreciation": "None", "depreciationAndAmortization": "201609000", "incomeBeforeTax": "95289000", "incomeTaxExpense": "34011000", "interestAndDebtExpense": "None", "netIncomeFromContinuingOperations": "0", "comprehensiveIncomeNetOfTax": "None", "ebit": "239432000", "ebitda": "441041000", "netIncome": "61278000"}, {"fiscalDateEnding": "2008-06-30", "reportedCurrency": "USD", "grossProfit": "871228000", "totalRevenue": "1895719000", "costOfRevenue": "1024491000", "costofGoodsAndServicesSold": "1024491000", "operatingIncome": "333784000", "sellingGeneralAndAdministrative": "323811000", "researchAndDevelopment": "0", "operatingExpenses": "537444000", "investmentIncomeNet": "None", "netInterestIncome": "None", "interestIncome": "None", "interestExpense": "145304000", "nonInterestIncome": "None", "otherNonOperatingIncome": "None", "depreciation": "None", "depreciationAndAmortization": "197610000", "incomeBeforeTax": "183308000", "incomeTaxExpense": "70207000", "interestAndDebtExpense": "None", "netIncomeFromContinuingOperations": "0", "comprehensiveIncomeNetOfTax": "None", "ebit": "334415000", "ebitda": "532025000", "netIncome": "113101000"}, {"fiscalDateEnding": "2008-03-31", "reportedCurrency": "USD", "grossProfit": "862609000", "totalRevenue": "1883633000", "costOfRevenue": "1021024000", "costofGoodsAndServicesSold": "1021024000", "operatingIncome": "341288000", "sellingGeneralAndAdministrative": "320374000", "researchAndDevelopment": "0", "operatingExpenses": "520992000", "investmentIncomeNet": "None", "netInterestIncome": "None", "interestIncome": "None", "interestExpense": "149789000", "nonInterestIncome": "None", "otherNonOperatingIncome": "None", "depreciation": "None", "depreciationAndAmortization": "194970000", "incomeBeforeTax": "185304000", "incomeTaxExpense": "66958000", "interestAndDebtExpense": "None", "netIncomeFromContinuingOperations": "0", "comprehensiveIncomeNetOfTax": "None", "ebit": "341716000", "ebitda": "536686000", "netIncome": "118346000"}, {"fiscalDateEnding": "2007-12-31", "reportedCurrency": "USD", "grossProfit": "872544000", "totalRevenue": "1928716000", "costOfRevenue": "1056172000", "costofGoodsAndServicesSold": "1056172000", "operatingIncome": "1485211000", "sellingGeneralAndAdministrative": "1140363000", "researchAndDevelopment": "0", "operatingExpenses": "-612667000", "investmentIncomeNet": "None", "netInterestIncome": "None", "interestIncome": "None", "interestExpense": "708343000", "nonInterestIncome": "None", "otherNonOperatingIncome": "None", "depreciation": "None", "depreciationAndAmortization": "201194000", "incomeBeforeTax": "1333349000", "incomeTaxExpense": "462575000", "interestAndDebtExpense": "None", "netIncomeFromContinuingOperations": "0", "comprehensiveIncomeNetOfTax": "None", "ebit": "1485211000", "ebitda": "1686405000", "netIncome": "872211000"}, {"fiscalDateEnding": "2007-09-30", "reportedCurrency": "USD", "grossProfit": "867256000", "totalRevenue": "1897070000", "costOfRevenue": "1029814000", "costofGoodsAndServicesSold": "1029814000", "operatingIncome": "464613000", "sellingGeneralAndAdministrative": "286447000", "researchAndDevelopment": "0", "operatingExpenses": "402643000", "investmentIncomeNet": "None", "netInterestIncome": "None", "interestIncome": "None", "interestExpense": "180033000", "nonInterestIncome": "None", "otherNonOperatingIncome": "None", "depreciation": "None", "depreciationAndAmortization": "163964000", "incomeBeforeTax": "283599000", "incomeTaxExpense": "99736000", "interestAndDebtExpense": "None", "netIncomeFromContinuingOperations": "0", "comprehensiveIncomeNetOfTax": "None", "ebit": "471429000", "ebitda": "635393000", "netIncome": "183863000"}, {"fiscalDateEnding": "2007-06-30", "reportedCurrency": "USD", "grossProfit": "902300000", "totalRevenue": "1936416000", "costOfRevenue": "1034116000", "costofGoodsAndServicesSold": "1034116000", "operatingIncome": "468973000", "sellingGeneralAndAdministrative": "302187000", "researchAndDevelopment": "0", "operatingExpenses": "433327000", "investmentIncomeNet": "None", "netInterestIncome": "None", "interestIncome": "None", "interestExpense": "183429000", "nonInterestIncome": "None", "otherNonOperatingIncome": "None", "depreciation": "None", "depreciationAndAmortization": "172929000", "incomeBeforeTax": "285535000", "incomeTaxExpense": "102637000", "interestAndDebtExpense": "None", "netIncomeFromContinuingOperations": "0", "comprehensiveIncomeNetOfTax": "None", "ebit": "468973000", "ebitda": "641902000", "netIncome": "360172000"}, {"fiscalDateEnding": "2007-03-31", "reportedCurrency": "USD", "grossProfit": "910390000", "totalRevenue": "1929435000", "costOfRevenue": "1019045000", "costofGoodsAndServicesSold": "1019045000", "operatingIncome": "445133000", "sellingGeneralAndAdministrative": "285105000", "researchAndDevelopment": "0", "operatingExpenses": "465257000", "investmentIncomeNet": "None", "netInterestIncome": "None", "interestIncome": "None", "interestExpense": "184011000", "nonInterestIncome": "None", "otherNonOperatingIncome": "None", "depreciation": "None", "depreciationAndAmortization": "166545000", "incomeBeforeTax": "255945000", "incomeTaxExpense": "92935000", "interestAndDebtExpense": "None", "netIncomeFromContinuingOperations": "0", "comprehensiveIncomeNetOfTax": "None", "ebit": "446865000", "ebitda": "613410000", "netIncome": "168173000"}, {"fiscalDateEnding": "2006-12-31", "reportedCurrency": "USD", "grossProfit": "733652000", "totalRevenue": "1528265000", "costOfRevenue": "794613000", "costofGoodsAndServicesSold": "794613000", "operatingIncome": "478470000", "sellingGeneralAndAdministrative": "616168000", "researchAndDevelopment": "0", "operatingExpenses": "255182000", "investmentIncomeNet": "None", "netInterestIncome": "None", "interestIncome": "None", "interestExpense": "708902000", "nonInterestIncome": "None", "otherNonOperatingIncome": "None", "depreciation": "None", "depreciationAndAmortization": "168607000", "incomeBeforeTax": "295950000", "incomeTaxExpense": "106647000", "interestAndDebtExpense": "None", "netIncomeFromContinuingOperations": "0", "comprehensiveIncomeNetOfTax": "None", "ebit": "478470000", "ebitda": "647077000", "netIncome": "201571000"}, {"fiscalDateEnding": "2006-09-30", "reportedCurrency": "USD", "grossProfit": "869044000", "totalRevenue": "1901975000", "costOfRevenue": "1032931000", "costofGoodsAndServicesSold": "1032931000", "operatingIncome": "427667000", "sellingGeneralAndAdministrative": "302430000", "researchAndDevelopment": "0", "operatingExpenses": "441377000", "investmentIncomeNet": "None", "netInterestIncome": "None", "interestIncome": "None", "interestExpense": "193899000", "nonInterestIncome": "None", "otherNonOperatingIncome": "None", "depreciation": "None", "depreciationAndAmortization": "163097000", "incomeBeforeTax": "230137000", "incomeTaxExpense": "73875000", "interestAndDebtExpense": "None", "netIncomeFromContinuingOperations": "0", "comprehensiveIncomeNetOfTax": "None", "ebit": "419397000", "ebitda": "582494000", "netIncome": "156262000"}, {"fiscalDateEnding": "2006-06-30", "reportedCurrency": "USD", "grossProfit": "1030675000", "totalRevenue": "2019185000", "costOfRevenue": "988510000", "costofGoodsAndServicesSold": "988510000", "operatingIncome": "427739000", "sellingGeneralAndAdministrative": "330225000", "researchAndDevelopment": "0", "operatingExpenses": "602705000", "investmentIncomeNet": "None", "netInterestIncome": "None", "interestIncome": "None", "interestExpense": "195345000", "nonInterestIncome": "None", "otherNonOperatingIncome": "None", "depreciation": "None", "depreciationAndAmortization": "164611000", "incomeBeforeTax": "228747000", "incomeTaxExpense": "82353000", "interestAndDebtExpense": "None", "netIncomeFromContinuingOperations": "0", "comprehensiveIncomeNetOfTax": "None", "ebit": "417653000", "ebitda": "582264000", "netIncome": "146394000"}, {"fiscalDateEnding": "2006-03-31", "reportedCurrency": "USD", "grossProfit": "881201000", "totalRevenue": "1878533000", "costOfRevenue": "997332000", "costofGoodsAndServicesSold": "997332000", "operatingIncome": "424372000", "sellingGeneralAndAdministrative": "306656000", "researchAndDevelopment": "0", "operatingExpenses": "456025000", "investmentIncomeNet": "None", "netInterestIncome": "None", "interestIncome": "None", "interestExpense": "197386000", "nonInterestIncome": "None", "otherNonOperatingIncome": "None", "depreciation": "None", "depreciationAndAmortization": "154508000", "incomeBeforeTax": "223092000", "incomeTaxExpense": "79055000", "interestAndDebtExpense": "None", "netIncomeFromContinuingOperations": "0", "comprehensiveIncomeNetOfTax": "None", "ebit": "414157000", "ebitda": "568665000", "netIncome": "144037000"}, {"fiscalDateEnding": "2005-12-31", "reportedCurrency": "USD", "grossProfit": "786505000", "totalRevenue": "1753633000", "costOfRevenue": "967128000", "costofGoodsAndServicesSold": "967128000", "operatingIncome": "346104000", "sellingGeneralAndAdministrative": "304721000", "researchAndDevelopment": "0", "operatingExpenses": "440401000", "investmentIncomeNet": "None", "netInterestIncome": "None", "interestIncome": "None", "interestExpense": "532884000", "nonInterestIncome": "None", "otherNonOperatingIncome": "None", "depreciation": "None", "depreciationAndAmortization": "170159000", "incomeBeforeTax": "146703000", "incomeTaxExpense": "48904000", "interestAndDebtExpense": "None", "netIncomeFromContinuingOperations": "0", "comprehensiveIncomeNetOfTax": "None", "ebit": "346104000", "ebitda": "516263000", "netIncome": "97799000"}, {"fiscalDateEnding": "2005-09-30", "reportedCurrency": "USD", "grossProfit": "802194000", "totalRevenue": "1808243000", "costOfRevenue": "1006049000", "costofGoodsAndServicesSold": "1006049000", "operatingIncome": "339999000", "sellingGeneralAndAdministrative": "288728000", "researchAndDevelopment": "0", "operatingExpenses": "462184000", "investmentIncomeNet": "None", "netInterestIncome": "None", "interestIncome": "None", "interestExpense": "193150000", "nonInterestIncome": "None", "otherNonOperatingIncome": "None", "depreciation": "None", "depreciationAndAmortization": "161566000", "incomeBeforeTax": "147555000", "incomeTaxExpense": "54345000", "interestAndDebtExpense": "None", "netIncomeFromContinuingOperations": "0", "comprehensiveIncomeNetOfTax": "None", "ebit": "340010000", "ebitda": "501576000", "netIncome": "93210000"}, {"fiscalDateEnding": "2005-06-30", "reportedCurrency": "USD", "grossProfit": "785767000", "totalRevenue": "1715956000", "costOfRevenue": "930189000", "costofGoodsAndServicesSold": "930189000", "operatingIncome": "377929000", "sellingGeneralAndAdministrative": "249713000", "researchAndDevelopment": "0", "operatingExpenses": "407842000", "investmentIncomeNet": "None", "netInterestIncome": "None", "interestIncome": "None", "interestExpense": "167348000", "nonInterestIncome": "None", "otherNonOperatingIncome": "None", "depreciation": "None", "depreciationAndAmortization": "144752000", "incomeBeforeTax": "209715000", "incomeTaxExpense": "68547000", "interestAndDebtExpense": "None", "netIncomeFromContinuingOperations": "0", "comprehensiveIncomeNetOfTax": "None", "ebit": "386056000", "ebitda": "530808000", "netIncome": "141168000"}, {"fiscalDateEnding": "2005-03-31", "reportedCurrency": "USD", "grossProfit": "560442000", "totalRevenue": "1204135000", "costOfRevenue": "643693000", "costofGoodsAndServicesSold": "643693000", "operatingIncome": "293176000", "sellingGeneralAndAdministrative": "158364000", "researchAndDevelopment": "0", "operatingExpenses": "267332000", "investmentIncomeNet": "None", "netInterestIncome": "None", "interestIncome": "None", "interestExpense": "101468000", "nonInterestIncome": "None", "otherNonOperatingIncome": "None", "depreciation": "None", "depreciationAndAmortization": "117416000", "incomeBeforeTax": "174927000", "incomeTaxExpense": "63848000", "interestAndDebtExpense": "None", "netIncomeFromContinuingOperations": "0", "comprehensiveIncomeNetOfTax": "None", "ebit": "293110000", "ebitda": "410526000", "netIncome": "111079000"}, {"fiscalDateEnding": "2004-12-31", "reportedCurrency": "USD", "grossProfit": "477350000", "totalRevenue": "1062747000", "costOfRevenue": "585397000", "costofGoodsAndServicesSold": "585397000", "operatingIncome": "213240000", "sellingGeneralAndAdministrative": "612615000", "researchAndDevelopment": "0", "operatingExpenses": "264386000", "investmentIncomeNet": "None", "netInterestIncome": "None", "interestIncome": "None", "interestExpense": "378386000", "nonInterestIncome": "None", "otherNonOperatingIncome": "None", "depreciation": "None", "depreciationAndAmortization": "114098000", "incomeBeforeTax": "121925000", "incomeTaxExpense": "47039000", "interestAndDebtExpense": "None", "netIncomeFromContinuingOperations": "0", "comprehensiveIncomeNetOfTax": "None", "ebit": "212964000", "ebitda": "327062000", "netIncome": "74886000"}]}