{"symbol": "TSCO", "annualReports": [{"fiscalDateEnding": "2024-12-31", "reportedCurrency": "USD", "grossProfit": "5396557000", "totalRevenue": "14883231000", "costOfRevenue": "9486674000", "costofGoodsAndServicesSold": "9486674000", "operatingIncome": "1467532000", "sellingGeneralAndAdministrative": "3481863000", "researchAndDevelopment": "None", "operatingExpenses": "3929025000", "investmentIncomeNet": "None", "netInterestIncome": "-54592000", "interestIncome": "None", "interestExpense": "54592000", "nonInterestIncome": "None", "otherNonOperatingIncome": "None", "depreciation": "None", "depreciationAndAmortization": "447162000", "incomeBeforeTax": "1412940000", "incomeTaxExpense": "311700000", "interestAndDebtExpense": "None", "netIncomeFromContinuingOperations": "1101240000", "comprehensiveIncomeNetOfTax": "None", "ebit": "1467532000", "ebitda": "1914694000", "netIncome": "1101240000"}, {"fiscalDateEnding": "2023-12-31", "reportedCurrency": "USD", "grossProfit": "5228219000", "totalRevenue": "14555741000", "costOfRevenue": "9327522000", "costofGoodsAndServicesSold": "9327522000", "operatingIncome": "1478912000", "sellingGeneralAndAdministrative": "3269158000", "researchAndDevelopment": "None", "operatingExpenses": "3749307000", "investmentIncomeNet": "None", "netInterestIncome": "-44803000", "interestIncome": "None", "interestExpense": "46510000", "nonInterestIncome": "None", "otherNonOperatingIncome": "None", "depreciation": "None", "depreciationAndAmortization": "393049000", "incomeBeforeTax": "1432402000", "incomeTaxExpense": "325176000", "interestAndDebtExpense": "None", "netIncomeFromContinuingOperations": "1130193000", "comprehensiveIncomeNetOfTax": "None", "ebit": "1478912000", "ebitda": "1871961000", "netIncome": "1107226000"}, {"fiscalDateEnding": "2022-12-31", "reportedCurrency": "USD", "grossProfit": "4972204000", "totalRevenue": "14204717000", "costOfRevenue": "9232513000", "costofGoodsAndServicesSold": "9232513000", "operatingIncome": "1434943000", "sellingGeneralAndAdministrative": "3099599000", "researchAndDevelopment": "None", "operatingExpenses": "3537261000", "investmentIncomeNet": "None", "netInterestIncome": "-30633000", "interestIncome": "None", "interestExpense": "30633000", "nonInterestIncome": "None", "otherNonOperatingIncome": "None", "depreciation": "None", "depreciationAndAmortization": "343062000", "incomeBeforeTax": "1404310000", "incomeTaxExpense": "315598000", "interestAndDebtExpense": "None", "netIncomeFromContinuingOperations": "1088712000", "comprehensiveIncomeNetOfTax": "None", "ebit": "1434943000", "ebitda": "1778005000", "netIncome": "1088712000"}, {"fiscalDateEnding": "2021-12-31", "reportedCurrency": "USD", "grossProfit": "4477153000", "totalRevenue": "12731105000", "costOfRevenue": "8253952000", "costofGoodsAndServicesSold": "8253952000", "operatingIncome": "1306698000", "sellingGeneralAndAdministrative": "2804897000", "researchAndDevelopment": "None", "operatingExpenses": "3170455000", "investmentIncomeNet": "None", "netInterestIncome": "-26610000", "interestIncome": "None", "interestExpense": "26610000", "nonInterestIncome": "None", "otherNonOperatingIncome": "None", "depreciation": "None", "depreciationAndAmortization": "270158000", "incomeBeforeTax": "1280088000", "incomeTaxExpense": "282974000", "interestAndDebtExpense": "None", "netIncomeFromContinuingOperations": "997114000", "comprehensiveIncomeNetOfTax": "None", "ebit": "1306698000", "ebitda": "1576856000", "netIncome": "997114000"}, {"fiscalDateEnding": "2020-12-31", "reportedCurrency": "USD", "grossProfit": "3761549000", "totalRevenue": "10620352000", "costOfRevenue": "6858803000", "costofGoodsAndServicesSold": "6858803000", "operatingIncome": "996928000", "sellingGeneralAndAdministrative": "2377624000", "researchAndDevelopment": "None", "operatingExpenses": "2695648000", "investmentIncomeNet": "None", "netInterestIncome": "-28781000", "interestIncome": "None", "interestExpense": "28781000", "nonInterestIncome": "None", "otherNonOperatingIncome": "None", "depreciation": "None", "depreciationAndAmortization": "217124000", "incomeBeforeTax": "968147000", "incomeTaxExpense": "219189000", "interestAndDebtExpense": "None", "netIncomeFromContinuingOperations": "748958000", "comprehensiveIncomeNetOfTax": "None", "ebit": "996928000", "ebitda": "1214052000", "netIncome": "748958000"}, {"fiscalDateEnding": "2019-12-31", "reportedCurrency": "USD", "grossProfit": "2871770000", "totalRevenue": "8351931000", "costOfRevenue": "5480161000", "costofGoodsAndServicesSold": "5480161000", "operatingIncome": "743220000", "sellingGeneralAndAdministrative": "1845972000", "researchAndDevelopment": "None", "operatingExpenses": "2128550000", "investmentIncomeNet": "None", "netInterestIncome": "-19843000", "interestIncome": "None", "interestExpense": "19843000", "nonInterestIncome": "None", "otherNonOperatingIncome": "None", "depreciation": "None", "depreciationAndAmortization": "195978000", "incomeBeforeTax": "723377000", "incomeTaxExpense": "161023000", "interestAndDebtExpense": "None", "netIncomeFromContinuingOperations": "562354000", "comprehensiveIncomeNetOfTax": "None", "ebit": "743220000", "ebitda": "939198000", "netIncome": "562354000"}, {"fiscalDateEnding": "2018-12-31", "reportedCurrency": "USD", "grossProfit": "2702528000", "totalRevenue": "7911046000", "costOfRevenue": "5208518000", "costofGoodsAndServicesSold": "5208518000", "operatingIncome": "701737000", "sellingGeneralAndAdministrative": "1740040000", "researchAndDevelopment": "0", "operatingExpenses": "2000791000", "investmentIncomeNet": "None", "netInterestIncome": "-18352000", "interestIncome": "None", "interestExpense": "18352000", "nonInterestIncome": "None", "otherNonOperatingIncome": "None", "depreciation": "None", "depreciationAndAmortization": "177351000", "incomeBeforeTax": "683385000", "incomeTaxExpense": "151028000", "interestAndDebtExpense": "None", "netIncomeFromContinuingOperations": "532357000", "comprehensiveIncomeNetOfTax": "None", "ebit": "701737000", "ebitda": "879088000", "netIncome": "532357000"}, {"fiscalDateEnding": "2017-12-31", "reportedCurrency": "USD", "grossProfit": "2491965000", "totalRevenue": "7256382000", "costOfRevenue": "4764417000", "costofGoodsAndServicesSold": "4764417000", "operatingIncome": "686382000", "sellingGeneralAndAdministrative": "1558449000", "researchAndDevelopment": "0", "operatingExpenses": "1805583000", "investmentIncomeNet": "None", "netInterestIncome": "-13859000", "interestIncome": "None", "interestExpense": "13859000", "nonInterestIncome": "None", "otherNonOperatingIncome": "None", "depreciation": "None", "depreciationAndAmortization": "165834000", "incomeBeforeTax": "672523000", "incomeTaxExpense": "249924000", "interestAndDebtExpense": "None", "netIncomeFromContinuingOperations": "422599000", "comprehensiveIncomeNetOfTax": "None", "ebit": "686382000", "ebitda": "852216000", "netIncome": "422599000"}, {"fiscalDateEnding": "2016-12-31", "reportedCurrency": "USD", "grossProfit": "2325202000", "totalRevenue": "6779579000", "costOfRevenue": "4454377000", "costofGoodsAndServicesSold": "4454377000", "operatingIncome": "694080000", "sellingGeneralAndAdministrative": "1488164000", "researchAndDevelopment": "0", "operatingExpenses": "1631122000", "investmentIncomeNet": "None", "netInterestIncome": "-5810000", "interestIncome": "5810000", "interestExpense": "5810000", "nonInterestIncome": "None", "otherNonOperatingIncome": "None", "depreciation": "None", "depreciationAndAmortization": "142958000", "incomeBeforeTax": "688270000", "incomeTaxExpense": "251150000", "interestAndDebtExpense": "None", "netIncomeFromContinuingOperations": "437120000", "comprehensiveIncomeNetOfTax": "None", "ebit": "694080000", "ebitda": "837038000", "netIncome": "437120000"}, {"fiscalDateEnding": "2015-12-31", "reportedCurrency": "USD", "grossProfit": "2143174000", "totalRevenue": "6226507000", "costOfRevenue": "4083333000", "costofGoodsAndServicesSold": "4083333000", "operatingIncome": "650508000", "sellingGeneralAndAdministrative": "1295197000", "researchAndDevelopment": "0", "operatingExpenses": "1492666000", "investmentIncomeNet": "None", "netInterestIncome": "None", "interestIncome": "2891000", "interestExpense": "2891000", "nonInterestIncome": "None", "otherNonOperatingIncome": "None", "depreciation": "None", "depreciationAndAmortization": "123569000", "incomeBeforeTax": "647617000", "incomeTaxExpense": "237222000", "interestAndDebtExpense": "None", "netIncomeFromContinuingOperations": "410395000", "comprehensiveIncomeNetOfTax": "None", "ebit": "650508000", "ebitda": "774077000", "netIncome": "410395000"}, {"fiscalDateEnding": "2014-12-31", "reportedCurrency": "USD", "grossProfit": "1950415000", "totalRevenue": "5711715000", "costOfRevenue": "3761300000", "costofGoodsAndServicesSold": "3761300000", "operatingIncome": "589472000", "sellingGeneralAndAdministrative": "1175908000", "researchAndDevelopment": "None", "operatingExpenses": "1360943000", "investmentIncomeNet": "None", "netInterestIncome": "None", "interestIncome": "None", "interestExpense": "1885000", "nonInterestIncome": "None", "otherNonOperatingIncome": "None", "depreciation": "None", "depreciationAndAmortization": "114635000", "incomeBeforeTax": "587587000", "incomeTaxExpense": "216702000", "interestAndDebtExpense": "None", "netIncomeFromContinuingOperations": "370885000", "comprehensiveIncomeNetOfTax": "None", "ebit": "589472000", "ebitda": "704107000", "netIncome": "370885000"}, {"fiscalDateEnding": "2013-12-31", "reportedCurrency": "USD", "grossProfit": "1753609000", "totalRevenue": "5164784000", "costOfRevenue": "3411175000", "costofGoodsAndServicesSold": "3411175000", "operatingIncome": "514650000", "sellingGeneralAndAdministrative": "1073334001", "researchAndDevelopment": "None", "operatingExpenses": "1238959000", "investmentIncomeNet": "None", "netInterestIncome": "None", "interestIncome": "None", "interestExpense": "557000", "nonInterestIncome": "None", "otherNonOperatingIncome": "None", "depreciation": "None", "depreciationAndAmortization": "100025000", "incomeBeforeTax": "514093000", "incomeTaxExpense": "185859000", "interestAndDebtExpense": "None", "netIncomeFromContinuingOperations": "328234000", "comprehensiveIncomeNetOfTax": "None", "ebit": "514650000", "ebitda": "614675000", "netIncome": "328234000"}, {"fiscalDateEnding": "2012-12-31", "reportedCurrency": "USD", "grossProfit": "1566054000", "totalRevenue": "4664120000", "costOfRevenue": "3098066000", "costofGoodsAndServicesSold": "3098066000", "operatingIncome": "436792000", "sellingGeneralAndAdministrative": "977687000", "researchAndDevelopment": "0", "operatingExpenses": "1129262000", "investmentIncomeNet": "None", "netInterestIncome": "None", "interestIncome": "None", "interestExpense": "1055000", "nonInterestIncome": "None", "otherNonOperatingIncome": "None", "depreciation": "None", "depreciationAndAmortization": "88975000", "incomeBeforeTax": "435737000", "incomeTaxExpense": "159280000", "interestAndDebtExpense": "None", "netIncomeFromContinuingOperations": "276457000", "comprehensiveIncomeNetOfTax": "None", "ebit": "436792000", "ebitda": "525767000", "netIncome": "276457000"}, {"fiscalDateEnding": "2011-12-31", "reportedCurrency": "USD", "grossProfit": "1406872000", "totalRevenue": "4232743000", "costOfRevenue": "2825871000", "costofGoodsAndServicesSold": "2825871000", "operatingIncome": "352703000", "sellingGeneralAndAdministrative": "973822000", "researchAndDevelopment": "None", "operatingExpenses": "1054169000", "investmentIncomeNet": "None", "netInterestIncome": "None", "interestIncome": "None", "interestExpense": "2087000", "nonInterestIncome": "None", "otherNonOperatingIncome": "None", "depreciation": "None", "depreciationAndAmortization": "80347000", "incomeBeforeTax": "350616000", "incomeTaxExpense": "127876000", "interestAndDebtExpense": "None", "netIncomeFromContinuingOperations": "222740000", "comprehensiveIncomeNetOfTax": "None", "ebit": "352703000", "ebitda": "433050000", "netIncome": "222740000"}, {"fiscalDateEnding": "2010-12-31", "reportedCurrency": "USD", "grossProfit": "1203665000", "totalRevenue": "3638336000", "costOfRevenue": "2434671000", "costofGoodsAndServicesSold": "2434671000", "operatingIncome": "266224000", "sellingGeneralAndAdministrative": "867600000", "researchAndDevelopment": "None", "operatingExpenses": "937441000", "investmentIncomeNet": "None", "netInterestIncome": "None", "interestIncome": "None", "interestExpense": "1284000", "nonInterestIncome": "None", "otherNonOperatingIncome": "None", "depreciation": "None", "depreciationAndAmortization": "69797000", "incomeBeforeTax": "264940000", "incomeTaxExpense": "96968000", "interestAndDebtExpense": "None", "netIncomeFromContinuingOperations": "167972000", "comprehensiveIncomeNetOfTax": "None", "ebit": "266224000", "ebitda": "336021000", "netIncome": "167972000"}, {"fiscalDateEnding": "2009-12-31", "reportedCurrency": "USD", "grossProfit": "1034957000", "totalRevenue": "3206937000", "costOfRevenue": "2171980000", "costofGoodsAndServicesSold": "2171980000", "operatingIncome": "184633000", "sellingGeneralAndAdministrative": "784100000", "researchAndDevelopment": "None", "operatingExpenses": "850324000", "investmentIncomeNet": "None", "netInterestIncome": "None", "interestIncome": "None", "interestExpense": "1644000", "nonInterestIncome": "None", "otherNonOperatingIncome": "None", "depreciation": "None", "depreciationAndAmortization": "66258000", "incomeBeforeTax": "182989000", "incomeTaxExpense": "67523000", "interestAndDebtExpense": "None", "netIncomeFromContinuingOperations": "None", "comprehensiveIncomeNetOfTax": "None", "ebit": "184633000", "ebitda": "250891000", "netIncome": "115466000"}, {"fiscalDateEnding": "2008-12-31", "reportedCurrency": "USD", "grossProfit": "912261000", "totalRevenue": "3007949000", "costOfRevenue": "2095688000", "costofGoodsAndServicesSold": "2095688000", "operatingIncome": "135569000", "sellingGeneralAndAdministrative": "716000000", "researchAndDevelopment": "None", "operatingExpenses": "778825000", "investmentIncomeNet": "None", "netInterestIncome": "None", "interestIncome": "None", "interestExpense": "2133000", "nonInterestIncome": "None", "otherNonOperatingIncome": "None", "depreciation": "None", "depreciationAndAmortization": "60731000", "incomeBeforeTax": "133436000", "incomeTaxExpense": "51506000", "interestAndDebtExpense": "None", "netIncomeFromContinuingOperations": "None", "comprehensiveIncomeNetOfTax": "None", "ebit": "135569000", "ebitda": "196300000", "netIncome": "81930000"}, {"fiscalDateEnding": "2007-12-31", "reportedCurrency": "USD", "grossProfit": "852708000", "totalRevenue": "2703212000", "costOfRevenue": "1850504000", "costofGoodsAndServicesSold": "1850504000", "operatingIncome": "160041000", "sellingGeneralAndAdministrative": "641600000", "researchAndDevelopment": "None", "operatingExpenses": "692667000", "investmentIncomeNet": "None", "netInterestIncome": "None", "interestIncome": "None", "interestExpense": "5037000", "nonInterestIncome": "None", "otherNonOperatingIncome": "None", "depreciation": "None", "depreciationAndAmortization": "51064000", "incomeBeforeTax": "155004000", "incomeTaxExpense": "58763000", "interestAndDebtExpense": "None", "netIncomeFromContinuingOperations": "None", "comprehensiveIncomeNetOfTax": "None", "ebit": "160041000", "ebitda": "211105000", "netIncome": "96241000"}, {"fiscalDateEnding": "2006-12-31", "reportedCurrency": "USD", "grossProfit": "751363000", "totalRevenue": "2369612000", "costOfRevenue": "1618249000", "costofGoodsAndServicesSold": "1618249000", "operatingIncome": "148020000", "sellingGeneralAndAdministrative": "555800000", "researchAndDevelopment": "None", "operatingExpenses": "603343000", "investmentIncomeNet": "None", "netInterestIncome": "None", "interestIncome": "None", "interestExpense": "2688000", "nonInterestIncome": "None", "otherNonOperatingIncome": "None", "depreciation": "None", "depreciationAndAmortization": "42292000", "incomeBeforeTax": "145332000", "incomeTaxExpense": "54324000", "interestAndDebtExpense": "None", "netIncomeFromContinuingOperations": "None", "comprehensiveIncomeNetOfTax": "None", "ebit": "148020000", "ebitda": "190312000", "netIncome": "91008000"}, {"fiscalDateEnding": "2005-12-31", "reportedCurrency": "USD", "grossProfit": "639551000", "totalRevenue": "2067979000", "costOfRevenue": "1428428000", "costofGoodsAndServicesSold": "1428428000", "operatingIncome": "136444000", "sellingGeneralAndAdministrative": "469087000", "researchAndDevelopment": "None", "operatingExpenses": "503107000", "investmentIncomeNet": "None", "netInterestIncome": "None", "interestIncome": "None", "interestExpense": "1632000", "nonInterestIncome": "None", "otherNonOperatingIncome": "None", "depreciation": "None", "depreciationAndAmortization": "34020000", "incomeBeforeTax": "134812000", "incomeTaxExpense": "49143000", "interestAndDebtExpense": "None", "netIncomeFromContinuingOperations": "None", "comprehensiveIncomeNetOfTax": "None", "ebit": "136444000", "ebitda": "170464000", "netIncome": "85669000"}], "quarterlyReports": [{"fiscalDateEnding": "2024-12-31", "reportedCurrency": "USD", "grossProfit": "1329630000", "totalRevenue": "3773531000", "costOfRevenue": "2443901000", "costofGoodsAndServicesSold": "2443901000", "operatingIncome": "318349000", "sellingGeneralAndAdministrative": "891226000", "researchAndDevelopment": "None", "operatingExpenses": "1011281000", "investmentIncomeNet": "None", "netInterestIncome": "-17203000", "interestIncome": "None", "interestExpense": "17203000", "nonInterestIncome": "None", "otherNonOperatingIncome": "None", "depreciation": "None", "depreciationAndAmortization": "120055000", "incomeBeforeTax": "301146000", "incomeTaxExpense": "64740000", "interestAndDebtExpense": "None", "netIncomeFromContinuingOperations": "236406000", "comprehensiveIncomeNetOfTax": "None", "ebit": "318349000", "ebitda": "438404000", "netIncome": "236406000"}, {"fiscalDateEnding": "2024-09-30", "reportedCurrency": "USD", "grossProfit": "1176898000", "totalRevenue": "3468245000", "costOfRevenue": "2291347000", "costofGoodsAndServicesSold": "2291347000", "operatingIncome": "324599000", "sellingGeneralAndAdministrative": "852299000", "researchAndDevelopment": "None", "operatingExpenses": "852299000", "investmentIncomeNet": "None", "netInterestIncome": "-13875000", "interestIncome": "None", "interestExpense": "13875000", "nonInterestIncome": "None", "otherNonOperatingIncome": "None", "depreciation": "None", "depreciationAndAmortization": "113549000", "incomeBeforeTax": "310724000", "incomeTaxExpense": "69254000", "interestAndDebtExpense": "None", "netIncomeFromContinuingOperations": "241470000", "comprehensiveIncomeNetOfTax": "None", "ebit": "324600000", "ebitda": "438149000", "netIncome": "241470000"}, {"fiscalDateEnding": "2024-06-30", "reportedCurrency": "USD", "grossProfit": "1446361000", "totalRevenue": "4246622000", "costOfRevenue": "2800261000", "costofGoodsAndServicesSold": "2800261000", "operatingIncome": "561458000", "sellingGeneralAndAdministrative": "884903000", "researchAndDevelopment": "None", "operatingExpenses": "884903000", "investmentIncomeNet": "None", "netInterestIncome": "-11612000", "interestIncome": "None", "interestExpense": "11612000", "nonInterestIncome": "None", "otherNonOperatingIncome": "None", "depreciation": "None", "depreciationAndAmortization": "109265000", "incomeBeforeTax": "549846000", "incomeTaxExpense": "124650000", "interestAndDebtExpense": "None", "netIncomeFromContinuingOperations": "425196000", "comprehensiveIncomeNetOfTax": "None", "ebit": "561458000", "ebitda": "670723000", "netIncome": "425196000"}, {"fiscalDateEnding": "2024-03-31", "reportedCurrency": "USD", "grossProfit": "1116561000", "totalRevenue": "3394834000", "costOfRevenue": "2278273000", "costofGoodsAndServicesSold": "2278273000", "operatingIncome": "263125000", "sellingGeneralAndAdministrative": "853436000", "researchAndDevelopment": "None", "operatingExpenses": "853436000", "investmentIncomeNet": "None", "netInterestIncome": "-11902000", "interestIncome": "None", "interestExpense": "11902000", "nonInterestIncome": "None", "otherNonOperatingIncome": "None", "depreciation": "None", "depreciationAndAmortization": "104293000", "incomeBeforeTax": "251223000", "incomeTaxExpense": "53056000", "interestAndDebtExpense": "None", "netIncomeFromContinuingOperations": "198167000", "comprehensiveIncomeNetOfTax": "None", "ebit": "263125000", "ebitda": "367418000", "netIncome": "198167000"}, {"fiscalDateEnding": "2023-12-31", "reportedCurrency": "USD", "grossProfit": "1293063000", "totalRevenue": "3659841000", "costOfRevenue": "2366778000", "costofGoodsAndServicesSold": "2366778000", "operatingIncome": "334235000", "sellingGeneralAndAdministrative": "768454000", "researchAndDevelopment": "None", "operatingExpenses": "958828000", "investmentIncomeNet": "None", "netInterestIncome": "-11948000", "interestIncome": "None", "interestExpense": "11948000", "nonInterestIncome": "None", "otherNonOperatingIncome": "None", "depreciation": "None", "depreciationAndAmortization": "103274000", "incomeBeforeTax": "322287000", "incomeTaxExpense": "74384000", "interestAndDebtExpense": "None", "netIncomeFromContinuingOperations": "247903000", "comprehensiveIncomeNetOfTax": "None", "ebit": "334235000", "ebitda": "437509000", "netIncome": "247903000"}, {"fiscalDateEnding": "2023-09-30", "reportedCurrency": "USD", "grossProfit": "1250479000", "totalRevenue": "3411980000", "costOfRevenue": "2161501000", "costofGoodsAndServicesSold": "2161501000", "operatingIncome": "340905000", "sellingGeneralAndAdministrative": "819311000", "researchAndDevelopment": "None", "operatingExpenses": "909574000", "investmentIncomeNet": "None", "netInterestIncome": "-9539000", "interestIncome": "None", "interestExpense": "9539000", "nonInterestIncome": "None", "otherNonOperatingIncome": "None", "depreciation": "None", "depreciationAndAmortization": "90263000", "incomeBeforeTax": "331366000", "incomeTaxExpense": "76365000", "interestAndDebtExpense": "None", "netIncomeFromContinuingOperations": "255001000", "comprehensiveIncomeNetOfTax": "None", "ebit": "340905000", "ebitda": "431168000", "netIncome": "255001000"}, {"fiscalDateEnding": "2023-06-30", "reportedCurrency": "USD", "grossProfit": "1514769000", "totalRevenue": "4184695000", "costOfRevenue": "2669926000", "costofGoodsAndServicesSold": "2669926000", "operatingIncome": "559332000", "sellingGeneralAndAdministrative": "853158000", "researchAndDevelopment": "None", "operatingExpenses": "955437000", "investmentIncomeNet": "None", "netInterestIncome": "-12343000", "interestIncome": "None", "interestExpense": "12343000", "nonInterestIncome": "None", "otherNonOperatingIncome": "None", "depreciation": "None", "depreciationAndAmortization": "102279000", "incomeBeforeTax": "546989000", "incomeTaxExpense": "125755000", "interestAndDebtExpense": "None", "netIncomeFromContinuingOperations": "421234000", "comprehensiveIncomeNetOfTax": "None", "ebit": "559332000", "ebitda": "661611000", "netIncome": "421234000"}, {"fiscalDateEnding": "2023-03-31", "reportedCurrency": "USD", "grossProfit": "1169908000", "totalRevenue": "3299225000", "costOfRevenue": "2129317000", "costofGoodsAndServicesSold": "2129317000", "operatingIncome": "244440000", "sellingGeneralAndAdministrative": "828235000", "researchAndDevelopment": "None", "operatingExpenses": "925468000", "investmentIncomeNet": "None", "netInterestIncome": "-12680000", "interestIncome": "None", "interestExpense": "12680000", "nonInterestIncome": "None", "otherNonOperatingIncome": "None", "depreciation": "None", "depreciationAndAmortization": "97233000", "incomeBeforeTax": "231760000", "incomeTaxExpense": "48672000", "interestAndDebtExpense": "None", "netIncomeFromContinuingOperations": "183088000", "comprehensiveIncomeNetOfTax": "None", "ebit": "244440000", "ebitda": "341673000", "netIncome": "183088000"}, {"fiscalDateEnding": "2022-12-31", "reportedCurrency": "USD", "grossProfit": "1363625000", "totalRevenue": "4006375000", "costOfRevenue": "2642750000", "costofGoodsAndServicesSold": "2642750000", "operatingIncome": "359210000", "sellingGeneralAndAdministrative": "814995000", "researchAndDevelopment": "None", "operatingExpenses": "1004415000", "investmentIncomeNet": "None", "netInterestIncome": "-10241000", "interestIncome": "None", "interestExpense": "10241000", "nonInterestIncome": "None", "otherNonOperatingIncome": "None", "depreciation": "None", "depreciationAndAmortization": "94820000", "incomeBeforeTax": "348969000", "incomeTaxExpense": "78099000", "interestAndDebtExpense": "None", "netIncomeFromContinuingOperations": "270870000", "comprehensiveIncomeNetOfTax": "None", "ebit": "359210000", "ebitda": "454030000", "netIncome": "270870000"}, {"fiscalDateEnding": "2022-09-30", "reportedCurrency": "USD", "grossProfit": "1165815000", "totalRevenue": "3270804000", "costOfRevenue": "2104989000", "costofGoodsAndServicesSold": "2104989000", "operatingIncome": "306412000", "sellingGeneralAndAdministrative": "772167000", "researchAndDevelopment": "None", "operatingExpenses": "859403000", "investmentIncomeNet": "None", "netInterestIncome": "-6226000", "interestIncome": "None", "interestExpense": "6226000", "nonInterestIncome": "None", "otherNonOperatingIncome": "None", "depreciation": "None", "depreciationAndAmortization": "87236000", "incomeBeforeTax": "300186000", "incomeTaxExpense": "66049000", "interestAndDebtExpense": "None", "netIncomeFromContinuingOperations": "234137000", "comprehensiveIncomeNetOfTax": "None", "ebit": "306412000", "ebitda": "393648000", "netIncome": "234137000"}, {"fiscalDateEnding": "2022-06-30", "reportedCurrency": "USD", "grossProfit": "1302895000", "totalRevenue": "3903406000", "costOfRevenue": "2600511000", "costofGoodsAndServicesSold": "2600511000", "operatingIncome": "525034999", "sellingGeneralAndAdministrative": "777860000", "researchAndDevelopment": "None", "operatingExpenses": "777860000", "investmentIncomeNet": "None", "netInterestIncome": "-7097000", "interestIncome": "None", "interestExpense": "7097000", "nonInterestIncome": "None", "otherNonOperatingIncome": "None", "depreciation": "None", "depreciationAndAmortization": "83360000", "incomeBeforeTax": "517938000", "incomeTaxExpense": "121460000", "interestAndDebtExpense": "None", "netIncomeFromContinuingOperations": "396478000", "comprehensiveIncomeNetOfTax": "None", "ebit": "525035000", "ebitda": "608395000", "netIncome": "396478000"}, {"fiscalDateEnding": "2022-03-31", "reportedCurrency": "USD", "grossProfit": "1056509000", "totalRevenue": "3024132000", "costOfRevenue": "1967623000", "costofGoodsAndServicesSold": "1967623000", "operatingIncome": "244286000", "sellingGeneralAndAdministrative": "734577000", "researchAndDevelopment": "None", "operatingExpenses": "812223000", "investmentIncomeNet": "None", "netInterestIncome": "-7069000", "interestIncome": "None", "interestExpense": "7069000", "nonInterestIncome": "None", "otherNonOperatingIncome": "None", "depreciation": "None", "depreciationAndAmortization": "77646000", "incomeBeforeTax": "237217000", "incomeTaxExpense": "49990000", "interestAndDebtExpense": "None", "netIncomeFromContinuingOperations": "187227000", "comprehensiveIncomeNetOfTax": "None", "ebit": "244286000", "ebitda": "321932000", "netIncome": "187227000"}, {"fiscalDateEnding": "2021-12-31", "reportedCurrency": "USD", "grossProfit": "1120578000", "totalRevenue": "3319284000", "costOfRevenue": "2198706000", "costofGoodsAndServicesSold": "2198706000", "operatingIncome": "293054000", "sellingGeneralAndAdministrative": "656697000", "researchAndDevelopment": "None", "operatingExpenses": "827524000", "investmentIncomeNet": "None", "netInterestIncome": "-6542000", "interestIncome": "None", "interestExpense": "6542000", "nonInterestIncome": "None", "otherNonOperatingIncome": "None", "depreciation": "None", "depreciationAndAmortization": "75427000", "incomeBeforeTax": "286512000", "incomeTaxExpense": "65174000", "interestAndDebtExpense": "None", "netIncomeFromContinuingOperations": "221338000", "comprehensiveIncomeNetOfTax": "None", "ebit": "293054000", "ebitda": "368481000", "netIncome": "221338000"}, {"fiscalDateEnding": "2021-09-30", "reportedCurrency": "USD", "grossProfit": "1085310000", "totalRevenue": "3017926000", "costOfRevenue": "1932616000", "costofGoodsAndServicesSold": "1932616000", "operatingIncome": "297225000", "sellingGeneralAndAdministrative": "718261000", "researchAndDevelopment": "None", "operatingExpenses": "788085000", "investmentIncomeNet": "None", "netInterestIncome": "-6146000", "interestIncome": "None", "interestExpense": "6146000", "nonInterestIncome": "None", "otherNonOperatingIncome": "None", "depreciation": "None", "depreciationAndAmortization": "69824000", "incomeBeforeTax": "291079000", "incomeTaxExpense": "66679000", "interestAndDebtExpense": "None", "netIncomeFromContinuingOperations": "224400000", "comprehensiveIncomeNetOfTax": "None", "ebit": "297225000", "ebitda": "367049000", "netIncome": "224400000"}, {"fiscalDateEnding": "2021-06-30", "reportedCurrency": "USD", "grossProfit": "1287485000", "totalRevenue": "3601559000", "costOfRevenue": "2314074000", "costofGoodsAndServicesSold": "2314074000", "operatingIncome": "485883000", "sellingGeneralAndAdministrative": "736749000", "researchAndDevelopment": "None", "operatingExpenses": "801602000", "investmentIncomeNet": "None", "netInterestIncome": "-6701000", "interestIncome": "None", "interestExpense": "6701000", "nonInterestIncome": "None", "otherNonOperatingIncome": "None", "depreciation": "None", "depreciationAndAmortization": "64852999", "incomeBeforeTax": "479182000", "incomeTaxExpense": "109160000", "interestAndDebtExpense": "None", "netIncomeFromContinuingOperations": "370022000", "comprehensiveIncomeNetOfTax": "None", "ebit": "485883001", "ebitda": "550736000", "netIncome": "370022000"}, {"fiscalDateEnding": "2021-03-31", "reportedCurrency": "USD", "grossProfit": "983780000", "totalRevenue": "2792336000", "costOfRevenue": "1808556000", "costofGoodsAndServicesSold": "1808556000", "operatingIncome": "230536000", "sellingGeneralAndAdministrative": "693190000", "researchAndDevelopment": "None", "operatingExpenses": "753244000", "investmentIncomeNet": "None", "netInterestIncome": "-7221000", "interestIncome": "None", "interestExpense": "7221000", "nonInterestIncome": "None", "otherNonOperatingIncome": "None", "depreciation": "None", "depreciationAndAmortization": "60054000", "incomeBeforeTax": "223315000", "incomeTaxExpense": "41961000", "interestAndDebtExpense": "None", "netIncomeFromContinuingOperations": "181354000", "comprehensiveIncomeNetOfTax": "None", "ebit": "230536000", "ebitda": "290590000", "netIncome": "181354000"}, {"fiscalDateEnding": "2020-12-31", "reportedCurrency": "USD", "grossProfit": "995530000", "totalRevenue": "2878265000", "costOfRevenue": "1882735000", "costofGoodsAndServicesSold": "1882735000", "operatingIncome": "184467000", "sellingGeneralAndAdministrative": "582700000", "researchAndDevelopment": "None", "operatingExpenses": "742090000", "investmentIncomeNet": "None", "netInterestIncome": "-8086000", "interestIncome": "None", "interestExpense": "8086000", "nonInterestIncome": "None", "otherNonOperatingIncome": "None", "depreciation": "None", "depreciationAndAmortization": "58490000", "incomeBeforeTax": "176381000", "incomeTaxExpense": "40488000", "interestAndDebtExpense": "None", "netIncomeFromContinuingOperations": "135893000", "comprehensiveIncomeNetOfTax": "None", "ebit": "184467000", "ebitda": "242957000", "netIncome": "135893000"}, {"fiscalDateEnding": "2020-09-30", "reportedCurrency": "USD", "grossProfit": "947957000", "totalRevenue": "2606572000", "costOfRevenue": "1658615000", "costofGoodsAndServicesSold": "1658615000", "operatingIncome": "252177000", "sellingGeneralAndAdministrative": "641129000", "researchAndDevelopment": "None", "operatingExpenses": "695780000", "investmentIncomeNet": "None", "netInterestIncome": "-7208000", "interestIncome": "None", "interestExpense": "7208000", "nonInterestIncome": "None", "otherNonOperatingIncome": "None", "depreciation": "None", "depreciationAndAmortization": "54651000", "incomeBeforeTax": "244969000", "incomeTaxExpense": "54359000", "interestAndDebtExpense": "None", "netIncomeFromContinuingOperations": "190610000", "comprehensiveIncomeNetOfTax": "None", "ebit": "252177000", "ebitda": "306828000", "netIncome": "190610000"}, {"fiscalDateEnding": "2020-06-30", "reportedCurrency": "USD", "grossProfit": "1156813000", "totalRevenue": "3176327000", "costOfRevenue": "2019514000", "costofGoodsAndServicesSold": "2019514000", "operatingIncome": "447746000", "sellingGeneralAndAdministrative": "656520000", "researchAndDevelopment": "None", "operatingExpenses": "709067000", "investmentIncomeNet": "None", "netInterestIncome": "-8438000", "interestIncome": "None", "interestExpense": "8438000", "nonInterestIncome": "None", "otherNonOperatingIncome": "None", "depreciation": "None", "depreciationAndAmortization": "52547000", "incomeBeforeTax": "439308000", "incomeTaxExpense": "100630000", "interestAndDebtExpense": "None", "netIncomeFromContinuingOperations": "338678000", "comprehensiveIncomeNetOfTax": "None", "ebit": "447746000", "ebitda": "500293000", "netIncome": "338678000"}, {"fiscalDateEnding": "2020-03-31", "reportedCurrency": "USD", "grossProfit": "661249000", "totalRevenue": "1959188000", "costOfRevenue": "1297939000", "costofGoodsAndServicesSold": "1297939000", "operatingIncome": "112538000", "sellingGeneralAndAdministrative": "497275000", "researchAndDevelopment": "None", "operatingExpenses": "548711000", "investmentIncomeNet": "None", "netInterestIncome": "-5049000", "interestIncome": "None", "interestExpense": "5049000", "nonInterestIncome": "None", "otherNonOperatingIncome": "None", "depreciation": "None", "depreciationAndAmortization": "51436000", "incomeBeforeTax": "107489000", "incomeTaxExpense": "23712000", "interestAndDebtExpense": "None", "netIncomeFromContinuingOperations": "83777000", "comprehensiveIncomeNetOfTax": "None", "ebit": "112538000", "ebitda": "163974000", "netIncome": "83777000"}, {"fiscalDateEnding": "2019-12-31", "reportedCurrency": "USD", "grossProfit": "741801000", "totalRevenue": "2191785000", "costOfRevenue": "1449984000", "costofGoodsAndServicesSold": "1449984000", "operatingIncome": "190438000", "sellingGeneralAndAdministrative": "413369000", "researchAndDevelopment": "None", "operatingExpenses": "551363000", "investmentIncomeNet": "None", "netInterestIncome": "-4837000", "interestIncome": "None", "interestExpense": "4837000", "nonInterestIncome": "None", "otherNonOperatingIncome": "None", "depreciation": "None", "depreciationAndAmortization": "51394000", "incomeBeforeTax": "185601000", "incomeTaxExpense": "41422000", "interestAndDebtExpense": "None", "netIncomeFromContinuingOperations": "144179000", "comprehensiveIncomeNetOfTax": "None", "ebit": "190438000", "ebitda": "241832000", "netIncome": "144179000"}, {"fiscalDateEnding": "2019-09-30", "reportedCurrency": "USD", "grossProfit": "694240000", "totalRevenue": "1984144000", "costOfRevenue": "1289904000", "costofGoodsAndServicesSold": "1289904000", "operatingIncome": "161817000", "sellingGeneralAndAdministrative": "482604000", "researchAndDevelopment": "None", "operatingExpenses": "532423000", "investmentIncomeNet": "None", "netInterestIncome": "-4900000", "interestIncome": "None", "interestExpense": "4900000", "nonInterestIncome": "None", "otherNonOperatingIncome": "None", "depreciation": "None", "depreciationAndAmortization": "49819000", "incomeBeforeTax": "156917000", "incomeTaxExpense": "34784000", "interestAndDebtExpense": "None", "netIncomeFromContinuingOperations": "122133000", "comprehensiveIncomeNetOfTax": "None", "ebit": "161817000", "ebitda": "211636000", "netIncome": "122133000"}, {"fiscalDateEnding": "2019-06-30", "reportedCurrency": "USD", "grossProfit": "820745000", "totalRevenue": "2353782000", "costOfRevenue": "1533037000", "costofGoodsAndServicesSold": "1533037000", "operatingIncome": "287557000", "sellingGeneralAndAdministrative": "484190000", "researchAndDevelopment": "None", "operatingExpenses": "533188000", "investmentIncomeNet": "None", "netInterestIncome": "-5176000", "interestIncome": "None", "interestExpense": "5176000", "nonInterestIncome": "None", "otherNonOperatingIncome": "None", "depreciation": "None", "depreciationAndAmortization": "48998000", "incomeBeforeTax": "282381000", "incomeTaxExpense": "63171000", "interestAndDebtExpense": "None", "netIncomeFromContinuingOperations": "219210000", "comprehensiveIncomeNetOfTax": "None", "ebit": "287557000", "ebitda": "336555000", "netIncome": "219210000"}, {"fiscalDateEnding": "2019-03-31", "reportedCurrency": "USD", "grossProfit": "614984000", "totalRevenue": "1822220000", "costOfRevenue": "1207236000", "costofGoodsAndServicesSold": "1207236000", "operatingIncome": "103408000", "sellingGeneralAndAdministrative": "465809000", "researchAndDevelopment": "None", "operatingExpenses": "511576000", "investmentIncomeNet": "None", "netInterestIncome": "-4930000", "interestIncome": "None", "interestExpense": "4930000", "nonInterestIncome": "None", "otherNonOperatingIncome": "None", "depreciation": "None", "depreciationAndAmortization": "45767000", "incomeBeforeTax": "98478000", "incomeTaxExpense": "21646000", "interestAndDebtExpense": "None", "netIncomeFromContinuingOperations": "76832000", "comprehensiveIncomeNetOfTax": "None", "ebit": "103408000", "ebitda": "149175000", "netIncome": "76832000"}, {"fiscalDateEnding": "2018-12-31", "reportedCurrency": "USD", "grossProfit": "716333000", "totalRevenue": "2133271000", "costOfRevenue": "1416938000", "costofGoodsAndServicesSold": "1416938000", "operatingIncome": "180382000", "sellingGeneralAndAdministrative": "406583000", "researchAndDevelopment": "0", "operatingExpenses": "535951000", "investmentIncomeNet": "None", "netInterestIncome": "None", "interestIncome": "None", "interestExpense": "4446000", "nonInterestIncome": "None", "otherNonOperatingIncome": "None", "depreciation": "None", "depreciationAndAmortization": "45968000", "incomeBeforeTax": "175936000", "incomeTaxExpense": "39085000", "interestAndDebtExpense": "None", "netIncomeFromContinuingOperations": "136851000", "comprehensiveIncomeNetOfTax": "None", "ebit": "180382000", "ebitda": "226350000", "netIncome": "136851000"}, {"fiscalDateEnding": "2018-09-30", "reportedCurrency": "USD", "grossProfit": "653132000", "totalRevenue": "1881625000", "costOfRevenue": "1228493000", "costofGoodsAndServicesSold": "1228493000", "operatingIncome": "153148000", "sellingGeneralAndAdministrative": "455000000", "researchAndDevelopment": "0", "operatingExpenses": "499984000", "investmentIncomeNet": "None", "netInterestIncome": "None", "interestIncome": "None", "interestExpense": "4460000", "nonInterestIncome": "None", "otherNonOperatingIncome": "None", "depreciation": "None", "depreciationAndAmortization": "44986000", "incomeBeforeTax": "148688000", "incomeTaxExpense": "31904000", "interestAndDebtExpense": "None", "netIncomeFromContinuingOperations": "116784000", "comprehensiveIncomeNetOfTax": "None", "ebit": "153148000", "ebitda": "198134000", "netIncome": "116784000"}, {"fiscalDateEnding": "2018-06-30", "reportedCurrency": "USD", "grossProfit": "769414000", "totalRevenue": "2213249000", "costOfRevenue": "1443835000", "costofGoodsAndServicesSold": "1443835000", "operatingIncome": "273458000", "sellingGeneralAndAdministrative": "452346000", "researchAndDevelopment": "0", "operatingExpenses": "495956000", "investmentIncomeNet": "None", "netInterestIncome": "None", "interestIncome": "None", "interestExpense": "4978000", "nonInterestIncome": "None", "otherNonOperatingIncome": "None", "depreciation": "None", "depreciationAndAmortization": "43610000", "incomeBeforeTax": "268480000", "incomeTaxExpense": "61191000", "interestAndDebtExpense": "None", "netIncomeFromContinuingOperations": "207289000", "comprehensiveIncomeNetOfTax": "None", "ebit": "273458000", "ebitda": "317068000", "netIncome": "207289000"}, {"fiscalDateEnding": "2018-03-31", "reportedCurrency": "USD", "grossProfit": "563649000", "totalRevenue": "1682901000", "costOfRevenue": "1119252000", "costofGoodsAndServicesSold": "1119252000", "operatingIncome": "94749000", "sellingGeneralAndAdministrative": "426113000", "researchAndDevelopment": "0", "operatingExpenses": "468900000", "investmentIncomeNet": "None", "netInterestIncome": "None", "interestIncome": "None", "interestExpense": "4468000", "nonInterestIncome": "None", "otherNonOperatingIncome": "None", "depreciation": "None", "depreciationAndAmortization": "42787000", "incomeBeforeTax": "90281000", "incomeTaxExpense": "18848000", "interestAndDebtExpense": "None", "netIncomeFromContinuingOperations": "71433000", "comprehensiveIncomeNetOfTax": "None", "ebit": "94749000", "ebitda": "137536000", "netIncome": "71433000"}, {"fiscalDateEnding": "2017-12-31", "reportedCurrency": "USD", "grossProfit": "668598000", "totalRevenue": "1952838000", "costOfRevenue": "1284240000", "costofGoodsAndServicesSold": "1284240000", "operatingIncome": "183842000", "sellingGeneralAndAdministrative": "441600000", "researchAndDevelopment": "0", "operatingExpenses": "484756000", "investmentIncomeNet": "None", "netInterestIncome": "None", "interestIncome": "None", "interestExpense": "4238000", "nonInterestIncome": "None", "otherNonOperatingIncome": "None", "depreciation": "None", "depreciationAndAmortization": "43133000", "incomeBeforeTax": "179604000", "incomeTaxExpense": "69861000", "interestAndDebtExpense": "None", "netIncomeFromContinuingOperations": "109743000", "comprehensiveIncomeNetOfTax": "None", "ebit": "183842000", "ebitda": "226975000", "netIncome": "109743000"}, {"fiscalDateEnding": "2017-09-30", "reportedCurrency": "USD", "grossProfit": "600456000", "totalRevenue": "1721704000", "costOfRevenue": "1121248000", "costofGoodsAndServicesSold": "1121248000", "operatingIncome": "148253000", "sellingGeneralAndAdministrative": "410276000", "researchAndDevelopment": "0", "operatingExpenses": "452203000", "investmentIncomeNet": "None", "netInterestIncome": "None", "interestIncome": "None", "interestExpense": "3752000", "nonInterestIncome": "None", "otherNonOperatingIncome": "None", "depreciation": "None", "depreciationAndAmortization": "41927000", "incomeBeforeTax": "144501000", "incomeTaxExpense": "52605000", "interestAndDebtExpense": "None", "netIncomeFromContinuingOperations": "91896000", "comprehensiveIncomeNetOfTax": "None", "ebit": "148253000", "ebitda": "190180000", "netIncome": "91896000"}, {"fiscalDateEnding": "2017-06-30", "reportedCurrency": "USD", "grossProfit": "704708000", "totalRevenue": "2017762000", "costOfRevenue": "1313054000", "costofGoodsAndServicesSold": "1313054000", "operatingIncome": "257925000", "sellingGeneralAndAdministrative": "405700000", "researchAndDevelopment": "0", "operatingExpenses": "446783000", "investmentIncomeNet": "None", "netInterestIncome": "None", "interestIncome": "None", "interestExpense": "3092000", "nonInterestIncome": "None", "otherNonOperatingIncome": "None", "depreciation": "None", "depreciationAndAmortization": "41047000", "incomeBeforeTax": "254833000", "incomeTaxExpense": "94184000", "interestAndDebtExpense": "None", "netIncomeFromContinuingOperations": "160649000", "comprehensiveIncomeNetOfTax": "None", "ebit": "257925000", "ebitda": "298972000", "netIncome": "160649000"}, {"fiscalDateEnding": "2017-03-31", "reportedCurrency": "USD", "grossProfit": "518203000", "totalRevenue": "1564078000", "costOfRevenue": "1045875000", "costofGoodsAndServicesSold": "1045875000", "operatingIncome": "96362000", "sellingGeneralAndAdministrative": "382100000", "researchAndDevelopment": "0", "operatingExpenses": "421841000", "investmentIncomeNet": "None", "netInterestIncome": "None", "interestIncome": "None", "interestExpense": "2777000", "nonInterestIncome": "None", "otherNonOperatingIncome": "None", "depreciation": "None", "depreciationAndAmortization": "39727000", "incomeBeforeTax": "93585000", "incomeTaxExpense": "33274000", "interestAndDebtExpense": "None", "netIncomeFromContinuingOperations": "60311000", "comprehensiveIncomeNetOfTax": "None", "ebit": "96362000", "ebitda": "136089000", "netIncome": "60311000"}, {"fiscalDateEnding": "2016-12-31", "reportedCurrency": "USD", "grossProfit": "646262000", "totalRevenue": "1916542000", "costOfRevenue": "1270280000", "costofGoodsAndServicesSold": "1270280000", "operatingIncome": "194616000", "sellingGeneralAndAdministrative": "327784000", "researchAndDevelopment": "0", "operatingExpenses": "451646000", "investmentIncomeNet": "None", "netInterestIncome": "None", "interestIncome": "None", "interestExpense": "1665000", "nonInterestIncome": "None", "otherNonOperatingIncome": "None", "depreciation": "None", "depreciationAndAmortization": "39662000", "incomeBeforeTax": "192951000", "incomeTaxExpense": "69368000", "interestAndDebtExpense": "None", "netIncomeFromContinuingOperations": "123583000", "comprehensiveIncomeNetOfTax": "None", "ebit": "194616000", "ebitda": "234278000", "netIncome": "123583000"}, {"fiscalDateEnding": "2016-09-30", "reportedCurrency": "USD", "grossProfit": "535274000", "totalRevenue": "1542706000", "costOfRevenue": "1007432000", "costofGoodsAndServicesSold": "1007432000", "operatingIncome": "142020000", "sellingGeneralAndAdministrative": "357600000", "researchAndDevelopment": "0", "operatingExpenses": "393254000", "investmentIncomeNet": "None", "netInterestIncome": "None", "interestIncome": "None", "interestExpense": "1110000", "nonInterestIncome": "None", "otherNonOperatingIncome": "None", "depreciation": "None", "depreciationAndAmortization": "35662000", "incomeBeforeTax": "140910000", "incomeTaxExpense": "51466000", "interestAndDebtExpense": "None", "netIncomeFromContinuingOperations": "89444000", "comprehensiveIncomeNetOfTax": "None", "ebit": "142020000", "ebitda": "177682000", "netIncome": "89444000"}, {"fiscalDateEnding": "2016-06-30", "reportedCurrency": "USD", "grossProfit": "649222000", "totalRevenue": "1852534000", "costOfRevenue": "1203312000", "costofGoodsAndServicesSold": "1203312000", "operatingIncome": "249249000", "sellingGeneralAndAdministrative": "365900000", "researchAndDevelopment": "0", "operatingExpenses": "399973000", "investmentIncomeNet": "None", "netInterestIncome": "None", "interestIncome": "None", "interestExpense": "1910000", "nonInterestIncome": "None", "otherNonOperatingIncome": "None", "depreciation": "None", "depreciationAndAmortization": "34057000", "incomeBeforeTax": "247339000", "incomeTaxExpense": "90914000", "interestAndDebtExpense": "None", "netIncomeFromContinuingOperations": "156425000", "comprehensiveIncomeNetOfTax": "None", "ebit": "249249000", "ebitda": "283306000", "netIncome": "156425000"}, {"fiscalDateEnding": "2016-03-31", "reportedCurrency": "USD", "grossProfit": "494444000", "totalRevenue": "1467797000", "costOfRevenue": "973353000", "costofGoodsAndServicesSold": "973353000", "operatingIncome": "108195000", "sellingGeneralAndAdministrative": "352700000", "researchAndDevelopment": "0", "operatingExpenses": "386249000", "investmentIncomeNet": "None", "netInterestIncome": "None", "interestIncome": "None", "interestExpense": "1125000", "nonInterestIncome": "None", "otherNonOperatingIncome": "None", "depreciation": "None", "depreciationAndAmortization": "33577000", "incomeBeforeTax": "107070000", "incomeTaxExpense": "39402000", "interestAndDebtExpense": "None", "netIncomeFromContinuingOperations": "67668000", "comprehensiveIncomeNetOfTax": "None", "ebit": "108195000", "ebitda": "141772000", "netIncome": "67668000"}, {"fiscalDateEnding": "2015-12-31", "reportedCurrency": "USD", "grossProfit": "561001000", "totalRevenue": "1646610000", "costOfRevenue": "1085609000", "costofGoodsAndServicesSold": "1085609000", "operatingIncome": "173288000", "sellingGeneralAndAdministrative": "280988000", "researchAndDevelopment": "0", "operatingExpenses": "387713000", "investmentIncomeNet": "None", "netInterestIncome": "None", "interestIncome": "None", "interestExpense": "411000", "nonInterestIncome": "None", "otherNonOperatingIncome": "None", "depreciation": "None", "depreciationAndAmortization": "32825000", "incomeBeforeTax": "172877000", "incomeTaxExpense": "61165000", "interestAndDebtExpense": "None", "netIncomeFromContinuingOperations": "111712000", "comprehensiveIncomeNetOfTax": "None", "ebit": "173288000", "ebitda": "206113000", "netIncome": "111712000"}, {"fiscalDateEnding": "2015-09-30", "reportedCurrency": "USD", "grossProfit": "512248000", "totalRevenue": "1475645000", "costOfRevenue": "963397000", "costofGoodsAndServicesSold": "963397000", "operatingIncome": "139208000", "sellingGeneralAndAdministrative": "342900000", "researchAndDevelopment": "0", "operatingExpenses": "373040000", "investmentIncomeNet": "None", "netInterestIncome": "None", "interestIncome": "None", "interestExpense": "782000", "nonInterestIncome": "None", "otherNonOperatingIncome": "None", "depreciation": "None", "depreciationAndAmortization": "30149000", "incomeBeforeTax": "138426000", "incomeTaxExpense": "51114000", "interestAndDebtExpense": "None", "netIncomeFromContinuingOperations": "87312000", "comprehensiveIncomeNetOfTax": "None", "ebit": "139208000", "ebitda": "169357000", "netIncome": "87312000"}, {"fiscalDateEnding": "2015-06-30", "reportedCurrency": "USD", "grossProfit": "625320000", "totalRevenue": "1772900000", "costOfRevenue": "1147580000", "costofGoodsAndServicesSold": "1147580000", "operatingIncome": "245165000", "sellingGeneralAndAdministrative": "349800000", "researchAndDevelopment": "0", "operatingExpenses": "380155000", "investmentIncomeNet": "None", "netInterestIncome": "None", "interestIncome": "None", "interestExpense": "832000", "nonInterestIncome": "None", "otherNonOperatingIncome": "None", "depreciation": "None", "depreciationAndAmortization": "30313000", "incomeBeforeTax": "244333000", "incomeTaxExpense": "91002000", "interestAndDebtExpense": "None", "netIncomeFromContinuingOperations": "153331000", "comprehensiveIncomeNetOfTax": "None", "ebit": "245165000", "ebitda": "275478000", "netIncome": "153331000"}, {"fiscalDateEnding": "2015-03-31", "reportedCurrency": "USD", "grossProfit": "444605000", "totalRevenue": "1331352000", "costOfRevenue": "886747000", "costofGoodsAndServicesSold": "886747000", "operatingIncome": "92847000", "sellingGeneralAndAdministrative": "321500000", "researchAndDevelopment": "0", "operatingExpenses": "351758000", "investmentIncomeNet": "None", "netInterestIncome": "None", "interestIncome": "None", "interestExpense": "866000", "nonInterestIncome": "None", "otherNonOperatingIncome": "None", "depreciation": "None", "depreciationAndAmortization": "30282000", "incomeBeforeTax": "91981000", "incomeTaxExpense": "33941000", "interestAndDebtExpense": "None", "netIncomeFromContinuingOperations": "58040000", "comprehensiveIncomeNetOfTax": "None", "ebit": "92847000", "ebitda": "123129000", "netIncome": "58040000"}, {"fiscalDateEnding": "2014-12-31", "reportedCurrency": "USD", "grossProfit": "539595000", "totalRevenue": "1584254000", "costOfRevenue": "1044659000", "costofGoodsAndServicesSold": "1044659000", "operatingIncome": "177701000", "sellingGeneralAndAdministrative": "261380000", "researchAndDevelopment": "0", "operatingExpenses": "361894000", "investmentIncomeNet": "None", "netInterestIncome": "None", "interestIncome": "None", "interestExpense": "618000", "nonInterestIncome": "None", "otherNonOperatingIncome": "None", "depreciation": "None", "depreciationAndAmortization": "30114000", "incomeBeforeTax": "177083000", "incomeTaxExpense": "65021000", "interestAndDebtExpense": "None", "netIncomeFromContinuingOperations": "112062000", "comprehensiveIncomeNetOfTax": "None", "ebit": "177701000", "ebitda": "207815000", "netIncome": "112062000"}, {"fiscalDateEnding": "2014-09-30", "reportedCurrency": "USD", "grossProfit": "464069000", "totalRevenue": "1359950000", "costOfRevenue": "895881000", "costofGoodsAndServicesSold": "895881000", "operatingIncome": "122013000", "sellingGeneralAndAdministrative": "312700000", "researchAndDevelopment": "0", "operatingExpenses": "342056000", "investmentIncomeNet": "None", "netInterestIncome": "None", "interestIncome": "None", "interestExpense": "505000", "nonInterestIncome": "None", "otherNonOperatingIncome": "None", "depreciation": "None", "depreciationAndAmortization": "29387000", "incomeBeforeTax": "121508000", "incomeTaxExpense": "44905000", "interestAndDebtExpense": "None", "netIncomeFromContinuingOperations": "76603000", "comprehensiveIncomeNetOfTax": "None", "ebit": "122013000", "ebitda": "151400000", "netIncome": "76603000"}, {"fiscalDateEnding": "2014-06-30", "reportedCurrency": "USD", "grossProfit": "550532000", "totalRevenue": "1583831000", "costOfRevenue": "1033299000", "costofGoodsAndServicesSold": "1033299000", "operatingIncome": "211029000", "sellingGeneralAndAdministrative": "311600000", "researchAndDevelopment": "None", "operatingExpenses": "339503000", "investmentIncomeNet": "None", "netInterestIncome": "None", "interestIncome": "None", "interestExpense": "308000", "nonInterestIncome": "None", "otherNonOperatingIncome": "None", "depreciation": "None", "depreciationAndAmortization": "27914000", "incomeBeforeTax": "210721000", "incomeTaxExpense": "77310000", "interestAndDebtExpense": "None", "netIncomeFromContinuingOperations": "133411000", "comprehensiveIncomeNetOfTax": "None", "ebit": "211029000", "ebitda": "238943000", "netIncome": "133411000"}, {"fiscalDateEnding": "2014-03-31", "reportedCurrency": "USD", "grossProfit": "550532000", "totalRevenue": "1583831000", "costOfRevenue": "1033299000", "costofGoodsAndServicesSold": "1033299000", "operatingIncome": "211029000", "sellingGeneralAndAdministrative": "290300000", "researchAndDevelopment": "None", "operatingExpenses": "339503000", "investmentIncomeNet": "None", "netInterestIncome": "None", "interestIncome": "None", "interestExpense": "308000", "nonInterestIncome": "None", "otherNonOperatingIncome": "None", "depreciation": "None", "depreciationAndAmortization": "27914000", "incomeBeforeTax": "210721000", "incomeTaxExpense": "77310000", "interestAndDebtExpense": "None", "netIncomeFromContinuingOperations": "48809000", "comprehensiveIncomeNetOfTax": "None", "ebit": "211029000", "ebitda": "238943000", "netIncome": "133411000"}, {"fiscalDateEnding": "2013-12-31", "reportedCurrency": "USD", "grossProfit": "396219000", "totalRevenue": "1183680000", "costOfRevenue": "787461000", "costofGoodsAndServicesSold": "787461000", "operatingIncome": "78729000", "sellingGeneralAndAdministrative": "240065001", "researchAndDevelopment": "0", "operatingExpenses": "317490000", "investmentIncomeNet": "None", "netInterestIncome": "None", "interestIncome": "None", "interestExpense": "454000", "nonInterestIncome": "None", "otherNonOperatingIncome": "None", "depreciation": "None", "depreciationAndAmortization": "27220000", "incomeBeforeTax": "78275000", "incomeTaxExpense": "29466000", "interestAndDebtExpense": "None", "netIncomeFromContinuingOperations": "95881000", "comprehensiveIncomeNetOfTax": "None", "ebit": "78729000", "ebitda": "105949000", "netIncome": "48809000"}, {"fiscalDateEnding": "2013-09-30", "reportedCurrency": "USD", "grossProfit": "415666000", "totalRevenue": "1208090000", "costOfRevenue": "792424000", "costofGoodsAndServicesSold": "792424000", "operatingIncome": "101670000", "sellingGeneralAndAdministrative": "287900000", "researchAndDevelopment": "0", "operatingExpenses": "313996000", "investmentIncomeNet": "None", "netInterestIncome": "None", "interestIncome": "None", "interestExpense": "350000", "nonInterestIncome": "None", "otherNonOperatingIncome": "None", "depreciation": "None", "depreciationAndAmortization": "26137000", "incomeBeforeTax": "101320000", "incomeTaxExpense": "36553000", "interestAndDebtExpense": "None", "netIncomeFromContinuingOperations": "64767000", "comprehensiveIncomeNetOfTax": "None", "ebit": "101670000", "ebitda": "127807000", "netIncome": "64767000"}, {"fiscalDateEnding": "2013-06-30", "reportedCurrency": "USD", "grossProfit": "506140000", "totalRevenue": "1455767000", "costOfRevenue": "949627000", "costofGoodsAndServicesSold": "949627000", "operatingIncome": "197979000", "sellingGeneralAndAdministrative": "283900000", "researchAndDevelopment": "0", "operatingExpenses": "308161000", "investmentIncomeNet": "None", "netInterestIncome": "None", "interestIncome": "None", "interestExpense": "556000", "nonInterestIncome": "None", "otherNonOperatingIncome": "None", "depreciation": "None", "depreciationAndAmortization": "24220000", "incomeBeforeTax": "197423000", "incomeTaxExpense": "73843000", "interestAndDebtExpense": "None", "netIncomeFromContinuingOperations": "123580000", "comprehensiveIncomeNetOfTax": "None", "ebit": "197979000", "ebitda": "222199000", "netIncome": "123580000"}, {"fiscalDateEnding": "2013-03-31", "reportedCurrency": "USD", "grossProfit": "352091000", "totalRevenue": "1085838000", "costOfRevenue": "733747000", "costofGoodsAndServicesSold": "733747000", "operatingIncome": "67923000", "sellingGeneralAndAdministrative": "261500000", "researchAndDevelopment": "0", "operatingExpenses": "284168000", "investmentIncomeNet": "None", "netInterestIncome": "None", "interestIncome": "None", "interestExpense": "179000", "nonInterestIncome": "None", "otherNonOperatingIncome": "None", "depreciation": "None", "depreciationAndAmortization": "22699000", "incomeBeforeTax": "67744000", "incomeTaxExpense": "23738000", "interestAndDebtExpense": "None", "netIncomeFromContinuingOperations": "44006000", "comprehensiveIncomeNetOfTax": "None", "ebit": "67923000", "ebitda": "90622000", "netIncome": "44006000"}, {"fiscalDateEnding": "2012-12-31", "reportedCurrency": "USD", "grossProfit": "424622000", "totalRevenue": "1286166000", "costOfRevenue": "861544000", "costofGoodsAndServicesSold": "861544000", "operatingIncome": "124776000", "sellingGeneralAndAdministrative": "214651000", "researchAndDevelopment": "0", "operatingExpenses": "299846000", "investmentIncomeNet": "None", "netInterestIncome": "None", "interestIncome": "None", "interestExpense": "200000", "nonInterestIncome": "None", "otherNonOperatingIncome": "None", "depreciation": "None", "depreciationAndAmortization": "22595000", "incomeBeforeTax": "124576000", "incomeTaxExpense": "45089000", "interestAndDebtExpense": "None", "netIncomeFromContinuingOperations": "79487000", "comprehensiveIncomeNetOfTax": "None", "ebit": "124776000", "ebitda": "147371000", "netIncome": "79487000"}, {"fiscalDateEnding": "2012-09-30", "reportedCurrency": "USD", "grossProfit": "357171000", "totalRevenue": "1065638000", "costOfRevenue": "708467000", "costofGoodsAndServicesSold": "708467000", "operatingIncome": "77779000", "sellingGeneralAndAdministrative": "257200000", "researchAndDevelopment": "0", "operatingExpenses": "279392000", "investmentIncomeNet": "None", "netInterestIncome": "None", "interestIncome": "None", "interestExpense": "241000", "nonInterestIncome": "None", "otherNonOperatingIncome": "None", "depreciation": "None", "depreciationAndAmortization": "22208000", "incomeBeforeTax": "77538000", "incomeTaxExpense": "27517000", "interestAndDebtExpense": "None", "netIncomeFromContinuingOperations": "50021000", "comprehensiveIncomeNetOfTax": "None", "ebit": "77779000", "ebitda": "99987000", "netIncome": "50021000"}, {"fiscalDateEnding": "2012-06-30", "reportedCurrency": "USD", "grossProfit": "451461000", "totalRevenue": "1291899000", "costOfRevenue": "840438000", "costofGoodsAndServicesSold": "840438000", "operatingIncome": "169844000", "sellingGeneralAndAdministrative": "259184000", "researchAndDevelopment": "0", "operatingExpenses": "281617000", "investmentIncomeNet": "None", "netInterestIncome": "None", "interestIncome": "None", "interestExpense": "31000", "nonInterestIncome": "None", "otherNonOperatingIncome": "None", "depreciation": "None", "depreciationAndAmortization": "22433000", "incomeBeforeTax": "169813000", "incomeTaxExpense": "63192000", "interestAndDebtExpense": "None", "netIncomeFromContinuingOperations": "106621000", "comprehensiveIncomeNetOfTax": "None", "ebit": "169844000", "ebitda": "192277000", "netIncome": "106621000"}, {"fiscalDateEnding": "2012-03-31", "reportedCurrency": "USD", "grossProfit": "451461000", "totalRevenue": "1291899000", "costOfRevenue": "840438000", "costofGoodsAndServicesSold": "840438000", "operatingIncome": "169844000", "sellingGeneralAndAdministrative": "246668000", "researchAndDevelopment": "None", "operatingExpenses": "281617000", "investmentIncomeNet": "None", "netInterestIncome": "None", "interestIncome": "None", "interestExpense": "31000", "nonInterestIncome": "None", "otherNonOperatingIncome": "None", "depreciation": "None", "depreciationAndAmortization": "22433000", "incomeBeforeTax": "169813000", "incomeTaxExpense": "63192000", "interestAndDebtExpense": "None", "netIncomeFromContinuingOperations": "40328000", "comprehensiveIncomeNetOfTax": "None", "ebit": "169844000", "ebitda": "192277000", "netIncome": "106621000"}, {"fiscalDateEnding": "2011-12-31", "reportedCurrency": "USD", "grossProfit": "332800000", "totalRevenue": "1020417000", "costOfRevenue": "687617000", "costofGoodsAndServicesSold": "687617000", "operatingIncome": "64393000", "sellingGeneralAndAdministrative": "267959000", "researchAndDevelopment": "0", "operatingExpenses": "268407000", "investmentIncomeNet": "None", "netInterestIncome": "None", "interestIncome": "None", "interestExpense": "583000", "nonInterestIncome": "None", "otherNonOperatingIncome": "None", "depreciation": "None", "depreciationAndAmortization": "21739000", "incomeBeforeTax": "63810000", "incomeTaxExpense": "23482000", "interestAndDebtExpense": "None", "netIncomeFromContinuingOperations": "70512000", "comprehensiveIncomeNetOfTax": "None", "ebit": "64393000", "ebitda": "86132000", "netIncome": "40328000"}, {"fiscalDateEnding": "2011-09-30", "reportedCurrency": "USD", "grossProfit": "327603000", "totalRevenue": "977776000", "costOfRevenue": "650173000", "costofGoodsAndServicesSold": "650173000", "operatingIncome": "68129000", "sellingGeneralAndAdministrative": "239900000", "researchAndDevelopment": "0", "operatingExpenses": "259474000", "investmentIncomeNet": "None", "netInterestIncome": "None", "interestIncome": "None", "interestExpense": "591000", "nonInterestIncome": "None", "otherNonOperatingIncome": "None", "depreciation": "None", "depreciationAndAmortization": "19591000", "incomeBeforeTax": "67538000", "incomeTaxExpense": "24805000", "interestAndDebtExpense": "None", "netIncomeFromContinuingOperations": "42733000", "comprehensiveIncomeNetOfTax": "None", "ebit": "68129000", "ebitda": "87720000", "netIncome": "42733000"}, {"fiscalDateEnding": "2011-06-30", "reportedCurrency": "USD", "grossProfit": "402497000", "totalRevenue": "1178363000", "costOfRevenue": "775866000", "costofGoodsAndServicesSold": "775866000", "operatingIncome": "144263000", "sellingGeneralAndAdministrative": "239400000", "researchAndDevelopment": "None", "operatingExpenses": "258234000", "investmentIncomeNet": "None", "netInterestIncome": "None", "interestIncome": "None", "interestExpense": "217000", "nonInterestIncome": "None", "otherNonOperatingIncome": "None", "depreciation": "None", "depreciationAndAmortization": "18829000", "incomeBeforeTax": "144046000", "incomeTaxExpense": "52886000", "interestAndDebtExpense": "None", "netIncomeFromContinuingOperations": "91160000", "comprehensiveIncomeNetOfTax": "None", "ebit": "144263000", "ebitda": "163092000", "netIncome": "91160000"}, {"fiscalDateEnding": "2011-03-31", "reportedCurrency": "USD", "grossProfit": "402497000", "totalRevenue": "1178363000", "costOfRevenue": "775866000", "costofGoodsAndServicesSold": "775866000", "operatingIncome": "144263000", "sellingGeneralAndAdministrative": "226600000", "researchAndDevelopment": "None", "operatingExpenses": "258234000", "investmentIncomeNet": "None", "netInterestIncome": "None", "interestIncome": "None", "interestExpense": "217000", "nonInterestIncome": "None", "otherNonOperatingIncome": "None", "depreciation": "None", "depreciationAndAmortization": "18829000", "incomeBeforeTax": "144046000", "incomeTaxExpense": "52886000", "interestAndDebtExpense": "None", "netIncomeFromContinuingOperations": "18335000", "comprehensiveIncomeNetOfTax": "None", "ebit": "144263000", "ebitda": "163092000", "netIncome": "91160000"}, {"fiscalDateEnding": "2010-12-31", "reportedCurrency": "USD", "grossProfit": "273606000", "totalRevenue": "836576000", "costOfRevenue": "562970000", "costofGoodsAndServicesSold": "562970000", "operatingIncome": "28766000", "sellingGeneralAndAdministrative": "239700000", "researchAndDevelopment": "0", "operatingExpenses": "244840000", "investmentIncomeNet": "None", "netInterestIncome": "None", "interestIncome": "None", "interestExpense": "243000", "nonInterestIncome": "None", "otherNonOperatingIncome": "None", "depreciation": "None", "depreciationAndAmortization": "18265000", "incomeBeforeTax": "28523000", "incomeTaxExpense": "10188000", "interestAndDebtExpense": "None", "netIncomeFromContinuingOperations": "0", "comprehensiveIncomeNetOfTax": "None", "ebit": "28766000", "ebitda": "47031000", "netIncome": "18335000"}, {"fiscalDateEnding": "2010-09-30", "reportedCurrency": "USD", "grossProfit": "279139000", "totalRevenue": "829114000", "costOfRevenue": "549975000", "costofGoodsAndServicesSold": "549975000", "operatingIncome": "50858000", "sellingGeneralAndAdministrative": "210800000", "researchAndDevelopment": "0", "operatingExpenses": "228281000", "investmentIncomeNet": "None", "netInterestIncome": "None", "interestIncome": "None", "interestExpense": "38000", "nonInterestIncome": "None", "otherNonOperatingIncome": "None", "depreciation": "None", "depreciationAndAmortization": "17502000", "incomeBeforeTax": "50820000", "incomeTaxExpense": "18803000", "interestAndDebtExpense": "None", "netIncomeFromContinuingOperations": "0", "comprehensiveIncomeNetOfTax": "None", "ebit": "50858000", "ebitda": "68360000", "netIncome": "32017000"}, {"fiscalDateEnding": "2010-06-30", "reportedCurrency": "USD", "grossProfit": "358803000", "totalRevenue": "1065656000", "costOfRevenue": "706853000", "costofGoodsAndServicesSold": "706853000", "operatingIncome": "122322000", "sellingGeneralAndAdministrative": "219300000", "researchAndDevelopment": "0", "operatingExpenses": "236481000", "investmentIncomeNet": "None", "netInterestIncome": "None", "interestIncome": "None", "interestExpense": "241000", "nonInterestIncome": "None", "otherNonOperatingIncome": "None", "depreciation": "None", "depreciationAndAmortization": "17157000", "incomeBeforeTax": "122081000", "incomeTaxExpense": "45594000", "interestAndDebtExpense": "None", "netIncomeFromContinuingOperations": "0", "comprehensiveIncomeNetOfTax": "None", "ebit": "122322000", "ebitda": "139479000", "netIncome": "76487000"}, {"fiscalDateEnding": "2010-03-31", "reportedCurrency": "USD", "grossProfit": "228884000", "totalRevenue": "710917000", "costOfRevenue": "482033000", "costofGoodsAndServicesSold": "482033000", "operatingIncome": "14420000", "sellingGeneralAndAdministrative": "197800000", "researchAndDevelopment": "0", "operatingExpenses": "214464000", "investmentIncomeNet": "None", "netInterestIncome": "None", "interestIncome": "None", "interestExpense": "318000", "nonInterestIncome": "None", "otherNonOperatingIncome": "None", "depreciation": "None", "depreciationAndAmortization": "16654000", "incomeBeforeTax": "14102000", "incomeTaxExpense": "4794000", "interestAndDebtExpense": "None", "netIncomeFromContinuingOperations": "0", "comprehensiveIncomeNetOfTax": "None", "ebit": "14420000", "ebitda": "31074000", "netIncome": "9308000"}, {"fiscalDateEnding": "2009-12-31", "reportedCurrency": "USD", "grossProfit": "285685000", "totalRevenue": "862532000", "costOfRevenue": "576847000", "costofGoodsAndServicesSold": "576847000", "operatingIncome": "59357000", "sellingGeneralAndAdministrative": "208800000", "researchAndDevelopment": "0", "operatingExpenses": "226328000", "investmentIncomeNet": "None", "netInterestIncome": "None", "interestIncome": "None", "interestExpense": "505000", "nonInterestIncome": "None", "otherNonOperatingIncome": "None", "depreciation": "None", "depreciationAndAmortization": "17501000", "incomeBeforeTax": "58852000", "incomeTaxExpense": "20599000", "interestAndDebtExpense": "None", "netIncomeFromContinuingOperations": "0", "comprehensiveIncomeNetOfTax": "None", "ebit": "59357000", "ebitda": "76858000", "netIncome": "38253000"}, {"fiscalDateEnding": "2009-09-30", "reportedCurrency": "USD", "grossProfit": "246038000", "totalRevenue": "747730000", "costOfRevenue": "501692000", "costofGoodsAndServicesSold": "501692000", "operatingIncome": "35797000", "sellingGeneralAndAdministrative": "193800000", "researchAndDevelopment": "0", "operatingExpenses": "210241000", "investmentIncomeNet": "None", "netInterestIncome": "None", "interestIncome": "None", "interestExpense": "461000", "nonInterestIncome": "None", "otherNonOperatingIncome": "None", "depreciation": "None", "depreciationAndAmortization": "16421000", "incomeBeforeTax": "35336000", "incomeTaxExpense": "13357000", "interestAndDebtExpense": "None", "netIncomeFromContinuingOperations": "0", "comprehensiveIncomeNetOfTax": "None", "ebit": "35797000", "ebitda": "52218000", "netIncome": "21979000"}, {"fiscalDateEnding": "2009-06-30", "reportedCurrency": "USD", "grossProfit": "302198000", "totalRevenue": "946504000", "costOfRevenue": "644306000", "costofGoodsAndServicesSold": "644306000", "operatingIncome": "88294000", "sellingGeneralAndAdministrative": "197800000", "researchAndDevelopment": "0", "operatingExpenses": "213904000", "investmentIncomeNet": "None", "netInterestIncome": "None", "interestIncome": "None", "interestExpense": "264000", "nonInterestIncome": "None", "otherNonOperatingIncome": "None", "depreciation": "None", "depreciationAndAmortization": "16135000", "incomeBeforeTax": "88030000", "incomeTaxExpense": "33266000", "interestAndDebtExpense": "None", "netIncomeFromContinuingOperations": "0", "comprehensiveIncomeNetOfTax": "None", "ebit": "88294000", "ebitda": "104429000", "netIncome": "54764000"}, {"fiscalDateEnding": "2009-03-31", "reportedCurrency": "USD", "grossProfit": "201036000", "totalRevenue": "650171000", "costOfRevenue": "449135000", "costofGoodsAndServicesSold": "449135000", "operatingIncome": "1185000", "sellingGeneralAndAdministrative": "183700000", "researchAndDevelopment": "0", "operatingExpenses": "199851000", "investmentIncomeNet": "None", "netInterestIncome": "None", "interestIncome": "None", "interestExpense": "414000", "nonInterestIncome": "None", "otherNonOperatingIncome": "None", "depreciation": "None", "depreciationAndAmortization": "16201000", "incomeBeforeTax": "771000", "incomeTaxExpense": "301000", "interestAndDebtExpense": "None", "netIncomeFromContinuingOperations": "0", "comprehensiveIncomeNetOfTax": "None", "ebit": "0", "ebitda": "16201000", "netIncome": "470000"}, {"fiscalDateEnding": "2008-12-31", "reportedCurrency": "USD", "grossProfit": "231274000", "totalRevenue": "799496000", "costOfRevenue": "568222000", "costofGoodsAndServicesSold": "568222000", "operatingIncome": "26609000", "sellingGeneralAndAdministrative": "188700000", "researchAndDevelopment": "0", "operatingExpenses": "204665000", "investmentIncomeNet": "None", "netInterestIncome": "None", "interestIncome": "None", "interestExpense": "406000", "nonInterestIncome": "None", "otherNonOperatingIncome": "None", "depreciation": "None", "depreciationAndAmortization": "16006000", "incomeBeforeTax": "26203000", "incomeTaxExpense": "9900000", "interestAndDebtExpense": "None", "netIncomeFromContinuingOperations": "0", "comprehensiveIncomeNetOfTax": "None", "ebit": "26609000", "ebitda": "42615000", "netIncome": "16303000"}, {"fiscalDateEnding": "2008-09-30", "reportedCurrency": "USD", "grossProfit": "224606000", "totalRevenue": "733918000", "costOfRevenue": "509312000", "costofGoodsAndServicesSold": "509312000", "operatingIncome": "32487000", "sellingGeneralAndAdministrative": "176800000", "researchAndDevelopment": "0", "operatingExpenses": "192119000", "investmentIncomeNet": "None", "netInterestIncome": "None", "interestIncome": "None", "interestExpense": "69000", "nonInterestIncome": "None", "otherNonOperatingIncome": "None", "depreciation": "None", "depreciationAndAmortization": "15345000", "incomeBeforeTax": "32556000", "incomeTaxExpense": "12795000", "interestAndDebtExpense": "None", "netIncomeFromContinuingOperations": "0", "comprehensiveIncomeNetOfTax": "None", "ebit": "32487000", "ebitda": "47832000", "netIncome": "19761000"}, {"fiscalDateEnding": "2008-06-30", "reportedCurrency": "USD", "grossProfit": "279477000", "totalRevenue": "898327000", "costOfRevenue": "618850000", "costofGoodsAndServicesSold": "618850000", "operatingIncome": "77126000", "sellingGeneralAndAdministrative": "187300000", "researchAndDevelopment": "0", "operatingExpenses": "202351000", "investmentIncomeNet": "None", "netInterestIncome": "None", "interestIncome": "None", "interestExpense": "573000", "nonInterestIncome": "None", "otherNonOperatingIncome": "None", "depreciation": "None", "depreciationAndAmortization": "15008000", "incomeBeforeTax": "76553000", "incomeTaxExpense": "29535000", "interestAndDebtExpense": "None", "netIncomeFromContinuingOperations": "0", "comprehensiveIncomeNetOfTax": "None", "ebit": "77126000", "ebitda": "92134000", "netIncome": "47018000"}, {"fiscalDateEnding": "2008-03-31", "reportedCurrency": "USD", "grossProfit": "176904000", "totalRevenue": "576208000", "costOfRevenue": "399304000", "costofGoodsAndServicesSold": "399304000", "operatingIncome": "-653000", "sellingGeneralAndAdministrative": "163200000", "researchAndDevelopment": "0", "operatingExpenses": "177557000", "investmentIncomeNet": "None", "netInterestIncome": "None", "interestIncome": "None", "interestExpense": "1223000", "nonInterestIncome": "None", "otherNonOperatingIncome": "None", "depreciation": "None", "depreciationAndAmortization": "14372000", "incomeBeforeTax": "-1876000", "incomeTaxExpense": "-724000", "interestAndDebtExpense": "None", "netIncomeFromContinuingOperations": "0", "comprehensiveIncomeNetOfTax": "None", "ebit": "-653000", "ebitda": "13719000", "netIncome": "-1152000"}, {"fiscalDateEnding": "2007-12-31", "reportedCurrency": "USD", "grossProfit": "235457000", "totalRevenue": "723252000", "costOfRevenue": "487795000", "costofGoodsAndServicesSold": "487795000", "operatingIncome": "50284000", "sellingGeneralAndAdministrative": "171400000", "researchAndDevelopment": "0", "operatingExpenses": "185173000", "investmentIncomeNet": "None", "netInterestIncome": "None", "interestIncome": "None", "interestExpense": "1991000", "nonInterestIncome": "None", "otherNonOperatingIncome": "None", "depreciation": "None", "depreciationAndAmortization": "13794000", "incomeBeforeTax": "48293000", "incomeTaxExpense": "18276000", "interestAndDebtExpense": "None", "netIncomeFromContinuingOperations": "0", "comprehensiveIncomeNetOfTax": "None", "ebit": "50284000", "ebitda": "64078000", "netIncome": "30017000"}, {"fiscalDateEnding": "2007-09-30", "reportedCurrency": "USD", "grossProfit": "198647000", "totalRevenue": "629199000", "costOfRevenue": "430552000", "costofGoodsAndServicesSold": "430552000", "operatingIncome": "29669000", "sellingGeneralAndAdministrative": "156100000", "researchAndDevelopment": "0", "operatingExpenses": "168978000", "investmentIncomeNet": "None", "netInterestIncome": "None", "interestIncome": "None", "interestExpense": "1517000", "nonInterestIncome": "None", "otherNonOperatingIncome": "None", "depreciation": "None", "depreciationAndAmortization": "12900000", "incomeBeforeTax": "28152000", "incomeTaxExpense": "10684000", "interestAndDebtExpense": "None", "netIncomeFromContinuingOperations": "0", "comprehensiveIncomeNetOfTax": "None", "ebit": "29669000", "ebitda": "42569000", "netIncome": "17468000"}, {"fiscalDateEnding": "2007-06-30", "reportedCurrency": "USD", "grossProfit": "250424000", "totalRevenue": "790929000", "costOfRevenue": "540505000", "costofGoodsAndServicesSold": "540505000", "operatingIncome": "71108000", "sellingGeneralAndAdministrative": "166959000", "researchAndDevelopment": "0", "operatingExpenses": "179316000", "investmentIncomeNet": "None", "netInterestIncome": "None", "interestIncome": "None", "interestExpense": "604000", "nonInterestIncome": "None", "otherNonOperatingIncome": "None", "depreciation": "None", "depreciationAndAmortization": "12357000", "incomeBeforeTax": "70504000", "incomeTaxExpense": "26747000", "interestAndDebtExpense": "None", "netIncomeFromContinuingOperations": "0", "comprehensiveIncomeNetOfTax": "None", "ebit": "71108000", "ebitda": "83465000", "netIncome": "43757000"}, {"fiscalDateEnding": "2007-03-31", "reportedCurrency": "USD", "grossProfit": "168180000", "totalRevenue": "559832000", "costOfRevenue": "391652000", "costofGoodsAndServicesSold": "391652000", "operatingIncome": "8980000", "sellingGeneralAndAdministrative": "147187000", "researchAndDevelopment": "0", "operatingExpenses": "159200000", "investmentIncomeNet": "None", "netInterestIncome": "None", "interestIncome": "None", "interestExpense": "925000", "nonInterestIncome": "None", "otherNonOperatingIncome": "None", "depreciation": "None", "depreciationAndAmortization": "12013000", "incomeBeforeTax": "8055000", "incomeTaxExpense": "3056000", "interestAndDebtExpense": "None", "netIncomeFromContinuingOperations": "0", "comprehensiveIncomeNetOfTax": "None", "ebit": "8980000", "ebitda": "20993000", "netIncome": "4999000"}, {"fiscalDateEnding": "2006-12-31", "reportedCurrency": "USD", "grossProfit": "205267000", "totalRevenue": "629898000", "costOfRevenue": "424631000", "costofGoodsAndServicesSold": "424631000", "operatingIncome": "48244000", "sellingGeneralAndAdministrative": "145100000", "researchAndDevelopment": "0", "operatingExpenses": "157023000", "investmentIncomeNet": "None", "netInterestIncome": "None", "interestIncome": "None", "interestExpense": "749000", "nonInterestIncome": "None", "otherNonOperatingIncome": "None", "depreciation": "None", "depreciationAndAmortization": "11372000", "incomeBeforeTax": "47495000", "incomeTaxExpense": "17998000", "interestAndDebtExpense": "None", "netIncomeFromContinuingOperations": "0", "comprehensiveIncomeNetOfTax": "None", "ebit": "48244000", "ebitda": "59616000", "netIncome": "29497000"}, {"fiscalDateEnding": "2006-09-30", "reportedCurrency": "USD", "grossProfit": "176340000", "totalRevenue": "559222000", "costOfRevenue": "382882000", "costofGoodsAndServicesSold": "382882000", "operatingIncome": "29103000", "sellingGeneralAndAdministrative": "136520000", "researchAndDevelopment": "0", "operatingExpenses": "147237000", "investmentIncomeNet": "None", "netInterestIncome": "None", "interestIncome": "None", "interestExpense": "385000", "nonInterestIncome": "None", "otherNonOperatingIncome": "None", "depreciation": "None", "depreciationAndAmortization": "10717000", "incomeBeforeTax": "28718000", "incomeTaxExpense": "10659000", "interestAndDebtExpense": "None", "netIncomeFromContinuingOperations": "0", "comprehensiveIncomeNetOfTax": "None", "ebit": "29103000", "ebitda": "39820000", "netIncome": "18059000"}, {"fiscalDateEnding": "2006-06-30", "reportedCurrency": "USD", "grossProfit": "227385000", "totalRevenue": "714944000", "costOfRevenue": "487559000", "costofGoodsAndServicesSold": "487559000", "operatingIncome": "68931000", "sellingGeneralAndAdministrative": "145000000", "researchAndDevelopment": "0", "operatingExpenses": "158454000", "investmentIncomeNet": "None", "netInterestIncome": "None", "interestIncome": "None", "interestExpense": "647000", "nonInterestIncome": "None", "otherNonOperatingIncome": "None", "depreciation": "None", "depreciationAndAmortization": "10580000", "incomeBeforeTax": "68284000", "incomeTaxExpense": "25357000", "interestAndDebtExpense": "None", "netIncomeFromContinuingOperations": "0", "comprehensiveIncomeNetOfTax": "None", "ebit": "68931000", "ebitda": "79511000", "netIncome": "42927000"}, {"fiscalDateEnding": "2006-03-31", "reportedCurrency": "USD", "grossProfit": "142284000", "totalRevenue": "465547000", "costOfRevenue": "323263000", "costofGoodsAndServicesSold": "323263000", "operatingIncome": "1741000", "sellingGeneralAndAdministrative": "130600000", "researchAndDevelopment": "0", "operatingExpenses": "140543000", "investmentIncomeNet": "None", "netInterestIncome": "None", "interestIncome": "None", "interestExpense": "907000", "nonInterestIncome": "None", "otherNonOperatingIncome": "None", "depreciation": "None", "depreciationAndAmortization": "9623000", "incomeBeforeTax": "834000", "incomeTaxExpense": "309000", "interestAndDebtExpense": "None", "netIncomeFromContinuingOperations": "0", "comprehensiveIncomeNetOfTax": "None", "ebit": "1741000", "ebitda": "11364000", "netIncome": "525000"}, {"fiscalDateEnding": "2005-12-31", "reportedCurrency": "USD", "grossProfit": "190819000", "totalRevenue": "597934000", "costOfRevenue": "407115000", "costofGoodsAndServicesSold": "407115000", "operatingIncome": "49447000", "sellingGeneralAndAdministrative": "131956000", "researchAndDevelopment": "0", "operatingExpenses": "141372000", "investmentIncomeNet": "None", "netInterestIncome": "None", "interestIncome": "None", "interestExpense": "542000", "nonInterestIncome": "None", "otherNonOperatingIncome": "None", "depreciation": "None", "depreciationAndAmortization": "9416000", "incomeBeforeTax": "48905000", "incomeTaxExpense": "18003000", "interestAndDebtExpense": "None", "netIncomeFromContinuingOperations": "0", "comprehensiveIncomeNetOfTax": "None", "ebit": "49447000", "ebitda": "58863000", "netIncome": "30902000"}, {"fiscalDateEnding": "2005-09-30", "reportedCurrency": "USD", "grossProfit": "146905000", "totalRevenue": "479607000", "costOfRevenue": "332702000", "costofGoodsAndServicesSold": "332702000", "operatingIncome": "28939000", "sellingGeneralAndAdministrative": "109100000", "researchAndDevelopment": "0", "operatingExpenses": "117966000", "investmentIncomeNet": "None", "netInterestIncome": "None", "interestIncome": "None", "interestExpense": "189000", "nonInterestIncome": "None", "otherNonOperatingIncome": "None", "depreciation": "None", "depreciationAndAmortization": "8893000", "incomeBeforeTax": "28750000", "incomeTaxExpense": "10421000", "interestAndDebtExpense": "None", "netIncomeFromContinuingOperations": "0", "comprehensiveIncomeNetOfTax": "None", "ebit": "28939000", "ebitda": "37832000", "netIncome": "18329000"}, {"fiscalDateEnding": "2005-06-30", "reportedCurrency": "USD", "grossProfit": "189756000", "totalRevenue": "613235000", "costOfRevenue": "423479000", "costofGoodsAndServicesSold": "423479000", "operatingIncome": "56308000", "sellingGeneralAndAdministrative": "125400000", "researchAndDevelopment": "0", "operatingExpenses": "133448000", "investmentIncomeNet": "None", "netInterestIncome": "None", "interestIncome": "None", "interestExpense": "224000", "nonInterestIncome": "None", "otherNonOperatingIncome": "None", "depreciation": "None", "depreciationAndAmortization": "8065000", "incomeBeforeTax": "56084000", "incomeTaxExpense": "20330000", "interestAndDebtExpense": "None", "netIncomeFromContinuingOperations": "0", "comprehensiveIncomeNetOfTax": "None", "ebit": "56308000", "ebitda": "64373000", "netIncome": "35754000"}, {"fiscalDateEnding": "2005-03-31", "reportedCurrency": "USD", "grossProfit": "112071000", "totalRevenue": "377203000", "costOfRevenue": "265132000", "costofGoodsAndServicesSold": "265132000", "operatingIncome": "1750000", "sellingGeneralAndAdministrative": "102700000", "researchAndDevelopment": "0", "operatingExpenses": "110321000", "investmentIncomeNet": "None", "netInterestIncome": "None", "interestIncome": "None", "interestExpense": "677000", "nonInterestIncome": "None", "otherNonOperatingIncome": "None", "depreciation": "None", "depreciationAndAmortization": "7646000", "incomeBeforeTax": "1073000", "incomeTaxExpense": "389000", "interestAndDebtExpense": "None", "netIncomeFromContinuingOperations": "0", "comprehensiveIncomeNetOfTax": "None", "ebit": "1750000", "ebitda": "9396000", "netIncome": "684000"}, {"fiscalDateEnding": "2004-12-31", "reportedCurrency": "USD", "grossProfit": "145399000", "totalRevenue": "455986000", "costOfRevenue": "310587000", "costofGoodsAndServicesSold": "310587000", "operatingIncome": "32588000", "sellingGeneralAndAdministrative": "103800000", "researchAndDevelopment": "0", "operatingExpenses": "112811000", "investmentIncomeNet": "None", "netInterestIncome": "None", "interestIncome": "None", "interestExpense": "698000", "nonInterestIncome": "None", "otherNonOperatingIncome": "None", "depreciation": "None", "depreciationAndAmortization": "9000000", "incomeBeforeTax": "31890000", "incomeTaxExpense": "10970000", "interestAndDebtExpense": "None", "netIncomeFromContinuingOperations": "0", "comprehensiveIncomeNetOfTax": "None", "ebit": "32588000", "ebitda": "41588000", "netIncome": "20920000"}]}