{"symbol": "HPQ", "annualReports": [{"fiscalDateEnding": "2024-10-31", "reportedCurrency": "USD", "grossProfit": "11818000000", "totalRevenue": "53559000000", "costOfRevenue": "41741000000", "costofGoodsAndServicesSold": "41741000000", "operatingIncome": "3818000000", "sellingGeneralAndAdministrative": "5658000000", "researchAndDevelopment": "1640000000", "operatingExpenses": "8000000000", "investmentIncomeNet": "None", "netInterestIncome": "-607000000", "interestIncome": "None", "interestExpense": "607000000", "nonInterestIncome": "None", "otherNonOperatingIncome": "None", "depreciation": "None", "depreciationAndAmortization": "830000000", "incomeBeforeTax": "3279000000", "incomeTaxExpense": "504000000", "interestAndDebtExpense": "None", "netIncomeFromContinuingOperations": "2775000000", "comprehensiveIncomeNetOfTax": "None", "ebit": "3886000000", "ebitda": "4716000000", "netIncome": "2775000000"}, {"fiscalDateEnding": "2023-10-31", "reportedCurrency": "USD", "grossProfit": "11508000000", "totalRevenue": "53718000000", "costOfRevenue": "42210000000", "costofGoodsAndServicesSold": "42210000000", "operatingIncome": "3456000000", "sellingGeneralAndAdministrative": "5264000000", "researchAndDevelopment": "1578000000", "operatingExpenses": "8052000000", "investmentIncomeNet": "None", "netInterestIncome": "-519000000", "interestIncome": "None", "interestExpense": "548000000", "nonInterestIncome": "None", "otherNonOperatingIncome": "None", "depreciation": "None", "depreciationAndAmortization": "841000000", "incomeBeforeTax": "2937000000", "incomeTaxExpense": "-326000000", "interestAndDebtExpense": "None", "netIncomeFromContinuingOperations": "3263000000", "comprehensiveIncomeNetOfTax": "None", "ebit": "3621000000", "ebitda": "4462000000", "netIncome": "3263000000"}, {"fiscalDateEnding": "2022-10-31", "reportedCurrency": "USD", "grossProfit": "12335000000", "totalRevenue": "62983000000", "costOfRevenue": "50648000000", "costofGoodsAndServicesSold": "50648000000", "operatingIncome": "4676000000", "sellingGeneralAndAdministrative": "5264000000", "researchAndDevelopment": "1593000000", "operatingExpenses": "7085000000", "investmentIncomeNet": "None", "netInterestIncome": "-235000000", "interestIncome": "235000000", "interestExpense": "359000000", "nonInterestIncome": "None", "otherNonOperatingIncome": "-235000000", "depreciation": "None", "depreciationAndAmortization": "228485", "incomeBeforeTax": "4441000000", "incomeTaxExpense": "1238000000", "interestAndDebtExpense": "None", "netIncomeFromContinuingOperations": "3203000000", "comprehensiveIncomeNetOfTax": "None", "ebit": "6603771515", "ebitda": "6604000000", "netIncome": "3132000000"}, {"fiscalDateEnding": "2021-10-31", "reportedCurrency": "USD", "grossProfit": "13417000000", "totalRevenue": "63487000000", "costOfRevenue": "50070000000", "costofGoodsAndServicesSold": "50070000000", "operatingIncome": "5302000000", "sellingGeneralAndAdministrative": "5704000000", "researchAndDevelopment": "1907000000", "operatingExpenses": "7802000000", "investmentIncomeNet": "None", "netInterestIncome": "2209000000", "interestIncome": "2209000000", "interestExpense": "254000000", "nonInterestIncome": "None", "otherNonOperatingIncome": "2209000000", "depreciation": "None", "depreciationAndAmortization": "781000000", "incomeBeforeTax": "7511000000", "incomeTaxExpense": "1008000000", "interestAndDebtExpense": "None", "netIncomeFromContinuingOperations": "6503000000", "comprehensiveIncomeNetOfTax": "None", "ebit": "7822000000", "ebitda": "8603000000", "netIncome": "6541000000"}, {"fiscalDateEnding": "2020-10-31", "reportedCurrency": "USD", "grossProfit": "10437000000", "totalRevenue": "56639000000", "costOfRevenue": "46202000000", "costofGoodsAndServicesSold": "46202000000", "operatingIncome": "3462000000", "sellingGeneralAndAdministrative": "5120000000", "researchAndDevelopment": "1478000000", "operatingExpenses": "6497000000", "investmentIncomeNet": "None", "netInterestIncome": "-231000000", "interestIncome": "231000000", "interestExpense": "239000000", "nonInterestIncome": "None", "otherNonOperatingIncome": "-231000000", "depreciation": "None", "depreciationAndAmortization": "786000000", "incomeBeforeTax": "3231000000", "incomeTaxExpense": "387000000", "interestAndDebtExpense": "None", "netIncomeFromContinuingOperations": "2844000000", "comprehensiveIncomeNetOfTax": "None", "ebit": "3470000000", "ebitda": "4256000000", "netIncome": "2815000000"}, {"fiscalDateEnding": "2019-10-31", "reportedCurrency": "USD", "grossProfit": "11170000000", "totalRevenue": "58756000000", "costOfRevenue": "47586000000", "costofGoodsAndServicesSold": "47586000000", "operatingIncome": "3877000000", "sellingGeneralAndAdministrative": "5368000000", "researchAndDevelopment": "1499000000", "operatingExpenses": "6983000000", "investmentIncomeNet": "None", "netInterestIncome": "-242000000", "interestIncome": "347000000", "interestExpense": "242000000", "nonInterestIncome": "None", "otherNonOperatingIncome": "None", "depreciation": "None", "depreciationAndAmortization": "739000000", "incomeBeforeTax": "2523000000", "incomeTaxExpense": "-629000000", "interestAndDebtExpense": "None", "netIncomeFromContinuingOperations": "3152000000", "comprehensiveIncomeNetOfTax": "None", "ebit": "2765000000", "ebitda": "3504000000", "netIncome": "3152000000"}, {"fiscalDateEnding": "2018-10-31", "reportedCurrency": "USD", "grossProfit": "10669000000", "totalRevenue": "58472000000", "costOfRevenue": "47803000000", "costofGoodsAndServicesSold": "47803000000", "operatingIncome": "4064000000", "sellingGeneralAndAdministrative": "4859000000", "researchAndDevelopment": "1404000000", "operatingExpenses": "6350000000", "investmentIncomeNet": "None", "netInterestIncome": "-312000000", "interestIncome": "286000000", "interestExpense": "312000000", "nonInterestIncome": "None", "otherNonOperatingIncome": "-1051000000", "depreciation": "None", "depreciationAndAmortization": "528000000", "incomeBeforeTax": "3013000000", "incomeTaxExpense": "-2314000000", "interestAndDebtExpense": "None", "netIncomeFromContinuingOperations": "5327000000", "comprehensiveIncomeNetOfTax": "None", "ebit": "4319000000", "ebitda": "4847000000", "netIncome": "5327000000"}, {"fiscalDateEnding": "2017-10-31", "reportedCurrency": "USD", "grossProfit": "9578000000", "totalRevenue": "52056000000", "costOfRevenue": "42478000000", "costofGoodsAndServicesSold": "42478000000", "operatingIncome": "3519000000", "sellingGeneralAndAdministrative": "4376000000", "researchAndDevelopment": "1190000000", "operatingExpenses": "5567000000", "investmentIncomeNet": "None", "netInterestIncome": "-309000000", "interestIncome": "338000000", "interestExpense": "309000000", "nonInterestIncome": "None", "otherNonOperatingIncome": "-243000000", "depreciation": "None", "depreciationAndAmortization": "354000000", "incomeBeforeTax": "3276000000", "incomeTaxExpense": "750000000", "interestAndDebtExpense": "None", "netIncomeFromContinuingOperations": "2526000000", "comprehensiveIncomeNetOfTax": "None", "ebit": "4005000000", "ebitda": "4359000000", "netIncome": "2526000000"}, {"fiscalDateEnding": "2016-10-31", "reportedCurrency": "USD", "grossProfit": "8998000000", "totalRevenue": "48238000000", "costOfRevenue": "39240000000", "costofGoodsAndServicesSold": "39240000000", "operatingIncome": "3549000000", "sellingGeneralAndAdministrative": "3840000000", "researchAndDevelopment": "1209000000", "operatingExpenses": "5065000000", "investmentIncomeNet": "None", "netInterestIncome": "212000000", "interestIncome": "313000000", "interestExpense": "6079000000", "nonInterestIncome": "None", "otherNonOperatingIncome": "212000000", "depreciation": "None", "depreciationAndAmortization": "332000000", "incomeBeforeTax": "3761000000", "incomeTaxExpense": "1095000000", "interestAndDebtExpense": "None", "netIncomeFromContinuingOperations": "2666000000", "comprehensiveIncomeNetOfTax": "None", "ebit": "3940000000", "ebitda": "4272000000", "netIncome": "2496000000"}, {"fiscalDateEnding": "2015-10-31", "reportedCurrency": "USD", "grossProfit": "9939000000", "totalRevenue": "51463000000", "costOfRevenue": "41524000000", "costofGoodsAndServicesSold": "41524000000", "operatingIncome": "3920000000", "sellingGeneralAndAdministrative": "4720000000", "researchAndDevelopment": "1191000000", "operatingExpenses": "6013000000", "investmentIncomeNet": "None", "netInterestIncome": "None", "interestIncome": "125000000", "interestExpense": "3888000000", "nonInterestIncome": "None", "otherNonOperatingIncome": "None", "depreciation": "None", "depreciationAndAmortization": "4073000000", "incomeBeforeTax": "3532000000", "incomeTaxExpense": "-186000000", "interestAndDebtExpense": "None", "netIncomeFromContinuingOperations": "4554000000", "comprehensiveIncomeNetOfTax": "None", "ebit": "3687000000", "ebitda": "7760000000", "netIncome": "4554000000"}, {"fiscalDateEnding": "2014-10-31", "reportedCurrency": "USD", "grossProfit": "26615000000", "totalRevenue": "111454000000", "costOfRevenue": "84839000000", "costofGoodsAndServicesSold": "84839000000", "operatingIncome": "8815000000", "sellingGeneralAndAdministrative": "13353000000", "researchAndDevelopment": "3447000000", "operatingExpenses": "17800000000", "investmentIncomeNet": "None", "netInterestIncome": "None", "interestIncome": "None", "interestExpense": "2645000000", "nonInterestIncome": "None", "otherNonOperatingIncome": "-628000000", "depreciation": "None", "depreciationAndAmortization": "4334000000", "incomeBeforeTax": "6557000000", "incomeTaxExpense": "1544000000", "interestAndDebtExpense": "None", "netIncomeFromContinuingOperations": "5013000000", "comprehensiveIncomeNetOfTax": "None", "ebit": "4432000000", "ebitda": "8766000000", "netIncome": "5013000000"}, {"fiscalDateEnding": "2013-10-31", "reportedCurrency": "USD", "grossProfit": "25918000000", "totalRevenue": "112298000000", "costOfRevenue": "86380000000", "costofGoodsAndServicesSold": "86380000000", "operatingIncome": "7131000000", "sellingGeneralAndAdministrative": "13267000000", "researchAndDevelopment": "3135000000", "operatingExpenses": "17775000000", "investmentIncomeNet": "None", "netInterestIncome": "None", "interestIncome": "None", "interestExpense": "41568000000", "nonInterestIncome": "None", "otherNonOperatingIncome": "-621000000", "depreciation": "None", "depreciationAndAmortization": "6635000000", "incomeBeforeTax": "6510000000", "incomeTaxExpense": "1397000000", "interestAndDebtExpense": "None", "netIncomeFromContinuingOperations": "5113000000", "comprehensiveIncomeNetOfTax": "None", "ebit": "6119000000", "ebitda": "12754000000", "netIncome": "5113000000"}, {"fiscalDateEnding": "2012-10-31", "reportedCurrency": "USD", "grossProfit": "27972000000", "totalRevenue": "120357000000", "costOfRevenue": "92385000000", "costofGoodsAndServicesSold": "92385000000", "operatingIncome": "29635000000", "sellingGeneralAndAdministrative": "13500000000", "researchAndDevelopment": "3399000000", "operatingExpenses": "18683000000", "investmentIncomeNet": "None", "netInterestIncome": "None", "interestIncome": "None", "interestExpense": "695000000", "nonInterestIncome": "None", "otherNonOperatingIncome": "None", "depreciation": "None", "depreciationAndAmortization": "5095000000", "incomeBeforeTax": "-11933000000", "incomeTaxExpense": "717000000", "interestAndDebtExpense": "None", "netIncomeFromContinuingOperations": "None", "comprehensiveIncomeNetOfTax": "None", "ebit": "29635000000", "ebitda": "34730000000", "netIncome": "-12650000000"}, {"fiscalDateEnding": "2011-10-31", "reportedCurrency": "USD", "grossProfit": "29716000000", "totalRevenue": "127245000000", "costOfRevenue": "97529000000", "costofGoodsAndServicesSold": "97529000000", "operatingIncome": "9677000000", "sellingGeneralAndAdministrative": "13466000000", "researchAndDevelopment": "3254000000", "operatingExpenses": "18327000000", "investmentIncomeNet": "None", "netInterestIncome": "None", "interestIncome": "None", "interestExpense": "695000000", "nonInterestIncome": "None", "otherNonOperatingIncome": "-695000000", "depreciation": "None", "depreciationAndAmortization": "6696000000", "incomeBeforeTax": "8982000000", "incomeTaxExpense": "1908000000", "interestAndDebtExpense": "None", "netIncomeFromContinuingOperations": "7074000000", "comprehensiveIncomeNetOfTax": "None", "ebit": "7821000000", "ebitda": "14517000000", "netIncome": "7074000000"}, {"fiscalDateEnding": "2010-10-31", "reportedCurrency": "USD", "grossProfit": "29944000000", "totalRevenue": "126033000000", "costOfRevenue": "96089000000", "costofGoodsAndServicesSold": "96089000000", "operatingIncome": "11479000000", "sellingGeneralAndAdministrative": "12585000000", "researchAndDevelopment": "2959000000", "operatingExpenses": "17028000000", "investmentIncomeNet": "None", "netInterestIncome": "None", "interestIncome": "None", "interestExpense": "505000000", "nonInterestIncome": "None", "otherNonOperatingIncome": "None", "depreciation": "None", "depreciationAndAmortization": "6257000000", "incomeBeforeTax": "10974000000", "incomeTaxExpense": "2213000000", "interestAndDebtExpense": "None", "netIncomeFromContinuingOperations": "None", "comprehensiveIncomeNetOfTax": "None", "ebit": "9954000000", "ebitda": "16211000000", "netIncome": "8761000000"}, {"fiscalDateEnding": "2009-10-31", "reportedCurrency": "USD", "grossProfit": "27028000000", "totalRevenue": "114552000000", "costOfRevenue": "87524000000", "costofGoodsAndServicesSold": "87524000000", "operatingIncome": "10136000000", "sellingGeneralAndAdministrative": "11613000000", "researchAndDevelopment": "2819000000", "operatingExpenses": "16003000000", "investmentIncomeNet": "None", "netInterestIncome": "None", "interestIncome": "None", "interestExpense": "721000000", "nonInterestIncome": "None", "otherNonOperatingIncome": "None", "depreciation": "None", "depreciationAndAmortization": "6551000000", "incomeBeforeTax": "9415000000", "incomeTaxExpense": "1755000000", "interestAndDebtExpense": "None", "netIncomeFromContinuingOperations": "None", "comprehensiveIncomeNetOfTax": "None", "ebit": "3585000000", "ebitda": "10136000000", "netIncome": "7660000000"}, {"fiscalDateEnding": "2008-10-31", "reportedCurrency": "USD", "grossProfit": "28910000000", "totalRevenue": "118364000000", "costOfRevenue": "89454000000", "costofGoodsAndServicesSold": "89454000000", "operatingIncome": "10473000000", "sellingGeneralAndAdministrative": "13104000000", "researchAndDevelopment": "3543000000", "operatingExpenses": "18081000000", "investmentIncomeNet": "None", "netInterestIncome": "None", "interestIncome": "None", "interestExpense": "165000000", "nonInterestIncome": "None", "otherNonOperatingIncome": "None", "depreciation": "None", "depreciationAndAmortization": "4068000000", "incomeBeforeTax": "10473000000", "incomeTaxExpense": "2144000000", "interestAndDebtExpense": "None", "netIncomeFromContinuingOperations": "None", "comprehensiveIncomeNetOfTax": "None", "ebit": "10117000000", "ebitda": "14185000000", "netIncome": "8329000000"}, {"fiscalDateEnding": "2007-10-31", "reportedCurrency": "USD", "grossProfit": "25399000000", "totalRevenue": "104286000000", "costOfRevenue": "78887000000", "costofGoodsAndServicesSold": "78887000000", "operatingIncome": "8719000000", "sellingGeneralAndAdministrative": "12226000000", "researchAndDevelopment": "3611000000", "operatingExpenses": "16103000000", "investmentIncomeNet": "None", "netInterestIncome": "None", "interestIncome": "None", "interestExpense": "236000000", "nonInterestIncome": "None", "otherNonOperatingIncome": "None", "depreciation": "None", "depreciationAndAmortization": "3328000000", "incomeBeforeTax": "9177000000", "incomeTaxExpense": "1913000000", "interestAndDebtExpense": "None", "netIncomeFromContinuingOperations": "None", "comprehensiveIncomeNetOfTax": "None", "ebit": "9085000000", "ebitda": "12413000000", "netIncome": "7264000000"}, {"fiscalDateEnding": "2006-10-31", "reportedCurrency": "USD", "grossProfit": "22231000000", "totalRevenue": "91658000000", "costOfRevenue": "69427000000", "costofGoodsAndServicesSold": "69427000000", "operatingIncome": "6560000000", "sellingGeneralAndAdministrative": "11266000000", "researchAndDevelopment": "3591000000", "operatingExpenses": "15461000000", "investmentIncomeNet": "None", "netInterestIncome": "None", "interestIncome": "None", "interestExpense": "3222000000", "nonInterestIncome": "None", "otherNonOperatingIncome": "None", "depreciation": "None", "depreciationAndAmortization": "2748000000", "incomeBeforeTax": "7191000000", "incomeTaxExpense": "993000000", "interestAndDebtExpense": "None", "netIncomeFromContinuingOperations": "None", "comprehensiveIncomeNetOfTax": "None", "ebit": "7132000000", "ebitda": "9880000000", "netIncome": "6198000000"}, {"fiscalDateEnding": "2005-10-31", "reportedCurrency": "USD", "grossProfit": "20256000000", "totalRevenue": "86696000000", "costOfRevenue": "66440000000", "costofGoodsAndServicesSold": "66440000000", "operatingIncome": "6765000000", "sellingGeneralAndAdministrative": "11184000000", "researchAndDevelopment": "3490000000", "operatingExpenses": "15097000000", "investmentIncomeNet": "None", "netInterestIncome": "None", "interestIncome": "None", "interestExpense": "507000000", "nonInterestIncome": "None", "otherNonOperatingIncome": "None", "depreciation": "None", "depreciationAndAmortization": "2344000000", "incomeBeforeTax": "3543000000", "incomeTaxExpense": "1145000000", "interestAndDebtExpense": "None", "netIncomeFromContinuingOperations": "None", "comprehensiveIncomeNetOfTax": "None", "ebit": "3877000000", "ebitda": "6221000000", "netIncome": "2398000000"}], "quarterlyReports": [{"fiscalDateEnding": "2025-01-31", "reportedCurrency": "USD", "grossProfit": "2840000000", "totalRevenue": "13504000000", "costOfRevenue": "10664000000", "costofGoodsAndServicesSold": "10664000000", "operatingIncome": "845000000", "sellingGeneralAndAdministrative": "1459000000", "researchAndDevelopment": "397000000", "operatingExpenses": "1995000000", "investmentIncomeNet": "None", "netInterestIncome": "-141000000", "interestIncome": "None", "interestExpense": "141000000", "nonInterestIncome": "None", "otherNonOperatingIncome": "None", "depreciation": "None", "depreciationAndAmortization": "None", "incomeBeforeTax": "704000000", "incomeTaxExpense": "139000000", "interestAndDebtExpense": "None", "netIncomeFromContinuingOperations": "565000000", "comprehensiveIncomeNetOfTax": "None", "ebit": "None", "ebitda": "845000000", "netIncome": "565000000"}, {"fiscalDateEnding": "2024-10-31", "reportedCurrency": "USD", "grossProfit": "3001000000", "totalRevenue": "14055000000", "costOfRevenue": "11054000000", "costofGoodsAndServicesSold": "11054000000", "operatingIncome": "991000000", "sellingGeneralAndAdministrative": "1409000000", "researchAndDevelopment": "392000000", "operatingExpenses": "2010000000", "investmentIncomeNet": "None", "netInterestIncome": "-147000000", "interestIncome": "None", "interestExpense": "147000000", "nonInterestIncome": "None", "otherNonOperatingIncome": "None", "depreciation": "None", "depreciationAndAmortization": "208000000", "incomeBeforeTax": "862000000", "incomeTaxExpense": "-44000000", "interestAndDebtExpense": "None", "netIncomeFromContinuingOperations": "906000000", "comprehensiveIncomeNetOfTax": "None", "ebit": "1125000000", "ebitda": "1333000000", "netIncome": "906000000"}, {"fiscalDateEnding": "2024-07-31", "reportedCurrency": "USD", "grossProfit": "2906000000", "totalRevenue": "13519000000", "costOfRevenue": "10613000000", "costofGoodsAndServicesSold": "10613000000", "operatingIncome": "940000000", "sellingGeneralAndAdministrative": "1404000000", "researchAndDevelopment": "413000000", "operatingExpenses": "1966000000", "investmentIncomeNet": "None", "netInterestIncome": "-111000000", "interestIncome": "None", "interestExpense": "111000000", "nonInterestIncome": "None", "otherNonOperatingIncome": "None", "depreciation": "None", "depreciationAndAmortization": "208000000", "incomeBeforeTax": "827000000", "incomeTaxExpense": "187000000", "interestAndDebtExpense": "None", "netIncomeFromContinuingOperations": "640000000", "comprehensiveIncomeNetOfTax": "None", "ebit": "976000000", "ebitda": "1184000000", "netIncome": "640000000"}, {"fiscalDateEnding": "2024-04-30", "reportedCurrency": "USD", "grossProfit": "2940000000", "totalRevenue": "12761000000", "costOfRevenue": "9821000000", "costofGoodsAndServicesSold": "9821000000", "operatingIncome": "1043000000", "sellingGeneralAndAdministrative": "1462000000", "researchAndDevelopment": "436000000", "operatingExpenses": "1897000000", "investmentIncomeNet": "None", "netInterestIncome": "-162000000", "interestIncome": "None", "interestExpense": "162000000", "nonInterestIncome": "None", "otherNonOperatingIncome": "None", "depreciation": "None", "depreciationAndAmortization": "209000000", "incomeBeforeTax": "797000000", "incomeTaxExpense": "190000000", "interestAndDebtExpense": "None", "netIncomeFromContinuingOperations": "607000000", "comprehensiveIncomeNetOfTax": "None", "ebit": "1049000000", "ebitda": "1258000000", "netIncome": "607000000"}, {"fiscalDateEnding": "2024-01-31", "reportedCurrency": "USD", "grossProfit": "2888000000", "totalRevenue": "13185000000", "costOfRevenue": "10297000000", "costofGoodsAndServicesSold": "10297000000", "operatingIncome": "935000000", "sellingGeneralAndAdministrative": "1383000000", "researchAndDevelopment": "399000000", "operatingExpenses": "1863000000", "investmentIncomeNet": "None", "netInterestIncome": "-116000000", "interestIncome": "None", "interestExpense": "116000000", "nonInterestIncome": "None", "otherNonOperatingIncome": "None", "depreciation": "None", "depreciationAndAmortization": "205000000", "incomeBeforeTax": "793000000", "incomeTaxExpense": "171000000", "interestAndDebtExpense": "None", "netIncomeFromContinuingOperations": "622000000", "comprehensiveIncomeNetOfTax": "None", "ebit": "1028000000", "ebitda": "1233000000", "netIncome": "622000000"}, {"fiscalDateEnding": "2023-10-31", "reportedCurrency": "USD", "grossProfit": "2985000000", "totalRevenue": "13817000000", "costOfRevenue": "10832000000", "costofGoodsAndServicesSold": "10832000000", "operatingIncome": "1014000000", "sellingGeneralAndAdministrative": "1327000000", "researchAndDevelopment": "411000000", "operatingExpenses": "1826000000", "investmentIncomeNet": "None", "netInterestIncome": "-162000000", "interestIncome": "None", "interestExpense": "119000000", "nonInterestIncome": "None", "otherNonOperatingIncome": "None", "depreciation": "None", "depreciationAndAmortization": "212000000", "incomeBeforeTax": "852000000", "incomeTaxExpense": "-122000000", "interestAndDebtExpense": "None", "netIncomeFromContinuingOperations": "974000000", "comprehensiveIncomeNetOfTax": "None", "ebit": "1122000000", "ebitda": "1334000000", "netIncome": "974000000"}, {"fiscalDateEnding": "2023-07-31", "reportedCurrency": "USD", "grossProfit": "2822000000", "totalRevenue": "13196000000", "costOfRevenue": "10374000000", "costofGoodsAndServicesSold": "10374000000", "operatingIncome": "952000000", "sellingGeneralAndAdministrative": "1302000000", "researchAndDevelopment": "354000000", "operatingExpenses": "1747000000", "investmentIncomeNet": "None", "netInterestIncome": "-16000000", "interestIncome": "134000000", "interestExpense": "134000000", "nonInterestIncome": "None", "otherNonOperatingIncome": "None", "depreciation": "None", "depreciationAndAmortization": "217000000", "incomeBeforeTax": "936000000", "incomeTaxExpense": "170000000", "interestAndDebtExpense": "None", "netIncomeFromContinuingOperations": "766000000", "comprehensiveIncomeNetOfTax": "None", "ebit": "1089000000", "ebitda": "1306000000", "netIncome": "766000000"}, {"fiscalDateEnding": "2023-04-30", "reportedCurrency": "USD", "grossProfit": "2929000000", "totalRevenue": "12913000000", "costOfRevenue": "9984000000", "costofGoodsAndServicesSold": "9984000000", "operatingIncome": "1308000000", "sellingGeneralAndAdministrative": "1398000000", "researchAndDevelopment": "410000000", "operatingExpenses": "1894000000", "investmentIncomeNet": "None", "netInterestIncome": "-160000000", "interestIncome": "153000000", "interestExpense": "153000000", "nonInterestIncome": "None", "otherNonOperatingIncome": "None", "depreciation": "None", "depreciationAndAmortization": "212000000", "incomeBeforeTax": "602000000", "incomeTaxExpense": "-464000000", "interestAndDebtExpense": "None", "netIncomeFromContinuingOperations": "1066000000", "comprehensiveIncomeNetOfTax": "None", "ebit": "1034000000", "ebitda": "1246000000", "netIncome": "1054000000"}, {"fiscalDateEnding": "2023-01-31", "reportedCurrency": "USD", "grossProfit": "2787000000", "totalRevenue": "13798000000", "costOfRevenue": "11011000000", "costofGoodsAndServicesSold": "11011000000", "operatingIncome": "743000000", "sellingGeneralAndAdministrative": "1472000000", "researchAndDevelopment": "403000000", "operatingExpenses": "2044000000", "investmentIncomeNet": "None", "netInterestIncome": "-181000000", "interestIncome": "181000000", "interestExpense": "143000000", "nonInterestIncome": "None", "otherNonOperatingIncome": "-181000000", "depreciation": "None", "depreciationAndAmortization": "209000000", "incomeBeforeTax": "562000000", "incomeTaxExpense": "93000000", "interestAndDebtExpense": "None", "netIncomeFromContinuingOperations": "487000000", "comprehensiveIncomeNetOfTax": "None", "ebit": "705000000", "ebitda": "914000000", "netIncome": "469000000"}, {"fiscalDateEnding": "2022-10-31", "reportedCurrency": "USD", "grossProfit": "2717000000", "totalRevenue": "14801000000", "costOfRevenue": "12084000000", "costofGoodsAndServicesSold": "12084000000", "operatingIncome": "1377000000", "sellingGeneralAndAdministrative": "1189000000", "researchAndDevelopment": "382000000", "operatingExpenses": "1645000000", "investmentIncomeNet": "None", "netInterestIncome": "-94000000", "interestIncome": "94000000", "interestExpense": "130000000", "nonInterestIncome": "None", "otherNonOperatingIncome": "-94000000", "depreciation": "None", "depreciationAndAmortization": "54880", "incomeBeforeTax": "673000000", "incomeTaxExpense": "675000000", "interestAndDebtExpense": "None", "netIncomeFromContinuingOperations": "-2000000", "comprehensiveIncomeNetOfTax": "None", "ebit": "1585945120", "ebitda": "1586000000", "netIncome": "-2000000"}, {"fiscalDateEnding": "2022-07-31", "reportedCurrency": "USD", "grossProfit": "2900000000", "totalRevenue": "14664000000", "costOfRevenue": "11764000000", "costofGoodsAndServicesSold": "11764000000", "operatingIncome": "1272000000", "sellingGeneralAndAdministrative": "1143000000", "researchAndDevelopment": "368000000", "operatingExpenses": "1561000000", "investmentIncomeNet": "None", "netInterestIncome": "-70000000", "interestIncome": "96000000", "interestExpense": "96000000", "nonInterestIncome": "None", "otherNonOperatingIncome": "-70000000", "depreciation": "None", "depreciationAndAmortization": "181000000", "incomeBeforeTax": "1202000000", "incomeTaxExpense": "83000000", "interestAndDebtExpense": "None", "netIncomeFromContinuingOperations": "1119000000", "comprehensiveIncomeNetOfTax": "None", "ebit": "1357000000", "ebitda": "1538000000", "netIncome": "1119000000"}, {"fiscalDateEnding": "2022-04-30", "reportedCurrency": "USD", "grossProfit": "3333000000", "totalRevenue": "16490000000", "costOfRevenue": "13157000000", "costofGoodsAndServicesSold": "13157000000", "operatingIncome": "1278000000", "sellingGeneralAndAdministrative": "1546000000", "researchAndDevelopment": "425000000", "operatingExpenses": "1941000000", "investmentIncomeNet": "None", "netInterestIncome": "-74000000", "interestIncome": "74000000", "interestExpense": "74000000", "nonInterestIncome": "None", "otherNonOperatingIncome": "-39000000", "depreciation": "None", "depreciationAndAmortization": "193000000", "incomeBeforeTax": "1239000000", "incomeTaxExpense": "239000000", "interestAndDebtExpense": "None", "netIncomeFromContinuingOperations": "1000000000", "comprehensiveIncomeNetOfTax": "None", "ebit": "1339000000", "ebitda": "1532000000", "netIncome": "1000000000"}, {"fiscalDateEnding": "2022-01-31", "reportedCurrency": "USD", "grossProfit": "3385000000", "totalRevenue": "17028000000", "costOfRevenue": "13643000000", "costofGoodsAndServicesSold": "13643000000", "operatingIncome": "1359000000", "sellingGeneralAndAdministrative": "1468000000", "researchAndDevelopment": "418000000", "operatingExpenses": "1938000000", "investmentIncomeNet": "None", "netInterestIncome": "-32000000", "interestIncome": "32000000", "interestExpense": "61000000", "nonInterestIncome": "None", "otherNonOperatingIncome": "-32000000", "depreciation": "None", "depreciationAndAmortization": "197000000", "incomeBeforeTax": "1327000000", "incomeTaxExpense": "241000000", "interestAndDebtExpense": "None", "netIncomeFromContinuingOperations": "1086000000", "comprehensiveIncomeNetOfTax": "None", "ebit": "1482000000", "ebitda": "1679000000", "netIncome": "1086000000"}, {"fiscalDateEnding": "2021-10-31", "reportedCurrency": "USD", "grossProfit": "3265000000", "totalRevenue": "16675000000", "costOfRevenue": "13410000000", "costofGoodsAndServicesSold": "13410000000", "operatingIncome": "1238000000", "sellingGeneralAndAdministrative": "1474000000", "researchAndDevelopment": "445000000", "operatingExpenses": "1970000000", "investmentIncomeNet": "None", "netInterestIncome": "2315000000", "interestIncome": "2315000000", "interestExpense": "61000000", "nonInterestIncome": "None", "otherNonOperatingIncome": "2315000000", "depreciation": "None", "depreciationAndAmortization": "200000000", "incomeBeforeTax": "3553000000", "incomeTaxExpense": "454000000", "interestAndDebtExpense": "None", "netIncomeFromContinuingOperations": "3099000000", "comprehensiveIncomeNetOfTax": "None", "ebit": "1134000000", "ebitda": "1334000000", "netIncome": "3099000000"}, {"fiscalDateEnding": "2021-07-31", "reportedCurrency": "USD", "grossProfit": "3388000000", "totalRevenue": "15289000000", "costOfRevenue": "11901000000", "costofGoodsAndServicesSold": "11901000000", "operatingIncome": "1381000000", "sellingGeneralAndAdministrative": "1408000000", "researchAndDevelopment": "477000000", "operatingExpenses": "1927000000", "investmentIncomeNet": "None", "netInterestIncome": "-55000000", "interestIncome": "55000000", "interestExpense": "68000000", "nonInterestIncome": "None", "otherNonOperatingIncome": "-55000000", "depreciation": "None", "depreciationAndAmortization": "196000000", "incomeBeforeTax": "1326000000", "incomeTaxExpense": "218000000", "interestAndDebtExpense": "None", "netIncomeFromContinuingOperations": "1108000000", "comprehensiveIncomeNetOfTax": "None", "ebit": "1503000000", "ebitda": "1699000000", "netIncome": "1108000000"}, {"fiscalDateEnding": "2021-04-30", "reportedCurrency": "USD", "grossProfit": "3440000000", "totalRevenue": "15877000000", "costOfRevenue": "12437000000", "costofGoodsAndServicesSold": "12437000000", "operatingIncome": "1362000000", "sellingGeneralAndAdministrative": "1522000000", "researchAndDevelopment": "514000000", "operatingExpenses": "2029000000", "investmentIncomeNet": "None", "netInterestIncome": "-26000000", "interestIncome": "26000000", "interestExpense": "64000000", "nonInterestIncome": "None", "otherNonOperatingIncome": "-26000000", "depreciation": "None", "depreciationAndAmortization": "186000000", "incomeBeforeTax": "1336000000", "incomeTaxExpense": "108000000", "interestAndDebtExpense": "None", "netIncomeFromContinuingOperations": "1228000000", "comprehensiveIncomeNetOfTax": "None", "ebit": "1453000000", "ebitda": "1639000000", "netIncome": "1228000000"}, {"fiscalDateEnding": "2021-01-31", "reportedCurrency": "USD", "grossProfit": "3324000000", "totalRevenue": "15646000000", "costOfRevenue": "12322000000", "costofGoodsAndServicesSold": "12322000000", "operatingIncome": "1321000000", "sellingGeneralAndAdministrative": "1376000000", "researchAndDevelopment": "471000000", "operatingExpenses": "1876000000", "investmentIncomeNet": "None", "netInterestIncome": "-25000000", "interestIncome": "25000000", "interestExpense": "63000000", "nonInterestIncome": "None", "otherNonOperatingIncome": "-25000000", "depreciation": "None", "depreciationAndAmortization": "203000000", "incomeBeforeTax": "1296000000", "incomeTaxExpense": "228000000", "interestAndDebtExpense": "None", "netIncomeFromContinuingOperations": "1068000000", "comprehensiveIncomeNetOfTax": "None", "ebit": "1488000000", "ebitda": "1691000000", "netIncome": "1068000000"}, {"fiscalDateEnding": "2020-10-31", "reportedCurrency": "USD", "grossProfit": "2679000000", "totalRevenue": "15258000000", "costOfRevenue": "12579000000", "costofGoodsAndServicesSold": "12579000000", "operatingIncome": "992000000", "sellingGeneralAndAdministrative": "1405000000", "researchAndDevelopment": "381000000", "operatingExpenses": "1654000000", "investmentIncomeNet": "None", "netInterestIncome": "-216000000", "interestIncome": "216000000", "interestExpense": "63000000", "nonInterestIncome": "None", "otherNonOperatingIncome": "None", "depreciation": "None", "depreciationAndAmortization": "196000000", "incomeBeforeTax": "776000000", "incomeTaxExpense": "108000000", "interestAndDebtExpense": "None", "netIncomeFromContinuingOperations": "668000000", "comprehensiveIncomeNetOfTax": "None", "ebit": "871000000", "ebitda": "1067000000", "netIncome": "668000000"}, {"fiscalDateEnding": "2020-07-31", "reportedCurrency": "USD", "grossProfit": "2393000000", "totalRevenue": "14294000000", "costOfRevenue": "11901000000", "costofGoodsAndServicesSold": "11901000000", "operatingIncome": "779000000", "sellingGeneralAndAdministrative": "1156000000", "researchAndDevelopment": "359000000", "operatingExpenses": "1544000000", "investmentIncomeNet": "None", "netInterestIncome": "-55000000", "interestIncome": "55000000", "interestExpense": "28000000", "nonInterestIncome": "None", "otherNonOperatingIncome": "-28000000", "depreciation": "None", "depreciationAndAmortization": "197000000", "incomeBeforeTax": "751000000", "incomeTaxExpense": "17000000", "interestAndDebtExpense": "None", "netIncomeFromContinuingOperations": "734000000", "comprehensiveIncomeNetOfTax": "None", "ebit": "908000000", "ebitda": "1105000000", "netIncome": "734000000"}, {"fiscalDateEnding": "2020-04-30", "reportedCurrency": "USD", "grossProfit": "2493000000", "totalRevenue": "12469000000", "costOfRevenue": "9976000000", "costofGoodsAndServicesSold": "9976000000", "operatingIncome": "826000000", "sellingGeneralAndAdministrative": "1216000000", "researchAndDevelopment": "338000000", "operatingExpenses": "1583000000", "investmentIncomeNet": "None", "netInterestIncome": "-64000000", "interestIncome": "39000000", "interestExpense": "64000000", "nonInterestIncome": "None", "otherNonOperatingIncome": "None", "depreciation": "None", "depreciationAndAmortization": "198000000", "incomeBeforeTax": "826000000", "incomeTaxExpense": "62000000", "interestAndDebtExpense": "None", "netIncomeFromContinuingOperations": "764000000", "comprehensiveIncomeNetOfTax": "None", "ebit": "969000000", "ebitda": "1167000000", "netIncome": "764000000"}, {"fiscalDateEnding": "2020-01-31", "reportedCurrency": "USD", "grossProfit": "2872000000", "totalRevenue": "14618000000", "costOfRevenue": "11746000000", "costofGoodsAndServicesSold": "11746000000", "operatingIncome": "1447000000", "sellingGeneralAndAdministrative": "1405000000", "researchAndDevelopment": "400000000", "operatingExpenses": "1716000000", "investmentIncomeNet": "None", "netInterestIncome": "-58000000", "interestIncome": "61000000", "interestExpense": "58000000", "nonInterestIncome": "None", "otherNonOperatingIncome": "None", "depreciation": "None", "depreciationAndAmortization": "198000000", "incomeBeforeTax": "878000000", "incomeTaxExpense": "200000000", "interestAndDebtExpense": "None", "netIncomeFromContinuingOperations": "678000000", "comprehensiveIncomeNetOfTax": "None", "ebit": "1173000000", "ebitda": "1371000000", "netIncome": "678000000"}, {"fiscalDateEnding": "2019-10-31", "reportedCurrency": "USD", "grossProfit": "2924000000", "totalRevenue": "15407000000", "costOfRevenue": "12483000000", "costofGoodsAndServicesSold": "12483000000", "operatingIncome": "944000000", "sellingGeneralAndAdministrative": "1405000000", "researchAndDevelopment": "389000000", "operatingExpenses": "1823000000", "investmentIncomeNet": "None", "netInterestIncome": "-60000000", "interestIncome": "37000000", "interestExpense": "60000000", "nonInterestIncome": "None", "otherNonOperatingIncome": "None", "depreciation": "None", "depreciationAndAmortization": "205000000", "incomeBeforeTax": "492000000", "incomeTaxExpense": "104000000", "interestAndDebtExpense": "None", "netIncomeFromContinuingOperations": "388000000", "comprehensiveIncomeNetOfTax": "None", "ebit": "1185000000", "ebitda": "1390000000", "netIncome": "388000000"}, {"fiscalDateEnding": "2019-07-31", "reportedCurrency": "USD", "grossProfit": "2905000000", "totalRevenue": "14603000000", "costOfRevenue": "11698000000", "costofGoodsAndServicesSold": "11698000000", "operatingIncome": "1079000000", "sellingGeneralAndAdministrative": "1376000000", "researchAndDevelopment": "413000000", "operatingExpenses": "1818000000", "investmentIncomeNet": "None", "netInterestIncome": "-57000000", "interestIncome": "119000000", "interestExpense": "57000000", "nonInterestIncome": "None", "otherNonOperatingIncome": "-831000000", "depreciation": "None", "depreciationAndAmortization": "190000000", "incomeBeforeTax": "248000000", "incomeTaxExpense": "-931000000", "interestAndDebtExpense": "None", "netIncomeFromContinuingOperations": "1179000000", "comprehensiveIncomeNetOfTax": "None", "ebit": "1087000000", "ebitda": "1277000000", "netIncome": "1179000000"}, {"fiscalDateEnding": "2019-04-30", "reportedCurrency": "USD", "grossProfit": "2729000000", "totalRevenue": "14036000000", "costOfRevenue": "11307000000", "costofGoodsAndServicesSold": "11307000000", "operatingIncome": "928000000", "sellingGeneralAndAdministrative": "1339000000", "researchAndDevelopment": "353000000", "operatingExpenses": "1721000000", "investmentIncomeNet": "None", "netInterestIncome": "-61000000", "interestIncome": "74000000", "interestExpense": "61000000", "nonInterestIncome": "None", "otherNonOperatingIncome": "-45000000", "depreciation": "None", "depreciationAndAmortization": "181000000", "incomeBeforeTax": "883000000", "incomeTaxExpense": "101000000", "interestAndDebtExpense": "None", "netIncomeFromContinuingOperations": "782000000", "comprehensiveIncomeNetOfTax": "None", "ebit": "1022000000", "ebitda": "1203000000", "netIncome": "782000000"}, {"fiscalDateEnding": "2019-01-31", "reportedCurrency": "USD", "grossProfit": "2612000000", "totalRevenue": "14710000000", "costOfRevenue": "12098000000", "costofGoodsAndServicesSold": "12098000000", "operatingIncome": "926000000", "sellingGeneralAndAdministrative": "1248000000", "researchAndDevelopment": "344000000", "operatingExpenses": "1621000000", "investmentIncomeNet": "None", "netInterestIncome": "None", "interestIncome": "None", "interestExpense": "64000000", "nonInterestIncome": "None", "otherNonOperatingIncome": "-26000000", "depreciation": "None", "depreciationAndAmortization": "168000000", "incomeBeforeTax": "900000000", "incomeTaxExpense": "97000000", "interestAndDebtExpense": "None", "netIncomeFromContinuingOperations": "803000000", "comprehensiveIncomeNetOfTax": "None", "ebit": "1007000000", "ebitda": "1175000000", "netIncome": "803000000"}, {"fiscalDateEnding": "2018-10-31", "reportedCurrency": "USD", "grossProfit": "2697000000", "totalRevenue": "15366000000", "costOfRevenue": "12669000000", "costofGoodsAndServicesSold": "12669000000", "operatingIncome": "1047000000", "sellingGeneralAndAdministrative": "1203000000", "researchAndDevelopment": "354000000", "operatingExpenses": "1584000000", "investmentIncomeNet": "None", "netInterestIncome": "None", "interestIncome": "None", "interestExpense": "71000000", "nonInterestIncome": "None", "otherNonOperatingIncome": "-40000000", "depreciation": "None", "depreciationAndAmortization": "272000000", "incomeBeforeTax": "1007000000", "incomeTaxExpense": "-444000000", "interestAndDebtExpense": "None", "netIncomeFromContinuingOperations": "1451000000", "comprehensiveIncomeNetOfTax": "None", "ebit": "1036000000", "ebitda": "1308000000", "netIncome": "1451000000"}, {"fiscalDateEnding": "2018-07-31", "reportedCurrency": "USD", "grossProfit": "2688000000", "totalRevenue": "14586000000", "costOfRevenue": "11898000000", "costofGoodsAndServicesSold": "11898000000", "operatingIncome": "1080000000", "sellingGeneralAndAdministrative": "1227000000", "researchAndDevelopment": "347000000", "operatingExpenses": "1597000000", "investmentIncomeNet": "None", "netInterestIncome": "None", "interestIncome": "None", "interestExpense": "66000000", "nonInterestIncome": "None", "otherNonOperatingIncome": "-62000000", "depreciation": "None", "depreciationAndAmortization": "150000000", "incomeBeforeTax": "1018000000", "incomeTaxExpense": "138000000", "interestAndDebtExpense": "None", "netIncomeFromContinuingOperations": "880000000", "comprehensiveIncomeNetOfTax": "None", "ebit": "1083000000", "ebitda": "1233000000", "netIncome": "880000000"}, {"fiscalDateEnding": "2018-04-30", "reportedCurrency": "USD", "grossProfit": "2702000000", "totalRevenue": "14003000000", "costOfRevenue": "11301000000", "costofGoodsAndServicesSold": "11301000000", "operatingIncome": "964000000", "sellingGeneralAndAdministrative": "1260000000", "researchAndDevelopment": "356000000", "operatingExpenses": "1636000000", "investmentIncomeNet": "None", "netInterestIncome": "None", "interestIncome": "None", "interestExpense": "88000000", "nonInterestIncome": "None", "otherNonOperatingIncome": "-881000000", "depreciation": "None", "depreciationAndAmortization": "331000000", "incomeBeforeTax": "83000000", "incomeTaxExpense": "-975000000", "interestAndDebtExpense": "None", "netIncomeFromContinuingOperations": "1058000000", "comprehensiveIncomeNetOfTax": "None", "ebit": "863000000", "ebitda": "1194000000", "netIncome": "1058000000"}, {"fiscalDateEnding": "2018-01-31", "reportedCurrency": "USD", "grossProfit": "2582000000", "totalRevenue": "14517000000", "costOfRevenue": "11935000000", "costofGoodsAndServicesSold": "11935000000", "operatingIncome": "973000000", "sellingGeneralAndAdministrative": "1168000000", "researchAndDevelopment": "347000000", "operatingExpenses": "1535000000", "investmentIncomeNet": "None", "netInterestIncome": "None", "interestIncome": "None", "interestExpense": "87000000", "nonInterestIncome": "None", "otherNonOperatingIncome": "-68000000", "depreciation": "None", "depreciationAndAmortization": "277000000", "incomeBeforeTax": "905000000", "incomeTaxExpense": "-1033000000", "interestAndDebtExpense": "None", "netIncomeFromContinuingOperations": "1938000000", "comprehensiveIncomeNetOfTax": "None", "ebit": "899000000", "ebitda": "1176000000", "netIncome": "1938000000"}, {"fiscalDateEnding": "2017-10-31", "reportedCurrency": "USD", "grossProfit": "2520000000", "totalRevenue": "13927000000", "costOfRevenue": "11407000000", "costofGoodsAndServicesSold": "11407000000", "operatingIncome": "1053000000", "sellingGeneralAndAdministrative": "1176000000", "researchAndDevelopment": "291000000", "operatingExpenses": "1467000000", "investmentIncomeNet": "None", "netInterestIncome": "None", "interestIncome": "None", "interestExpense": "759000000", "nonInterestIncome": "None", "otherNonOperatingIncome": "-42000000", "depreciation": "None", "depreciationAndAmortization": "91000000", "incomeBeforeTax": "848000000", "incomeTaxExpense": "188000000", "interestAndDebtExpense": "None", "netIncomeFromContinuingOperations": "660000000", "comprehensiveIncomeNetOfTax": "None", "ebit": "1057000000", "ebitda": "1148000000", "netIncome": "660000000"}, {"fiscalDateEnding": "2017-07-31", "reportedCurrency": "USD", "grossProfit": "2427000000", "totalRevenue": "13060000000", "costOfRevenue": "10633000000", "costofGoodsAndServicesSold": "10633000000", "operatingIncome": "955000000", "sellingGeneralAndAdministrative": "1096000000", "researchAndDevelopment": "289000000", "operatingExpenses": "1385000000", "investmentIncomeNet": "None", "netInterestIncome": "None", "interestIncome": "None", "interestExpense": "390000000", "nonInterestIncome": "None", "otherNonOperatingIncome": "-56000000", "depreciation": "None", "depreciationAndAmortization": "264000000", "incomeBeforeTax": "899000000", "incomeTaxExpense": "203000000", "interestAndDebtExpense": "None", "netIncomeFromContinuingOperations": "696000000", "comprehensiveIncomeNetOfTax": "None", "ebit": "867000000", "ebitda": "1131000000", "netIncome": "696000000"}, {"fiscalDateEnding": "2017-04-30", "reportedCurrency": "USD", "grossProfit": "2383000000", "totalRevenue": "12385000000", "costOfRevenue": "10002000000", "costofGoodsAndServicesSold": "10002000000", "operatingIncome": "981000000", "sellingGeneralAndAdministrative": "1087000000", "researchAndDevelopment": "314000000", "operatingExpenses": "1402000000", "investmentIncomeNet": "None", "netInterestIncome": "None", "interestIncome": "None", "interestExpense": "239000000", "nonInterestIncome": "None", "otherNonOperatingIncome": "-64000000", "depreciation": "None", "depreciationAndAmortization": "89000000", "incomeBeforeTax": "754000000", "incomeTaxExpense": "195000000", "interestAndDebtExpense": "None", "netIncomeFromContinuingOperations": "559000000", "comprehensiveIncomeNetOfTax": "None", "ebit": "978000000", "ebitda": "1067000000", "netIncome": "559000000"}, {"fiscalDateEnding": "2017-01-31", "reportedCurrency": "USD", "grossProfit": "2248000000", "totalRevenue": "12684000000", "costOfRevenue": "10436000000", "costofGoodsAndServicesSold": "10436000000", "operatingIncome": "856000000", "sellingGeneralAndAdministrative": "1017000000", "researchAndDevelopment": "296000000", "operatingExpenses": "1313000000", "investmentIncomeNet": "None", "netInterestIncome": "None", "interestIncome": "None", "interestExpense": "130000000", "nonInterestIncome": "None", "otherNonOperatingIncome": "-81000000", "depreciation": "None", "depreciationAndAmortization": "242000000", "incomeBeforeTax": "775000000", "incomeTaxExpense": "164000000", "interestAndDebtExpense": "None", "netIncomeFromContinuingOperations": "611000000", "comprehensiveIncomeNetOfTax": "None", "ebit": "777000000", "ebitda": "1019000000", "netIncome": "611000000"}, {"fiscalDateEnding": "2016-10-31", "reportedCurrency": "USD", "grossProfit": "2291000000", "totalRevenue": "12512000000", "costOfRevenue": "10221000000", "costofGoodsAndServicesSold": "10221000000", "operatingIncome": "1119000000", "sellingGeneralAndAdministrative": "1082000000", "researchAndDevelopment": "318000000", "operatingExpenses": "1400000000", "investmentIncomeNet": "None", "netInterestIncome": "None", "interestIncome": "None", "interestExpense": "3094000000", "nonInterestIncome": "None", "otherNonOperatingIncome": "248000000", "depreciation": "None", "depreciationAndAmortization": "83000000", "incomeBeforeTax": "1010000000", "incomeTaxExpense": "497000000", "interestAndDebtExpense": "None", "netIncomeFromContinuingOperations": "513000000", "comprehensiveIncomeNetOfTax": "None", "ebit": "891000000", "ebitda": "974000000", "netIncome": "492000000"}, {"fiscalDateEnding": "2016-07-31", "reportedCurrency": "USD", "grossProfit": "2172000000", "totalRevenue": "11892000000", "costOfRevenue": "9720000000", "costofGoodsAndServicesSold": "9720000000", "operatingIncome": "1117000000", "sellingGeneralAndAdministrative": "719000000", "researchAndDevelopment": "298000000", "operatingExpenses": "1019000000", "investmentIncomeNet": "None", "netInterestIncome": "None", "interestIncome": "None", "interestExpense": "236000000", "nonInterestIncome": "None", "otherNonOperatingIncome": "-36000000", "depreciation": "None", "depreciationAndAmortization": "157000000", "incomeBeforeTax": "1081000000", "incomeTaxExpense": "238000000", "interestAndDebtExpense": "None", "netIncomeFromContinuingOperations": "843000000", "comprehensiveIncomeNetOfTax": "None", "ebit": "1081000000", "ebitda": "1238000000", "netIncome": "783000000"}, {"fiscalDateEnding": "2016-04-30", "reportedCurrency": "USD", "grossProfit": "2250000000", "totalRevenue": "11588000000", "costOfRevenue": "9338000000", "costofGoodsAndServicesSold": "9338000000", "operatingIncome": "841000000", "sellingGeneralAndAdministrative": "1002000000", "researchAndDevelopment": "301000000", "operatingExpenses": "1309000000", "investmentIncomeNet": "None", "netInterestIncome": "None", "interestIncome": "None", "interestExpense": "192000000", "nonInterestIncome": "None", "otherNonOperatingIncome": "None", "depreciation": "None", "depreciationAndAmortization": "285000000", "incomeBeforeTax": "836000000", "incomeTaxExpense": "176000000", "interestAndDebtExpense": "None", "netIncomeFromContinuingOperations": "660000000", "comprehensiveIncomeNetOfTax": "None", "ebit": "741000000", "ebitda": "1026000000", "netIncome": "629000000"}, {"fiscalDateEnding": "2016-01-31", "reportedCurrency": "USD", "grossProfit": "2285000000", "totalRevenue": "12246000000", "costOfRevenue": "9961000000", "costofGoodsAndServicesSold": "9961000000", "operatingIncome": "928000000", "sellingGeneralAndAdministrative": "1037000000", "researchAndDevelopment": "292000000", "operatingExpenses": "1337000000", "investmentIncomeNet": "None", "netInterestIncome": "None", "interestIncome": "None", "interestExpense": "2666000000", "nonInterestIncome": "None", "otherNonOperatingIncome": "None", "depreciation": "None", "depreciationAndAmortization": "119000000", "incomeBeforeTax": "834000000", "incomeTaxExpense": "184000000", "interestAndDebtExpense": "None", "netIncomeFromContinuingOperations": "650000000", "comprehensiveIncomeNetOfTax": "None", "ebit": "908000000", "ebitda": "1027000000", "netIncome": "592000000"}, {"fiscalDateEnding": "2015-10-31", "reportedCurrency": "USD", "grossProfit": "6351000000", "totalRevenue": "25714000000", "costOfRevenue": "19363000000", "costofGoodsAndServicesSold": "19363000000", "operatingIncome": "3256000000", "sellingGeneralAndAdministrative": "3089000000", "researchAndDevelopment": "934000000", "operatingExpenses": "4269000000", "investmentIncomeNet": "None", "netInterestIncome": "None", "interestIncome": "None", "interestExpense": "1554000000", "nonInterestIncome": "None", "otherNonOperatingIncome": "None", "depreciation": "None", "depreciationAndAmortization": "1007000000", "incomeBeforeTax": "590000000", "incomeTaxExpense": "-733000000", "interestAndDebtExpense": "None", "netIncomeFromContinuingOperations": "3718000000", "comprehensiveIncomeNetOfTax": "None", "ebit": "2082000000", "ebitda": "3089000000", "netIncome": "1323000000"}, {"fiscalDateEnding": "2015-07-31", "reportedCurrency": "USD", "grossProfit": "6032000000", "totalRevenue": "25349000000", "costOfRevenue": "19317000000", "costofGoodsAndServicesSold": "19317000000", "operatingIncome": "2658000000", "sellingGeneralAndAdministrative": "2962000000", "researchAndDevelopment": "893000000", "operatingExpenses": "4097000000", "investmentIncomeNet": "None", "netInterestIncome": "None", "interestIncome": "None", "interestExpense": "1225000000", "nonInterestIncome": "None", "otherNonOperatingIncome": "-108000000", "depreciation": "None", "depreciationAndAmortization": "1023000000", "incomeBeforeTax": "1104000000", "incomeTaxExpense": "250000000", "interestAndDebtExpense": "None", "netIncomeFromContinuingOperations": "854000000", "comprehensiveIncomeNetOfTax": "None", "ebit": "944000000", "ebitda": "1967000000", "netIncome": "854000000"}, {"fiscalDateEnding": "2015-04-30", "reportedCurrency": "USD", "grossProfit": "6108000000", "totalRevenue": "25453000000", "costOfRevenue": "19345000000", "costofGoodsAndServicesSold": "19345000000", "operatingIncome": "2517000000", "sellingGeneralAndAdministrative": "3063000000", "researchAndDevelopment": "850000000", "operatingExpenses": "4134000000", "investmentIncomeNet": "None", "netInterestIncome": "None", "interestIncome": "None", "interestExpense": "634000000", "nonInterestIncome": "None", "otherNonOperatingIncome": "None", "depreciation": "None", "depreciationAndAmortization": "1003000000", "incomeBeforeTax": "1292000000", "incomeTaxExpense": "281000000", "interestAndDebtExpense": "None", "netIncomeFromContinuingOperations": "0", "comprehensiveIncomeNetOfTax": "None", "ebit": "1004000000", "ebitda": "2007000000", "netIncome": "1011000000"}, {"fiscalDateEnding": "2015-01-31", "reportedCurrency": "USD", "grossProfit": "6268000000", "totalRevenue": "26839000000", "costOfRevenue": "20571000000", "costofGoodsAndServicesSold": "20571000000", "operatingIncome": "1920000000", "sellingGeneralAndAdministrative": "3071000000", "researchAndDevelopment": "825000000", "operatingExpenses": "4118000000", "investmentIncomeNet": "None", "netInterestIncome": "None", "interestIncome": "None", "interestExpense": "1360000000", "nonInterestIncome": "None", "otherNonOperatingIncome": "None", "depreciation": "None", "depreciationAndAmortization": "1488000000", "incomeBeforeTax": "1746000000", "incomeTaxExpense": "380000000", "interestAndDebtExpense": "None", "netIncomeFromContinuingOperations": "0", "comprehensiveIncomeNetOfTax": "None", "ebit": "672000000", "ebitda": "2160000000", "netIncome": "1366000000"}, {"fiscalDateEnding": "2014-10-31", "reportedCurrency": "USD", "grossProfit": "6981000000", "totalRevenue": "28406000000", "costOfRevenue": "21425000000", "costofGoodsAndServicesSold": "21425000000", "operatingIncome": "3122000000", "sellingGeneralAndAdministrative": "3364000000", "researchAndDevelopment": "876000000", "operatingExpenses": "4466000000", "investmentIncomeNet": "None", "netInterestIncome": "None", "interestIncome": "None", "interestExpense": "1447000000", "nonInterestIncome": "None", "otherNonOperatingIncome": "-146000000", "depreciation": "None", "depreciationAndAmortization": "1075000000", "incomeBeforeTax": "1762000000", "incomeTaxExpense": "432000000", "interestAndDebtExpense": "None", "netIncomeFromContinuingOperations": "1330000000", "comprehensiveIncomeNetOfTax": "None", "ebit": "2515000000", "ebitda": "3590000000", "netIncome": "1330000000"}, {"fiscalDateEnding": "2014-07-31", "reportedCurrency": "USD", "grossProfit": "6611000000", "totalRevenue": "27585000000", "costOfRevenue": "20974000000", "costofGoodsAndServicesSold": "20974000000", "operatingIncome": "2760000000", "sellingGeneralAndAdministrative": "3388000000", "researchAndDevelopment": "887000000", "operatingExpenses": "4502000000", "investmentIncomeNet": "None", "netInterestIncome": "None", "interestIncome": "None", "interestExpense": "684000000", "nonInterestIncome": "None", "otherNonOperatingIncome": "-145000000", "depreciation": "None", "depreciationAndAmortization": "1055000000", "incomeBeforeTax": "1313000000", "incomeTaxExpense": "328000000", "interestAndDebtExpense": "None", "netIncomeFromContinuingOperations": "985000000", "comprehensiveIncomeNetOfTax": "None", "ebit": "2109000000", "ebitda": "3164000000", "netIncome": "985000000"}, {"fiscalDateEnding": "2014-04-30", "reportedCurrency": "USD", "grossProfit": "6605000000", "totalRevenue": "27309000000", "costOfRevenue": "20704000000", "costofGoodsAndServicesSold": "20704000000", "operatingIncome": "1822000000", "sellingGeneralAndAdministrative": "3391000000", "researchAndDevelopment": "873000000", "operatingExpenses": "4528000000", "investmentIncomeNet": "None", "netInterestIncome": "None", "interestIncome": "None", "interestExpense": "397000000", "nonInterestIncome": "None", "otherNonOperatingIncome": "-174000000", "depreciation": "None", "depreciationAndAmortization": "1597000000", "incomeBeforeTax": "1648000000", "incomeTaxExpense": "375000000", "interestAndDebtExpense": "None", "netIncomeFromContinuingOperations": "1273000000", "comprehensiveIncomeNetOfTax": "None", "ebit": "1567000000", "ebitda": "3164000000", "netIncome": "1273000000"}, {"fiscalDateEnding": "2014-01-31", "reportedCurrency": "USD", "grossProfit": "6418000000", "totalRevenue": "28154000000", "costOfRevenue": "21736000000", "costofGoodsAndServicesSold": "21736000000", "operatingIncome": "1997000000", "sellingGeneralAndAdministrative": "3210000000", "researchAndDevelopment": "811000000", "operatingExpenses": "4304000000", "investmentIncomeNet": "None", "netInterestIncome": "None", "interestIncome": "None", "interestExpense": "851000000", "nonInterestIncome": "None", "otherNonOperatingIncome": "-163000000", "depreciation": "None", "depreciationAndAmortization": "1351000000", "incomeBeforeTax": "1834000000", "incomeTaxExpense": "409000000", "interestAndDebtExpense": "None", "netIncomeFromContinuingOperations": "1425000000", "comprehensiveIncomeNetOfTax": "None", "ebit": "1941000000", "ebitda": "3292000000", "netIncome": "1425000000"}, {"fiscalDateEnding": "2013-10-31", "reportedCurrency": "USD", "grossProfit": "6694000000", "totalRevenue": "29131000000", "costOfRevenue": "22437000000", "costofGoodsAndServicesSold": "22437000000", "operatingIncome": "2297000000", "sellingGeneralAndAdministrative": "3351000000", "researchAndDevelopment": "729000000", "operatingExpenses": "4397000000", "investmentIncomeNet": "None", "netInterestIncome": "None", "interestIncome": "None", "interestExpense": "316000000", "nonInterestIncome": "None", "otherNonOperatingIncome": "-103000000", "depreciation": "None", "depreciationAndAmortization": "1120000000", "incomeBeforeTax": "1820000000", "incomeTaxExpense": "406000000", "interestAndDebtExpense": "None", "netIncomeFromContinuingOperations": "1414000000", "comprehensiveIncomeNetOfTax": "None", "ebit": "2075000000", "ebitda": "3195000000", "netIncome": "1414000000"}, {"fiscalDateEnding": "2013-07-31", "reportedCurrency": "USD", "grossProfit": "6367000000", "totalRevenue": "27226000000", "costOfRevenue": "20859000000", "costofGoodsAndServicesSold": "20859000000", "operatingIncome": "1855000000", "sellingGeneralAndAdministrative": "3274000000", "researchAndDevelopment": "797000000", "operatingExpenses": "4427000000", "investmentIncomeNet": "None", "netInterestIncome": "None", "interestIncome": "None", "interestExpense": "1031000000", "nonInterestIncome": "None", "otherNonOperatingIncome": "-146000000", "depreciation": "None", "depreciationAndAmortization": "1328000000", "incomeBeforeTax": "1709000000", "incomeTaxExpense": "319000000", "interestAndDebtExpense": "None", "netIncomeFromContinuingOperations": "1390000000", "comprehensiveIncomeNetOfTax": "None", "ebit": "1770000000", "ebitda": "3098000000", "netIncome": "1709000000"}, {"fiscalDateEnding": "2013-04-30", "reportedCurrency": "USD", "grossProfit": "6527000000", "totalRevenue": "27582000000", "costOfRevenue": "21055000000", "costofGoodsAndServicesSold": "21055000000", "operatingIncome": "2439000000", "sellingGeneralAndAdministrative": "3342000000", "researchAndDevelopment": "815000000", "operatingExpenses": "4507000000", "investmentIncomeNet": "None", "netInterestIncome": "None", "interestIncome": "None", "interestExpense": "447000000", "nonInterestIncome": "None", "otherNonOperatingIncome": "-193000000", "depreciation": "None", "depreciationAndAmortization": "1170000000", "incomeBeforeTax": "1408000000", "incomeTaxExpense": "331000000", "interestAndDebtExpense": "None", "netIncomeFromContinuingOperations": "1077000000", "comprehensiveIncomeNetOfTax": "None", "ebit": "2439000000", "ebitda": "3609000000", "netIncome": "1077000000"}, {"fiscalDateEnding": "2013-01-31", "reportedCurrency": "USD", "grossProfit": "6330000000", "totalRevenue": "28359000000", "costOfRevenue": "22029000000", "costofGoodsAndServicesSold": "22029000000", "operatingIncome": "1752000000", "sellingGeneralAndAdministrative": "3300000000", "researchAndDevelopment": "794000000", "operatingExpenses": "4444000000", "investmentIncomeNet": "None", "netInterestIncome": "None", "interestIncome": "None", "interestExpense": "18644000000", "nonInterestIncome": "None", "otherNonOperatingIncome": "-179000000", "depreciation": "None", "depreciationAndAmortization": "1431000000", "incomeBeforeTax": "1573000000", "incomeTaxExpense": "341000000", "interestAndDebtExpense": "None", "netIncomeFromContinuingOperations": "1232000000", "comprehensiveIncomeNetOfTax": "None", "ebit": "1618000000", "ebitda": "3049000000", "netIncome": "1232000000"}, {"fiscalDateEnding": "2012-10-31", "reportedCurrency": "USD", "grossProfit": "7248000000", "totalRevenue": "29959000000", "costOfRevenue": "22711000000", "costofGoodsAndServicesSold": "22711000000", "operatingIncome": "11968000000", "sellingGeneralAndAdministrative": "3227000000", "researchAndDevelopment": "909000000", "operatingExpenses": "4508000000", "investmentIncomeNet": "None", "netInterestIncome": "None", "interestIncome": "None", "interestExpense": "224000000", "nonInterestIncome": "None", "otherNonOperatingIncome": "None", "depreciation": "None", "depreciationAndAmortization": "1201000000", "incomeBeforeTax": "-6676000000", "incomeTaxExpense": "178000000", "interestAndDebtExpense": "None", "netIncomeFromContinuingOperations": "0", "comprehensiveIncomeNetOfTax": "None", "ebit": "2740000000", "ebitda": "3941000000", "netIncome": "-6854000000"}, {"fiscalDateEnding": "2012-07-31", "reportedCurrency": "USD", "grossProfit": "6849000000", "totalRevenue": "29669000000", "costOfRevenue": "22820000000", "costofGoodsAndServicesSold": "22820000000", "operatingIncome": "2153000000", "sellingGeneralAndAdministrative": "3366000000", "researchAndDevelopment": "854000000", "operatingExpenses": "4696000000", "investmentIncomeNet": "None", "netInterestIncome": "None", "interestIncome": "None", "interestExpense": "224000000", "nonInterestIncome": "None", "otherNonOperatingIncome": "None", "depreciation": "None", "depreciationAndAmortization": "1306000000", "incomeBeforeTax": "-9057000000", "incomeTaxExpense": "-200000000", "interestAndDebtExpense": "None", "netIncomeFromContinuingOperations": "0", "comprehensiveIncomeNetOfTax": "None", "ebit": "2153000000", "ebitda": "3459000000", "netIncome": "-8857000000"}, {"fiscalDateEnding": "2012-04-30", "reportedCurrency": "USD", "grossProfit": "7152000000", "totalRevenue": "30693000000", "costOfRevenue": "23541000000", "costofGoodsAndServicesSold": "23541000000", "operatingIncome": "2222000000", "sellingGeneralAndAdministrative": "3540000000", "researchAndDevelopment": "850000000", "operatingExpenses": "4860000000", "investmentIncomeNet": "None", "netInterestIncome": "None", "interestIncome": "None", "interestExpense": "243000000", "nonInterestIncome": "None", "otherNonOperatingIncome": "None", "depreciation": "None", "depreciationAndAmortization": "540000000", "incomeBeforeTax": "1979000000", "incomeTaxExpense": "386000000", "interestAndDebtExpense": "None", "netIncomeFromContinuingOperations": "0", "comprehensiveIncomeNetOfTax": "None", "ebit": "2222000000", "ebitda": "2762000000", "netIncome": "1593000000"}, {"fiscalDateEnding": "2012-01-31", "reportedCurrency": "USD", "grossProfit": "6723000000", "totalRevenue": "30036000000", "costOfRevenue": "23313000000", "costofGoodsAndServicesSold": "23313000000", "operatingIncome": "2042000000", "sellingGeneralAndAdministrative": "3367000000", "researchAndDevelopment": "786000000", "operatingExpenses": "4619000000", "investmentIncomeNet": "None", "netInterestIncome": "None", "interestIncome": "None", "interestExpense": "221000000", "nonInterestIncome": "None", "otherNonOperatingIncome": "None", "depreciation": "None", "depreciationAndAmortization": "528000000", "incomeBeforeTax": "1821000000", "incomeTaxExpense": "353000000", "interestAndDebtExpense": "None", "netIncomeFromContinuingOperations": "0", "comprehensiveIncomeNetOfTax": "None", "ebit": "2042000000", "ebitda": "2570000000", "netIncome": "1468000000"}, {"fiscalDateEnding": "2011-10-31", "reportedCurrency": "USD", "grossProfit": "6561000000", "totalRevenue": "32122000000", "costOfRevenue": "25561000000", "costofGoodsAndServicesSold": "25561000000", "operatingIncome": "3456000000", "sellingGeneralAndAdministrative": "3577000000", "researchAndDevelopment": "829000000", "operatingExpenses": "4817000000", "investmentIncomeNet": "None", "netInterestIncome": "None", "interestIncome": "None", "interestExpense": "201000000", "nonInterestIncome": "None", "otherNonOperatingIncome": "-401000000", "depreciation": "None", "depreciationAndAmortization": "1262000000", "incomeBeforeTax": "394000000", "incomeTaxExpense": "155000000", "interestAndDebtExpense": "None", "netIncomeFromContinuingOperations": "239000000", "comprehensiveIncomeNetOfTax": "None", "ebit": "2278000000", "ebitda": "3540000000", "netIncome": "239000000"}, {"fiscalDateEnding": "2011-07-31", "reportedCurrency": "USD", "grossProfit": "7260000000", "totalRevenue": "31189000000", "costOfRevenue": "23929000000", "costofGoodsAndServicesSold": "23929000000", "operatingIncome": "2520000000", "sellingGeneralAndAdministrative": "3402000000", "researchAndDevelopment": "812000000", "operatingExpenses": "4572000000", "investmentIncomeNet": "None", "netInterestIncome": "None", "interestIncome": "None", "interestExpense": "201000000", "nonInterestIncome": "None", "otherNonOperatingIncome": "-121000000", "depreciation": "None", "depreciationAndAmortization": "1561000000", "incomeBeforeTax": "2399000000", "incomeTaxExpense": "473000000", "interestAndDebtExpense": "None", "netIncomeFromContinuingOperations": "1926000000", "comprehensiveIncomeNetOfTax": "None", "ebit": "2352000000", "ebitda": "3913000000", "netIncome": "1926000000"}, {"fiscalDateEnding": "2011-04-30", "reportedCurrency": "USD", "grossProfit": "7772000000", "totalRevenue": "31632000000", "costOfRevenue": "23860000000", "costofGoodsAndServicesSold": "23860000000", "operatingIncome": "2968000000", "sellingGeneralAndAdministrative": "3397000000", "researchAndDevelopment": "815000000", "operatingExpenses": "4625000000", "investmentIncomeNet": "None", "netInterestIncome": "None", "interestIncome": "None", "interestExpense": "76000000", "nonInterestIncome": "None", "otherNonOperatingIncome": "-76000000", "depreciation": "None", "depreciationAndAmortization": "1421000000", "incomeBeforeTax": "2892000000", "incomeTaxExpense": "588000000", "interestAndDebtExpense": "None", "netIncomeFromContinuingOperations": "2304000000", "comprehensiveIncomeNetOfTax": "None", "ebit": "1547000000", "ebitda": "2968000000", "netIncome": "2304000000"}, {"fiscalDateEnding": "2011-01-31", "reportedCurrency": "USD", "grossProfit": "7894000000", "totalRevenue": "32302000000", "costOfRevenue": "24408000000", "costofGoodsAndServicesSold": "24408000000", "operatingIncome": "3394000000", "sellingGeneralAndAdministrative": "3090000000", "researchAndDevelopment": "798000000", "operatingExpenses": "4313000000", "investmentIncomeNet": "None", "netInterestIncome": "None", "interestIncome": "None", "interestExpense": "97000000", "nonInterestIncome": "None", "otherNonOperatingIncome": "-97000000", "depreciation": "None", "depreciationAndAmortization": "1442000000", "incomeBeforeTax": "3297000000", "incomeTaxExpense": "692000000", "interestAndDebtExpense": "None", "netIncomeFromContinuingOperations": "2605000000", "comprehensiveIncomeNetOfTax": "None", "ebit": "3394000000", "ebitda": "4836000000", "netIncome": "2605000000"}, {"fiscalDateEnding": "2010-10-31", "reportedCurrency": "USD", "grossProfit": "8254000000", "totalRevenue": "33278000000", "costOfRevenue": "25024000000", "costofGoodsAndServicesSold": "25024000000", "operatingIncome": "3295000000", "sellingGeneralAndAdministrative": "3435000000", "researchAndDevelopment": "814000000", "operatingExpenses": "4673000000", "investmentIncomeNet": "None", "netInterestIncome": "None", "interestIncome": "None", "interestExpense": "81000000", "nonInterestIncome": "None", "otherNonOperatingIncome": "None", "depreciation": "None", "depreciationAndAmortization": "1550000000", "incomeBeforeTax": "3214000000", "incomeTaxExpense": "676000000", "interestAndDebtExpense": "None", "netIncomeFromContinuingOperations": "0", "comprehensiveIncomeNetOfTax": "None", "ebit": "3295000000", "ebitda": "4845000000", "netIncome": "2538000000"}, {"fiscalDateEnding": "2010-07-31", "reportedCurrency": "USD", "grossProfit": "7327000000", "totalRevenue": "30729000000", "costOfRevenue": "23402000000", "costofGoodsAndServicesSold": "23402000000", "operatingIncome": "2323000000", "sellingGeneralAndAdministrative": "3154000000", "researchAndDevelopment": "742000000", "operatingExpenses": "4279000000", "investmentIncomeNet": "None", "netInterestIncome": "None", "interestIncome": "None", "interestExpense": "134000000", "nonInterestIncome": "None", "otherNonOperatingIncome": "None", "depreciation": "None", "depreciationAndAmortization": "1935000000", "incomeBeforeTax": "2189000000", "incomeTaxExpense": "416000000", "interestAndDebtExpense": "None", "netIncomeFromContinuingOperations": "0", "comprehensiveIncomeNetOfTax": "None", "ebit": "1673000000", "ebitda": "3608000000", "netIncome": "1773000000"}, {"fiscalDateEnding": "2010-04-30", "reportedCurrency": "USD", "grossProfit": "7248000000", "totalRevenue": "30849000000", "costOfRevenue": "23601000000", "costofGoodsAndServicesSold": "23601000000", "operatingIncome": "2858000000", "sellingGeneralAndAdministrative": "3064000000", "researchAndDevelopment": "722000000", "operatingExpenses": "4133000000", "investmentIncomeNet": "None", "netInterestIncome": "None", "interestIncome": "None", "interestExpense": "91000000", "nonInterestIncome": "None", "otherNonOperatingIncome": "None", "depreciation": "None", "depreciationAndAmortization": "1698000000", "incomeBeforeTax": "2767000000", "incomeTaxExpense": "567000000", "interestAndDebtExpense": "None", "netIncomeFromContinuingOperations": "0", "comprehensiveIncomeNetOfTax": "None", "ebit": "2858000000", "ebitda": "4556000000", "netIncome": "2200000000"}, {"fiscalDateEnding": "2010-01-31", "reportedCurrency": "USD", "grossProfit": "7115000000", "totalRevenue": "31177000000", "costOfRevenue": "24062000000", "costofGoodsAndServicesSold": "24062000000", "operatingIncome": "3003000000", "sellingGeneralAndAdministrative": "2932000000", "researchAndDevelopment": "681000000", "operatingExpenses": "3943000000", "investmentIncomeNet": "None", "netInterestIncome": "None", "interestIncome": "None", "interestExpense": "199000000", "nonInterestIncome": "None", "otherNonOperatingIncome": "None", "depreciation": "None", "depreciationAndAmortization": "1587000000", "incomeBeforeTax": "2916000000", "incomeTaxExpense": "593000000", "interestAndDebtExpense": "None", "netIncomeFromContinuingOperations": "0", "comprehensiveIncomeNetOfTax": "None", "ebit": "2747000000", "ebitda": "4334000000", "netIncome": "2323000000"}, {"fiscalDateEnding": "2009-10-31", "reportedCurrency": "USD", "grossProfit": "7350000000", "totalRevenue": "30950000000", "costOfRevenue": "23600000000", "costofGoodsAndServicesSold": "23600000000", "operatingIncome": "3181000000", "sellingGeneralAndAdministrative": "2966000000", "researchAndDevelopment": "704000000", "operatingExpenses": "4070000000", "investmentIncomeNet": "None", "netInterestIncome": "None", "interestIncome": "None", "interestExpense": "1019000000", "nonInterestIncome": "None", "otherNonOperatingIncome": "None", "depreciation": "None", "depreciationAndAmortization": "1425000000", "incomeBeforeTax": "3049000000", "incomeTaxExpense": "601000000", "interestAndDebtExpense": "None", "netIncomeFromContinuingOperations": "0", "comprehensiveIncomeNetOfTax": "None", "ebit": "3082000000", "ebitda": "4507000000", "netIncome": "2448000000"}, {"fiscalDateEnding": "2009-07-31", "reportedCurrency": "USD", "grossProfit": "6515000000", "totalRevenue": "27451000000", "costOfRevenue": "20936000000", "costofGoodsAndServicesSold": "20936000000", "operatingIncome": "2595000000", "sellingGeneralAndAdministrative": "2874000000", "researchAndDevelopment": "667000000", "operatingExpenses": "3920000000", "investmentIncomeNet": "None", "netInterestIncome": "None", "interestIncome": "None", "interestExpense": "177000000", "nonInterestIncome": "None", "otherNonOperatingIncome": "None", "depreciation": "None", "depreciationAndAmortization": "1179000000", "incomeBeforeTax": "1997000000", "incomeTaxExpense": "355000000", "interestAndDebtExpense": "None", "netIncomeFromContinuingOperations": "0", "comprehensiveIncomeNetOfTax": "None", "ebit": "2213000000", "ebitda": "3392000000", "netIncome": "1642000000"}, {"fiscalDateEnding": "2009-04-30", "reportedCurrency": "USD", "grossProfit": "6432000000", "totalRevenue": "27351000000", "costOfRevenue": "20919000000", "costofGoodsAndServicesSold": "20919000000", "operatingIncome": "2287000000", "sellingGeneralAndAdministrative": "2880000000", "researchAndDevelopment": "716000000", "operatingExpenses": "3976000000", "investmentIncomeNet": "None", "netInterestIncome": "None", "interestIncome": "None", "interestExpense": "632000000", "nonInterestIncome": "None", "otherNonOperatingIncome": "None", "depreciation": "None", "depreciationAndAmortization": "1491000000", "incomeBeforeTax": "2107000000", "incomeTaxExpense": "391000000", "interestAndDebtExpense": "None", "netIncomeFromContinuingOperations": "0", "comprehensiveIncomeNetOfTax": "None", "ebit": "2124000000", "ebitda": "3615000000", "netIncome": "1716000000"}, {"fiscalDateEnding": "2009-01-31", "reportedCurrency": "USD", "grossProfit": "6731000000", "totalRevenue": "28800000000", "costOfRevenue": "22069000000", "costofGoodsAndServicesSold": "22069000000", "operatingIncome": "2494000000", "sellingGeneralAndAdministrative": "2893000000", "researchAndDevelopment": "732000000", "operatingExpenses": "4037000000", "investmentIncomeNet": "None", "netInterestIncome": "None", "interestIncome": "None", "interestExpense": "232000000", "nonInterestIncome": "None", "otherNonOperatingIncome": "None", "depreciation": "None", "depreciationAndAmortization": "1614000000", "incomeBeforeTax": "2262000000", "incomeTaxExpense": "408000000", "interestAndDebtExpense": "None", "netIncomeFromContinuingOperations": "0", "comprehensiveIncomeNetOfTax": "None", "ebit": "2494000000", "ebitda": "4108000000", "netIncome": "1854000000"}, {"fiscalDateEnding": "2008-10-31", "reportedCurrency": "USD", "grossProfit": "8162000000", "totalRevenue": "33603000000", "costOfRevenue": "25441000000", "costofGoodsAndServicesSold": "25441000000", "operatingIncome": "2741000000", "sellingGeneralAndAdministrative": "3451000000", "researchAndDevelopment": "842000000", "operatingExpenses": "5097000000", "investmentIncomeNet": "None", "netInterestIncome": "None", "interestIncome": "None", "interestExpense": "106000000", "nonInterestIncome": "None", "otherNonOperatingIncome": "None", "depreciation": "None", "depreciationAndAmortization": "1736000000", "incomeBeforeTax": "2643000000", "incomeTaxExpense": "531000000", "interestAndDebtExpense": "None", "netIncomeFromContinuingOperations": "0", "comprehensiveIncomeNetOfTax": "None", "ebit": "2417000000", "ebitda": "4153000000", "netIncome": "2112000000"}, {"fiscalDateEnding": "2008-07-31", "reportedCurrency": "USD", "grossProfit": "6779000000", "totalRevenue": "28032000000", "costOfRevenue": "21253000000", "costofGoodsAndServicesSold": "21253000000", "operatingIncome": "2529000000", "sellingGeneralAndAdministrative": "3137000000", "researchAndDevelopment": "895000000", "operatingExpenses": "4245000000", "investmentIncomeNet": "None", "netInterestIncome": "None", "interestIncome": "None", "interestExpense": "31000000", "nonInterestIncome": "None", "otherNonOperatingIncome": "None", "depreciation": "None", "depreciationAndAmortization": "769000000", "incomeBeforeTax": "2552000000", "incomeTaxExpense": "525000000", "interestAndDebtExpense": "None", "netIncomeFromContinuingOperations": "0", "comprehensiveIncomeNetOfTax": "None", "ebit": "2524000000", "ebitda": "3293000000", "netIncome": "2027000000"}, {"fiscalDateEnding": "2008-04-30", "reportedCurrency": "USD", "grossProfit": "7001000000", "totalRevenue": "28262000000", "costOfRevenue": "21261000000", "costofGoodsAndServicesSold": "21261000000", "operatingIncome": "2590000000", "sellingGeneralAndAdministrative": "3275000000", "researchAndDevelopment": "908000000", "operatingExpenses": "4394000000", "investmentIncomeNet": "None", "netInterestIncome": "None", "interestIncome": "None", "interestExpense": "52000000", "nonInterestIncome": "None", "otherNonOperatingIncome": "None", "depreciation": "None", "depreciationAndAmortization": "794000000", "incomeBeforeTax": "2593000000", "incomeTaxExpense": "536000000", "interestAndDebtExpense": "None", "netIncomeFromContinuingOperations": "0", "comprehensiveIncomeNetOfTax": "None", "ebit": "2573000000", "ebitda": "3367000000", "netIncome": "2057000000"}, {"fiscalDateEnding": "2008-01-31", "reportedCurrency": "USD", "grossProfit": "6968000000", "totalRevenue": "28467000000", "costOfRevenue": "21499000000", "costofGoodsAndServicesSold": "21499000000", "operatingIncome": "2613000000", "sellingGeneralAndAdministrative": "3241000000", "researchAndDevelopment": "898000000", "operatingExpenses": "4345000000", "investmentIncomeNet": "None", "netInterestIncome": "None", "interestIncome": "None", "interestExpense": "85000000", "nonInterestIncome": "None", "otherNonOperatingIncome": "None", "depreciation": "None", "depreciationAndAmortization": "769000000", "incomeBeforeTax": "2685000000", "incomeTaxExpense": "552000000", "interestAndDebtExpense": "None", "netIncomeFromContinuingOperations": "0", "comprehensiveIncomeNetOfTax": "None", "ebit": "2603000000", "ebitda": "3372000000", "netIncome": "2133000000"}, {"fiscalDateEnding": "2007-10-31", "reportedCurrency": "USD", "grossProfit": "6989000000", "totalRevenue": "28293000000", "costOfRevenue": "21304000000", "costofGoodsAndServicesSold": "21304000000", "operatingIncome": "2632000000", "sellingGeneralAndAdministrative": "3272000000", "researchAndDevelopment": "914000000", "operatingExpenses": "4373000000", "investmentIncomeNet": "None", "netInterestIncome": "None", "interestIncome": "None", "interestExpense": "531000000", "nonInterestIncome": "None", "otherNonOperatingIncome": "None", "depreciation": "None", "depreciationAndAmortization": "681000000", "incomeBeforeTax": "2699000000", "incomeTaxExpense": "535000000", "interestAndDebtExpense": "None", "netIncomeFromContinuingOperations": "0", "comprehensiveIncomeNetOfTax": "None", "ebit": "2634000000", "ebitda": "3315000000", "netIncome": "2164000000"}, {"fiscalDateEnding": "2007-07-31", "reportedCurrency": "USD", "grossProfit": "6213000000", "totalRevenue": "25377000000", "costOfRevenue": "19164000000", "costofGoodsAndServicesSold": "19164000000", "operatingIncome": "2116000000", "sellingGeneralAndAdministrative": "3002000000", "researchAndDevelopment": "917000000", "operatingExpenses": "4102000000", "investmentIncomeNet": "None", "netInterestIncome": "None", "interestIncome": "None", "interestExpense": "323000000", "nonInterestIncome": "None", "otherNonOperatingIncome": "None", "depreciation": "None", "depreciationAndAmortization": "670000000", "incomeBeforeTax": "2286000000", "incomeTaxExpense": "508000000", "interestAndDebtExpense": "None", "netIncomeFromContinuingOperations": "0", "comprehensiveIncomeNetOfTax": "None", "ebit": "2126000000", "ebitda": "2796000000", "netIncome": "1778000000"}, {"fiscalDateEnding": "2007-04-30", "reportedCurrency": "USD", "grossProfit": "6251000000", "totalRevenue": "25534000000", "costOfRevenue": "19283000000", "costofGoodsAndServicesSold": "19283000000", "operatingIncome": "2128000000", "sellingGeneralAndAdministrative": "3044000000", "researchAndDevelopment": "903000000", "operatingExpenses": "3651000000", "investmentIncomeNet": "None", "netInterestIncome": "None", "interestIncome": "None", "interestExpense": "122000000", "nonInterestIncome": "None", "otherNonOperatingIncome": "None", "depreciation": "None", "depreciationAndAmortization": "1101000000", "incomeBeforeTax": "2228000000", "incomeTaxExpense": "453000000", "interestAndDebtExpense": "None", "netIncomeFromContinuingOperations": "0", "comprehensiveIncomeNetOfTax": "None", "ebit": "2177000000", "ebitda": "3278000000", "netIncome": "1775000000"}, {"fiscalDateEnding": "2007-01-31", "reportedCurrency": "USD", "grossProfit": "5946000000", "totalRevenue": "25082000000", "costOfRevenue": "19136000000", "costofGoodsAndServicesSold": "19136000000", "operatingIncome": "1843000000", "sellingGeneralAndAdministrative": "2899000000", "researchAndDevelopment": "877000000", "operatingExpenses": "3977000000", "investmentIncomeNet": "None", "netInterestIncome": "None", "interestIncome": "None", "interestExpense": "86000000", "nonInterestIncome": "None", "otherNonOperatingIncome": "None", "depreciation": "None", "depreciationAndAmortization": "886000000", "incomeBeforeTax": "1964000000", "incomeTaxExpense": "417000000", "interestAndDebtExpense": "None", "netIncomeFromContinuingOperations": "0", "comprehensiveIncomeNetOfTax": "None", "ebit": "1726000000", "ebitda": "2612000000", "netIncome": "1547000000"}, {"fiscalDateEnding": "2006-10-31", "reportedCurrency": "USD", "grossProfit": "5962000000", "totalRevenue": "24555000000", "costOfRevenue": "18593000000", "costofGoodsAndServicesSold": "18593000000", "operatingIncome": "1901000000", "sellingGeneralAndAdministrative": "2886000000", "researchAndDevelopment": "870000000", "operatingExpenses": "3909000000", "investmentIncomeNet": "None", "netInterestIncome": "None", "interestIncome": "None", "interestExpense": "2672000000", "nonInterestIncome": "None", "otherNonOperatingIncome": "None", "depreciation": "None", "depreciationAndAmortization": "886000000", "incomeBeforeTax": "2105000000", "incomeTaxExpense": "408000000", "interestAndDebtExpense": "None", "netIncomeFromContinuingOperations": "0", "comprehensiveIncomeNetOfTax": "None", "ebit": "1763000000", "ebitda": "2649000000", "netIncome": "1697000000"}, {"fiscalDateEnding": "2006-07-31", "reportedCurrency": "USD", "grossProfit": "5418000000", "totalRevenue": "21890000000", "costOfRevenue": "16472000000", "costofGoodsAndServicesSold": "16472000000", "operatingIncome": "1510000000", "sellingGeneralAndAdministrative": "2830000000", "researchAndDevelopment": "920000000", "operatingExpenses": "3903000000", "investmentIncomeNet": "None", "netInterestIncome": "None", "interestIncome": "None", "interestExpense": "193000000", "nonInterestIncome": "None", "otherNonOperatingIncome": "None", "depreciation": "None", "depreciationAndAmortization": "601000000", "incomeBeforeTax": "1738000000", "incomeTaxExpense": "363000000", "interestAndDebtExpense": "None", "netIncomeFromContinuingOperations": "0", "comprehensiveIncomeNetOfTax": "None", "ebit": "1512000000", "ebitda": "2113000000", "netIncome": "1375000000"}, {"fiscalDateEnding": "2006-04-30", "reportedCurrency": "USD", "grossProfit": "5584000000", "totalRevenue": "22554000000", "costOfRevenue": "16970000000", "costofGoodsAndServicesSold": "16970000000", "operatingIncome": "1657000000", "sellingGeneralAndAdministrative": "2858000000", "researchAndDevelopment": "930000000", "operatingExpenses": "3939000000", "investmentIncomeNet": "None", "netInterestIncome": "None", "interestIncome": "None", "interestExpense": "96000000", "nonInterestIncome": "None", "otherNonOperatingIncome": "None", "depreciation": "None", "depreciationAndAmortization": "566000000", "incomeBeforeTax": "1820000000", "incomeTaxExpense": "-79000000", "interestAndDebtExpense": "None", "netIncomeFromContinuingOperations": "0", "comprehensiveIncomeNetOfTax": "None", "ebit": "1675000000", "ebitda": "2241000000", "netIncome": "1899000000"}, {"fiscalDateEnding": "2006-01-31", "reportedCurrency": "USD", "grossProfit": "5267000000", "totalRevenue": "22659000000", "costOfRevenue": "17392000000", "costofGoodsAndServicesSold": "17392000000", "operatingIncome": "1492000000", "sellingGeneralAndAdministrative": "2692000000", "researchAndDevelopment": "871000000", "operatingExpenses": "3710000000", "investmentIncomeNet": "None", "netInterestIncome": "None", "interestIncome": "None", "interestExpense": "2769000000", "nonInterestIncome": "None", "otherNonOperatingIncome": "None", "depreciation": "None", "depreciationAndAmortization": "695000000", "incomeBeforeTax": "1528000000", "incomeTaxExpense": "301000000", "interestAndDebtExpense": "None", "netIncomeFromContinuingOperations": "0", "comprehensiveIncomeNetOfTax": "None", "ebit": "1425000000", "ebitda": "2120000000", "netIncome": "1227000000"}, {"fiscalDateEnding": "2005-10-31", "reportedCurrency": "USD", "grossProfit": "5381000000", "totalRevenue": "22913000000", "costOfRevenue": "17532000000", "costofGoodsAndServicesSold": "17532000000", "operatingIncome": "3150000000", "sellingGeneralAndAdministrative": "2786000000", "researchAndDevelopment": "859000000", "operatingExpenses": "3582000000", "investmentIncomeNet": "None", "netInterestIncome": "None", "interestIncome": "None", "interestExpense": "424000000", "nonInterestIncome": "None", "otherNonOperatingIncome": "None", "depreciation": "None", "depreciationAndAmortization": "545000000", "incomeBeforeTax": "381000000", "incomeTaxExpense": "-35000000", "interestAndDebtExpense": "None", "netIncomeFromContinuingOperations": "0", "comprehensiveIncomeNetOfTax": "None", "ebit": "1799000000", "ebitda": "2344000000", "netIncome": "416000000"}, {"fiscalDateEnding": "2005-07-31", "reportedCurrency": "USD", "grossProfit": "4817000000", "totalRevenue": "20759000000", "costOfRevenue": "15942000000", "costofGoodsAndServicesSold": "15942000000", "operatingIncome": "913000000", "sellingGeneralAndAdministrative": "2761000000", "researchAndDevelopment": "863000000", "operatingExpenses": "3792000000", "investmentIncomeNet": "None", "netInterestIncome": "None", "interestIncome": "None", "interestExpense": "89000000", "nonInterestIncome": "None", "otherNonOperatingIncome": "None", "depreciation": "None", "depreciationAndAmortization": "811000000", "incomeBeforeTax": "1033000000", "incomeTaxExpense": "960000000", "interestAndDebtExpense": "None", "netIncomeFromContinuingOperations": "0", "comprehensiveIncomeNetOfTax": "None", "ebit": "802000000", "ebitda": "1613000000", "netIncome": "73000000"}, {"fiscalDateEnding": "2005-04-30", "reportedCurrency": "USD", "grossProfit": "5141000000", "totalRevenue": "21570000000", "costOfRevenue": "16429000000", "costofGoodsAndServicesSold": "16429000000", "operatingIncome": "1163000000", "sellingGeneralAndAdministrative": "2933000000", "researchAndDevelopment": "890000000", "operatingExpenses": "3974000000", "investmentIncomeNet": "None", "netInterestIncome": "None", "interestIncome": "None", "interestExpense": "261000000", "nonInterestIncome": "None", "otherNonOperatingIncome": "None", "depreciation": "None", "depreciationAndAmortization": "604000000", "incomeBeforeTax": "1079000000", "incomeTaxExpense": "113000000", "interestAndDebtExpense": "None", "netIncomeFromContinuingOperations": "0", "comprehensiveIncomeNetOfTax": "None", "ebit": "1162000000", "ebitda": "1766000000", "netIncome": "966000000"}, {"fiscalDateEnding": "2005-01-31", "reportedCurrency": "USD", "grossProfit": "4917000000", "totalRevenue": "21454000000", "costOfRevenue": "16537000000", "costofGoodsAndServicesSold": "16537000000", "operatingIncome": "1165000000", "sellingGeneralAndAdministrative": "2704000000", "researchAndDevelopment": "878000000", "operatingExpenses": "3749000000", "investmentIncomeNet": "None", "netInterestIncome": "None", "interestIncome": "None", "interestExpense": "74000000", "nonInterestIncome": "None", "otherNonOperatingIncome": "None", "depreciation": "None", "depreciationAndAmortization": "758000000", "incomeBeforeTax": "1050000000", "incomeTaxExpense": "107000000", "interestAndDebtExpense": "None", "netIncomeFromContinuingOperations": "0", "comprehensiveIncomeNetOfTax": "None", "ebit": "1022000000", "ebitda": "1780000000", "netIncome": "943000000"}]}