{"symbol": "EOG", "annualReports": [{"fiscalDateEnding": "2024-12-31", "reportedCurrency": "USD", "grossProfit": "17698000000", "totalRevenue": "23378000000", "costOfRevenue": "5680000000", "costofGoodsAndServicesSold": "5680000000", "operatingIncome": "8082000000", "sellingGeneralAndAdministrative": "669000000", "researchAndDevelopment": "None", "operatingExpenses": "9616000000", "investmentIncomeNet": "None", "netInterestIncome": "139000000", "interestIncome": "277000000", "interestExpense": "138000000", "nonInterestIncome": "None", "otherNonOperatingIncome": "None", "depreciation": "None", "depreciationAndAmortization": "4108000000", "incomeBeforeTax": "8218000000", "incomeTaxExpense": "1815000000", "interestAndDebtExpense": "None", "netIncomeFromContinuingOperations": "6403000000", "comprehensiveIncomeNetOfTax": "None", "ebit": "8356000000", "ebitda": "12464000000", "netIncome": "6403000000"}, {"fiscalDateEnding": "2023-12-31", "reportedCurrency": "USD", "grossProfit": "14490000000", "totalRevenue": "23273000000", "costOfRevenue": "8783000000", "costofGoodsAndServicesSold": "8783000000", "operatingIncome": "9603000000", "sellingGeneralAndAdministrative": "640000000", "researchAndDevelopment": "None", "operatingExpenses": "4887000000", "investmentIncomeNet": "None", "netInterestIncome": "92000000", "interestIncome": "240000000", "interestExpense": "148000000", "nonInterestIncome": "None", "otherNonOperatingIncome": "None", "depreciation": "None", "depreciationAndAmortization": "3618000000", "incomeBeforeTax": "9689000000", "incomeTaxExpense": "2095000000", "interestAndDebtExpense": "None", "netIncomeFromContinuingOperations": "7594000000", "comprehensiveIncomeNetOfTax": "None", "ebit": "9837000000", "ebitda": "13455000000", "netIncome": "7594000000"}, {"fiscalDateEnding": "2022-12-31", "reportedCurrency": "USD", "grossProfit": "23998000000", "totalRevenue": "29492000000", "costOfRevenue": "5494000000", "costofGoodsAndServicesSold": "5494000000", "operatingIncome": "14370000000", "sellingGeneralAndAdministrative": "570000000", "researchAndDevelopment": "None", "operatingExpenses": "9742000000", "investmentIncomeNet": "None", "netInterestIncome": "-179000000", "interestIncome": "179000000", "interestExpense": "179000000", "nonInterestIncome": "None", "otherNonOperatingIncome": "114000000", "depreciation": "None", "depreciationAndAmortization": "3793000000", "incomeBeforeTax": "9901000000", "incomeTaxExpense": "2142000000", "interestAndDebtExpense": "None", "netIncomeFromContinuingOperations": "7759000000", "comprehensiveIncomeNetOfTax": "None", "ebit": "10080000000", "ebitda": "13873000000", "netIncome": "7759000000"}, {"fiscalDateEnding": "2021-12-31", "reportedCurrency": "USD", "grossProfit": "14324000000", "totalRevenue": "19669000000", "costOfRevenue": "5345000000", "costofGoodsAndServicesSold": "5345000000", "operatingIncome": "6102000000", "sellingGeneralAndAdministrative": "511000000", "researchAndDevelopment": "154000000", "operatingExpenses": "6711000000", "investmentIncomeNet": "None", "netInterestIncome": "-178000000", "interestIncome": "178000000", "interestExpense": "178000000", "nonInterestIncome": "None", "otherNonOperatingIncome": "9000000", "depreciation": "None", "depreciationAndAmortization": "4032000000", "incomeBeforeTax": "5933000000", "incomeTaxExpense": "1269000000", "interestAndDebtExpense": "None", "netIncomeFromContinuingOperations": "4664000000", "comprehensiveIncomeNetOfTax": "None", "ebit": "6111000000", "ebitda": "10143000000", "netIncome": "4664000000"}, {"fiscalDateEnding": "2020-12-31", "reportedCurrency": "USD", "grossProfit": "4950302000", "totalRevenue": "9873240000", "costOfRevenue": "4922938000", "costofGoodsAndServicesSold": "4922938000", "operatingIncome": "468138000", "sellingGeneralAndAdministrative": "483823000", "researchAndDevelopment": "42000000", "operatingExpenses": "4492392000", "investmentIncomeNet": "None", "netInterestIncome": "-205266000", "interestIncome": "205266000", "interestExpense": "205266000", "nonInterestIncome": "None", "otherNonOperatingIncome": "10228000", "depreciation": "None", "depreciationAndAmortization": "3885579000", "incomeBeforeTax": "-739054000", "incomeTaxExpense": "-134482000", "interestAndDebtExpense": "None", "netIncomeFromContinuingOperations": "-604572000", "comprehensiveIncomeNetOfTax": "None", "ebit": "-17088000", "ebitda": "3868491000", "netIncome": "-604572000"}, {"fiscalDateEnding": "2019-12-31", "reportedCurrency": "USD", "grossProfit": "11345928000", "totalRevenue": "16941727000", "costOfRevenue": "5595799000", "costofGoodsAndServicesSold": "5595799000", "operatingIncome": "3699011000", "sellingGeneralAndAdministrative": "489397000", "researchAndDevelopment": "None", "operatingExpenses": "7432909000", "investmentIncomeNet": "None", "netInterestIncome": "-185129000", "interestIncome": "185129000", "interestExpense": "185129000", "nonInterestIncome": "None", "otherNonOperatingIncome": "31385000", "depreciation": "None", "depreciationAndAmortization": "4088601000", "incomeBeforeTax": "3545267000", "incomeTaxExpense": "810357000", "interestAndDebtExpense": "None", "netIncomeFromContinuingOperations": "2734910000", "comprehensiveIncomeNetOfTax": "None", "ebit": "3730396000", "ebitda": "7818997000", "netIncome": "2734910000"}, {"fiscalDateEnding": "2018-12-31", "reportedCurrency": "USD", "grossProfit": "12021783000", "totalRevenue": "17176842000", "costOfRevenue": "5155059000", "costofGoodsAndServicesSold": "5155059000", "operatingIncome": "4469346000", "sellingGeneralAndAdministrative": "426969000", "researchAndDevelopment": "0", "operatingExpenses": "7214338000", "investmentIncomeNet": "None", "netInterestIncome": "-245052000", "interestIncome": "245052000", "interestExpense": "245052000", "nonInterestIncome": "None", "otherNonOperatingIncome": "16704000", "depreciation": "None", "depreciationAndAmortization": "3613813000", "incomeBeforeTax": "4240998000", "incomeTaxExpense": "821958000", "interestAndDebtExpense": "None", "netIncomeFromContinuingOperations": "3419040000", "comprehensiveIncomeNetOfTax": "None", "ebit": "4486050000", "ebitda": "8099863000", "netIncome": "3419040000"}, {"fiscalDateEnding": "2017-12-31", "reportedCurrency": "USD", "grossProfit": "6602969000", "totalRevenue": "11205978000", "costOfRevenue": "4603009000", "costofGoodsAndServicesSold": "4603009000", "operatingIncome": "926402000", "sellingGeneralAndAdministrative": "434467000", "researchAndDevelopment": "0", "operatingExpenses": "5118059000", "investmentIncomeNet": "None", "netInterestIncome": "-274372000", "interestIncome": "274372000", "interestExpense": "274372000", "nonInterestIncome": "None", "otherNonOperatingIncome": "9152000", "depreciation": "None", "depreciationAndAmortization": "3624996000", "incomeBeforeTax": "661182000", "incomeTaxExpense": "-1921397000", "interestAndDebtExpense": "None", "netIncomeFromContinuingOperations": "2582579000", "comprehensiveIncomeNetOfTax": "None", "ebit": "935554000", "ebitda": "4560550000", "netIncome": "2582579000"}, {"fiscalDateEnding": "2016-12-31", "reportedCurrency": "USD", "grossProfit": "2859232000", "totalRevenue": "7463002000", "costOfRevenue": "4603770000", "costofGoodsAndServicesSold": "4603770000", "operatingIncome": "-1225281000", "sellingGeneralAndAdministrative": "394815000", "researchAndDevelopment": "0", "operatingExpenses": "3570473000", "investmentIncomeNet": "None", "netInterestIncome": "-281681000", "interestIncome": "281681000", "interestExpense": "281681000", "nonInterestIncome": "None", "otherNonOperatingIncome": "-50543000", "depreciation": "None", "depreciationAndAmortization": "3855074000", "incomeBeforeTax": "-1557505000", "incomeTaxExpense": "-460819000", "interestAndDebtExpense": "None", "netIncomeFromContinuingOperations": "-1096686000", "comprehensiveIncomeNetOfTax": "None", "ebit": "-1275824000", "ebitda": "2579250000", "netIncome": "-1096686000"}, {"fiscalDateEnding": "2015-12-31", "reportedCurrency": "USD", "grossProfit": "4014311000", "totalRevenue": "8656393000", "costOfRevenue": "4642082000", "costofGoodsAndServicesSold": "4642082000", "operatingIncome": "-6686079000", "sellingGeneralAndAdministrative": "366594000", "researchAndDevelopment": "2841000000", "operatingExpenses": "4139970000", "investmentIncomeNet": "None", "netInterestIncome": "None", "interestIncome": "237393000", "interestExpense": "237393000", "nonInterestIncome": "None", "otherNonOperatingIncome": "1916000", "depreciation": "None", "depreciationAndAmortization": "3313644000", "incomeBeforeTax": "-6921556000", "incomeTaxExpense": "-2397041000", "interestAndDebtExpense": "None", "netIncomeFromContinuingOperations": "-4524515000", "comprehensiveIncomeNetOfTax": "None", "ebit": "-6684163000", "ebitda": "-3370519000", "netIncome": "-4524515000"}, {"fiscalDateEnding": "2014-12-31", "reportedCurrency": "USD", "grossProfit": "11079979000", "totalRevenue": "16639233000", "costOfRevenue": "5559254000", "costofGoodsAndServicesSold": "5559254000", "operatingIncome": "5241823000", "sellingGeneralAndAdministrative": "402010000", "researchAndDevelopment": "0", "operatingExpenses": "6436444000", "investmentIncomeNet": "None", "netInterestIncome": "None", "interestIncome": "None", "interestExpense": "201458000", "nonInterestIncome": "None", "otherNonOperatingIncome": "-45050000", "depreciation": "None", "depreciationAndAmortization": "3997041000", "incomeBeforeTax": "4995315000", "incomeTaxExpense": "2079828000", "interestAndDebtExpense": "None", "netIncomeFromContinuingOperations": "2915487000", "comprehensiveIncomeNetOfTax": "None", "ebit": "5196773000", "ebitda": "9193814000", "netIncome": "2915487000"}, {"fiscalDateEnding": "2013-12-31", "reportedCurrency": "USD", "grossProfit": "9584570000", "totalRevenue": "14399395000", "costOfRevenue": "4814825000", "costofGoodsAndServicesSold": "4814825000", "operatingIncome": "3675211000", "sellingGeneralAndAdministrative": "348312000", "researchAndDevelopment": "0", "operatingExpenses": "5653634000", "investmentIncomeNet": "None", "netInterestIncome": "None", "interestIncome": "None", "interestExpense": "235460000", "nonInterestIncome": "None", "otherNonOperatingIncome": "-2865000", "depreciation": "None", "depreciationAndAmortization": "3600976000", "incomeBeforeTax": "3436886000", "incomeTaxExpense": "1239777000", "interestAndDebtExpense": "None", "netIncomeFromContinuingOperations": "2197109000", "comprehensiveIncomeNetOfTax": "None", "ebit": "3747001000", "ebitda": "7347977000", "netIncome": "2197109000"}, {"fiscalDateEnding": "2012-12-31", "reportedCurrency": "USD", "grossProfit": "6787370000", "totalRevenue": "11055070000", "costOfRevenue": "4267700000", "costofGoodsAndServicesSold": "4267700000", "operatingIncome": "1479797000", "sellingGeneralAndAdministrative": "331545000", "researchAndDevelopment": "0", "operatingExpenses": "4623242000", "investmentIncomeNet": "None", "netInterestIncome": "None", "interestIncome": "None", "interestExpense": "213552000", "nonInterestIncome": "None", "otherNonOperatingIncome": "14495000", "depreciation": "None", "depreciationAndAmortization": "3169703000", "incomeBeforeTax": "1280740000", "incomeTaxExpense": "710461000", "interestAndDebtExpense": "None", "netIncomeFromContinuingOperations": "570279000", "comprehensiveIncomeNetOfTax": "None", "ebit": "1509262000", "ebitda": "4678965000", "netIncome": "570279000"}, {"fiscalDateEnding": "2011-12-31", "reportedCurrency": "USD", "grossProfit": "8448224000", "totalRevenue": "10126115000", "costOfRevenue": "1677891000", "costofGoodsAndServicesSold": "1677891000", "operatingIncome": "2113309000", "sellingGeneralAndAdministrative": "304811000", "researchAndDevelopment": "171658000", "operatingExpenses": "5303878000", "investmentIncomeNet": "None", "netInterestIncome": "None", "interestIncome": "None", "interestExpense": "210363000", "nonInterestIncome": "None", "otherNonOperatingIncome": "6853000", "depreciation": "None", "depreciationAndAmortization": "2516381000", "incomeBeforeTax": "1909799000", "incomeTaxExpense": "818676000", "interestAndDebtExpense": "None", "netIncomeFromContinuingOperations": "1091123000", "comprehensiveIncomeNetOfTax": "None", "ebit": "2370392000", "ebitda": "4886773000", "netIncome": "1091123000"}, {"fiscalDateEnding": "2010-12-31", "reportedCurrency": "USD", "grossProfit": "4877033000", "totalRevenue": "6099896000", "costOfRevenue": "1222863000", "costofGoodsAndServicesSold": "1222863000", "operatingIncome": "523319000", "sellingGeneralAndAdministrative": "467855000", "researchAndDevelopment": "0", "operatingExpenses": "3611067000", "investmentIncomeNet": "None", "netInterestIncome": "None", "interestIncome": "None", "interestExpense": "129586000", "nonInterestIncome": "None", "otherNonOperatingIncome": "14243000", "depreciation": "None", "depreciationAndAmortization": "1941926000", "incomeBeforeTax": "407976000", "incomeTaxExpense": "247322000", "interestAndDebtExpense": "None", "netIncomeFromContinuingOperations": "160654000", "comprehensiveIncomeNetOfTax": "None", "ebit": "610048000", "ebitda": "2551974000", "netIncome": "160654000"}, {"fiscalDateEnding": "2009-12-31", "reportedCurrency": "USD", "grossProfit": "3645873000", "totalRevenue": "4786959000", "costOfRevenue": "1141086000", "costofGoodsAndServicesSold": "1141086000", "operatingIncome": "970841000", "sellingGeneralAndAdministrative": "248274000", "researchAndDevelopment": "0", "operatingExpenses": "2369200000", "investmentIncomeNet": "None", "netInterestIncome": "None", "interestIncome": "None", "interestExpense": "100901000", "nonInterestIncome": "None", "otherNonOperatingIncome": "2071000", "depreciation": "None", "depreciationAndAmortization": "1549188000", "incomeBeforeTax": "872011000", "incomeTaxExpense": "325384000", "interestAndDebtExpense": "None", "netIncomeFromContinuingOperations": "546627000", "comprehensiveIncomeNetOfTax": "None", "ebit": "1024155000", "ebitda": "2573343000", "netIncome": "546627000"}, {"fiscalDateEnding": "2008-12-31", "reportedCurrency": "USD", "grossProfit": "5110799000", "totalRevenue": "6386519000", "costOfRevenue": "1275720000", "costofGoodsAndServicesSold": "1275720000", "operatingIncome": "3767185000", "sellingGeneralAndAdministrative": "243708000", "researchAndDevelopment": "None", "operatingExpenses": "1150755000", "investmentIncomeNet": "None", "netInterestIncome": "None", "interestIncome": "None", "interestExpense": "51658000", "nonInterestIncome": "None", "otherNonOperatingIncome": "None", "depreciation": "None", "depreciationAndAmortization": "1326875000", "incomeBeforeTax": "3746539000", "incomeTaxExpense": "1309620000", "interestAndDebtExpense": "None", "netIncomeFromContinuingOperations": "None", "comprehensiveIncomeNetOfTax": "None", "ebit": "3853364000", "ebitda": "5180239000", "netIncome": "2436919000"}, {"fiscalDateEnding": "2007-12-31", "reportedCurrency": "USD", "grossProfit": "3122446000", "totalRevenue": "4038496000", "costOfRevenue": "916050000", "costofGoodsAndServicesSold": "916050000", "operatingIncome": "1648396000", "sellingGeneralAndAdministrative": "205210000", "researchAndDevelopment": "None", "operatingExpenses": "1326533000", "investmentIncomeNet": "None", "netInterestIncome": "None", "interestIncome": "None", "interestExpense": "0", "nonInterestIncome": "None", "otherNonOperatingIncome": "None", "depreciation": "None", "depreciationAndAmortization": "1065545000", "incomeBeforeTax": "1630868000", "incomeTaxExpense": "540950000", "interestAndDebtExpense": "None", "netIncomeFromContinuingOperations": "None", "comprehensiveIncomeNetOfTax": "None", "ebit": "1795913000", "ebitda": "2861458000", "netIncome": "1089918000"}, {"fiscalDateEnding": "2006-12-31", "reportedCurrency": "USD", "grossProfit": "3186617000", "totalRevenue": "3904415000", "costOfRevenue": "717798000", "costofGoodsAndServicesSold": "717798000", "operatingIncome": "1895426000", "sellingGeneralAndAdministrative": "164981000", "researchAndDevelopment": "None", "operatingExpenses": "1182933000", "investmentIncomeNet": "None", "netInterestIncome": "None", "interestIncome": "None", "interestExpense": "0", "nonInterestIncome": "None", "otherNonOperatingIncome": "None", "depreciation": "None", "depreciationAndAmortization": "817089000", "incomeBeforeTax": "1912641000", "incomeTaxExpense": "612756000", "interestAndDebtExpense": "None", "netIncomeFromContinuingOperations": "None", "comprehensiveIncomeNetOfTax": "None", "ebit": "1820237000", "ebitda": "2637326000", "netIncome": "1299885000"}, {"fiscalDateEnding": "2005-12-31", "reportedCurrency": "USD", "grossProfit": "3035707000", "totalRevenue": "3606990000", "costOfRevenue": "571283000", "costofGoodsAndServicesSold": "571283000", "operatingIncome": "1991815000", "sellingGeneralAndAdministrative": "125918000", "researchAndDevelopment": "None", "operatingExpenses": "965960000", "investmentIncomeNet": "None", "netInterestIncome": "None", "interestIncome": "None", "interestExpense": "0", "nonInterestIncome": "None", "otherNonOperatingIncome": "None", "depreciation": "None", "depreciationAndAmortization": "654258000", "incomeBeforeTax": "1965137000", "incomeTaxExpense": "705561000", "interestAndDebtExpense": "None", "netIncomeFromContinuingOperations": "None", "comprehensiveIncomeNetOfTax": "None", "ebit": "2082563000", "ebitda": "2736821000", "netIncome": "1259576000"}], "quarterlyReports": [{"fiscalDateEnding": "2024-12-31", "reportedCurrency": "USD", "grossProfit": "5518000000", "totalRevenue": "5650000000", "costOfRevenue": "132000000", "costofGoodsAndServicesSold": "132000000", "operatingIncome": "1592000000", "sellingGeneralAndAdministrative": "189000000", "researchAndDevelopment": "None", "operatingExpenses": "3926000000", "investmentIncomeNet": "None", "netInterestIncome": "239000000", "interestIncome": "None", "interestExpense": "38000000", "nonInterestIncome": "None", "otherNonOperatingIncome": "None", "depreciation": "None", "depreciationAndAmortization": "1019000000", "incomeBeforeTax": "1624000000", "incomeTaxExpense": "373000000", "interestAndDebtExpense": "None", "netIncomeFromContinuingOperations": "1251000000", "comprehensiveIncomeNetOfTax": "None", "ebit": "1662000000", "ebitda": "2681000000", "netIncome": "1251000000"}, {"fiscalDateEnding": "2024-09-30", "reportedCurrency": "USD", "grossProfit": "3997000000", "totalRevenue": "5865000000", "costOfRevenue": "1868000000", "costofGoodsAndServicesSold": "1868000000", "operatingIncome": "2089000000", "sellingGeneralAndAdministrative": "167000000", "researchAndDevelopment": "None", "operatingExpenses": "1908000000", "investmentIncomeNet": "None", "netInterestIncome": "-31000000", "interestIncome": "None", "interestExpense": "31000000", "nonInterestIncome": "None", "otherNonOperatingIncome": "None", "depreciation": "None", "depreciationAndAmortization": "1031000000", "incomeBeforeTax": "2134000000", "incomeTaxExpense": "461000000", "interestAndDebtExpense": "None", "netIncomeFromContinuingOperations": "1673000000", "comprehensiveIncomeNetOfTax": "None", "ebit": "2179000000", "ebitda": "3210000000", "netIncome": "1673000000"}, {"fiscalDateEnding": "2024-06-30", "reportedCurrency": "USD", "grossProfit": "2709000000", "totalRevenue": "6052000000", "costOfRevenue": "3343000000", "costofGoodsAndServicesSold": "3343000000", "operatingIncome": "2221000000", "sellingGeneralAndAdministrative": "151000000", "researchAndDevelopment": "None", "operatingExpenses": "488000000", "investmentIncomeNet": "None", "netInterestIncome": "-36000000", "interestIncome": "None", "interestExpense": "36000000", "nonInterestIncome": "None", "otherNonOperatingIncome": "None", "depreciation": "None", "depreciationAndAmortization": "1006000000", "incomeBeforeTax": "2160000000", "incomeTaxExpense": "470000000", "interestAndDebtExpense": "None", "netIncomeFromContinuingOperations": "1690000000", "comprehensiveIncomeNetOfTax": "None", "ebit": "2196000000", "ebitda": "3202000000", "netIncome": "1690000000"}, {"fiscalDateEnding": "2024-03-31", "reportedCurrency": "USD", "grossProfit": "2510000000", "totalRevenue": "5860000000", "costOfRevenue": "3350000000", "costofGoodsAndServicesSold": "3350000000", "operatingIncome": "2010000000", "sellingGeneralAndAdministrative": "162000000", "researchAndDevelopment": "None", "operatingExpenses": "500000000", "investmentIncomeNet": "None", "netInterestIncome": "-33000000", "interestIncome": "None", "interestExpense": "33000000", "nonInterestIncome": "None", "otherNonOperatingIncome": "None", "depreciation": "None", "depreciationAndAmortization": "1092000000", "incomeBeforeTax": "2300000000", "incomeTaxExpense": "511000000", "interestAndDebtExpense": "None", "netIncomeFromContinuingOperations": "1789000000", "comprehensiveIncomeNetOfTax": "None", "ebit": "2333000000", "ebitda": "3425000000", "netIncome": "1789000000"}, {"fiscalDateEnding": "2023-12-31", "reportedCurrency": "USD", "grossProfit": "4544000000", "totalRevenue": "6030000000", "costOfRevenue": "1486000000", "costofGoodsAndServicesSold": "1486000000", "operatingIncome": "2504000000", "sellingGeneralAndAdministrative": "192000000", "researchAndDevelopment": "None", "operatingExpenses": "2259000000", "investmentIncomeNet": "None", "netInterestIncome": "205000000", "interestIncome": "None", "interestExpense": "35000000", "nonInterestIncome": "None", "otherNonOperatingIncome": "None", "depreciation": "None", "depreciationAndAmortization": "930000000", "incomeBeforeTax": "2535000000", "incomeTaxExpense": "547000000", "interestAndDebtExpense": "None", "netIncomeFromContinuingOperations": "1988000000", "comprehensiveIncomeNetOfTax": "None", "ebit": "2570000000", "ebitda": "3500000000", "netIncome": "1988000000"}, {"fiscalDateEnding": "2023-09-30", "reportedCurrency": "USD", "grossProfit": "4680000000", "totalRevenue": "6113000000", "costOfRevenue": "1433000000", "costofGoodsAndServicesSold": "1433000000", "operatingIncome": "2557000000", "sellingGeneralAndAdministrative": "161000000", "researchAndDevelopment": "None", "operatingExpenses": "2147000000", "investmentIncomeNet": "None", "netInterestIncome": "-36000000", "interestIncome": "36000000", "interestExpense": "36000000", "nonInterestIncome": "None", "otherNonOperatingIncome": "None", "depreciation": "None", "depreciationAndAmortization": "928000000", "incomeBeforeTax": "2573000000", "incomeTaxExpense": "543000000", "interestAndDebtExpense": "None", "netIncomeFromContinuingOperations": "2030000000", "comprehensiveIncomeNetOfTax": "None", "ebit": "2609000000", "ebitda": "3537000000", "netIncome": "2030000000"}, {"fiscalDateEnding": "2023-06-30", "reportedCurrency": "USD", "grossProfit": "4086000000", "totalRevenue": "5460000000", "costOfRevenue": "1374000000", "costofGoodsAndServicesSold": "1374000000", "operatingIncome": "1970000000", "sellingGeneralAndAdministrative": "142000000", "researchAndDevelopment": "None", "operatingExpenses": "2173000000", "investmentIncomeNet": "None", "netInterestIncome": "-35000000", "interestIncome": "35000000", "interestExpense": "35000000", "nonInterestIncome": "None", "otherNonOperatingIncome": "51000000", "depreciation": "None", "depreciationAndAmortization": "899000000", "incomeBeforeTax": "1986000000", "incomeTaxExpense": "433000000", "interestAndDebtExpense": "None", "netIncomeFromContinuingOperations": "1553000000", "comprehensiveIncomeNetOfTax": "None", "ebit": "2021000000", "ebitda": "2920000000", "netIncome": "1553000000"}, {"fiscalDateEnding": "2023-03-31", "reportedCurrency": "USD", "grossProfit": "4263000000", "totalRevenue": "5579000000", "costOfRevenue": "1316000000", "costofGoodsAndServicesSold": "1316000000", "operatingIncome": "2572000000", "sellingGeneralAndAdministrative": "145000000", "researchAndDevelopment": "None", "operatingExpenses": "2102000000", "investmentIncomeNet": "None", "netInterestIncome": "-42000000", "interestIncome": "42000000", "interestExpense": "42000000", "nonInterestIncome": "None", "otherNonOperatingIncome": "65000000", "depreciation": "None", "depreciationAndAmortization": "831000000", "incomeBeforeTax": "2595000000", "incomeTaxExpense": "572000000", "interestAndDebtExpense": "None", "netIncomeFromContinuingOperations": "2023000000", "comprehensiveIncomeNetOfTax": "None", "ebit": "2637000000", "ebitda": "3468000000", "netIncome": "2023000000"}, {"fiscalDateEnding": "2022-12-31", "reportedCurrency": "USD", "grossProfit": "5329000000", "totalRevenue": "6719000000", "costOfRevenue": "1390000000", "costofGoodsAndServicesSold": "1390000000", "operatingIncome": "2853000000", "sellingGeneralAndAdministrative": "156000000", "researchAndDevelopment": "None", "operatingExpenses": "3866000000", "investmentIncomeNet": "None", "netInterestIncome": "-42000000", "interestIncome": "42000000", "interestExpense": "42000000", "nonInterestIncome": "None", "otherNonOperatingIncome": "48000000", "depreciation": "None", "depreciationAndAmortization": "926000000", "incomeBeforeTax": "2859000000", "incomeTaxExpense": "582000000", "interestAndDebtExpense": "None", "netIncomeFromContinuingOperations": "2277000000", "comprehensiveIncomeNetOfTax": "None", "ebit": "2853000000", "ebitda": "3779000000", "netIncome": "2277000000"}, {"fiscalDateEnding": "2022-09-30", "reportedCurrency": "USD", "grossProfit": "6185000000", "totalRevenue": "7593000000", "costOfRevenue": "1408000000", "costofGoodsAndServicesSold": "1408000000", "operatingIncome": "3664000000", "sellingGeneralAndAdministrative": "162000000", "researchAndDevelopment": "None", "operatingExpenses": "3929000000", "investmentIncomeNet": "None", "netInterestIncome": "-41000000", "interestIncome": "41000000", "interestExpense": "41000000", "nonInterestIncome": "None", "otherNonOperatingIncome": "40000000", "depreciation": "None", "depreciationAndAmortization": "946000000", "incomeBeforeTax": "3663000000", "incomeTaxExpense": "809000000", "interestAndDebtExpense": "None", "netIncomeFromContinuingOperations": "2854000000", "comprehensiveIncomeNetOfTax": "None", "ebit": "3664000000", "ebitda": "4610000000", "netIncome": "2854000000"}, {"fiscalDateEnding": "2022-06-30", "reportedCurrency": "USD", "grossProfit": "6020000000", "totalRevenue": "7407000000", "costOfRevenue": "1387000000", "costofGoodsAndServicesSold": "1387000000", "operatingIncome": "2903000000", "sellingGeneralAndAdministrative": "128000000", "researchAndDevelopment": "None", "operatingExpenses": "4504000000", "investmentIncomeNet": "None", "netInterestIncome": "-48000000", "interestIncome": "48000000", "interestExpense": "48000000", "nonInterestIncome": "None", "otherNonOperatingIncome": "27000000", "depreciation": "None", "depreciationAndAmortization": "1785000000", "incomeBeforeTax": "2882000000", "incomeTaxExpense": "644000000", "interestAndDebtExpense": "None", "netIncomeFromContinuingOperations": "2238000000", "comprehensiveIncomeNetOfTax": "None", "ebit": "2903000000", "ebitda": "4688000000", "netIncome": "2238000000"}, {"fiscalDateEnding": "2022-03-31", "reportedCurrency": "USD", "grossProfit": "2446000000", "totalRevenue": "3983000000", "costOfRevenue": "1537000000", "costofGoodsAndServicesSold": "1537000000", "operatingIncome": "546000000", "sellingGeneralAndAdministrative": "124000000", "researchAndDevelopment": "None", "operatingExpenses": "3437000000", "investmentIncomeNet": "None", "netInterestIncome": "-48000000", "interestIncome": "48000000", "interestExpense": "48000000", "nonInterestIncome": "None", "otherNonOperatingIncome": "-1000000", "depreciation": "None", "depreciationAndAmortization": "846000000", "incomeBeforeTax": "497000000", "incomeTaxExpense": "107000000", "interestAndDebtExpense": "None", "netIncomeFromContinuingOperations": "390000000", "comprehensiveIncomeNetOfTax": "None", "ebit": "546000000", "ebitda": "1392000000", "netIncome": "390000000"}, {"fiscalDateEnding": "2021-12-31", "reportedCurrency": "USD", "grossProfit": "4526000000", "totalRevenue": "6044000000", "costOfRevenue": "1382000000", "costofGoodsAndServicesSold": "1382000000", "operatingIncome": "2528000000", "sellingGeneralAndAdministrative": "139000000", "researchAndDevelopment": "154000000", "operatingExpenses": "3516000000", "investmentIncomeNet": "None", "netInterestIncome": "-38000000", "interestIncome": "38000000", "interestExpense": "38000000", "nonInterestIncome": "None", "otherNonOperatingIncome": "9000000", "depreciation": "None", "depreciationAndAmortization": "910000000", "incomeBeforeTax": "2499000000", "incomeTaxExpense": "514000000", "interestAndDebtExpense": "None", "netIncomeFromContinuingOperations": "1985000000", "comprehensiveIncomeNetOfTax": "None", "ebit": "2537000000", "ebitda": "3447000000", "netIncome": "1985000000"}, {"fiscalDateEnding": "2021-09-30", "reportedCurrency": "USD", "grossProfit": "3423000000", "totalRevenue": "4765000000", "costOfRevenue": "1342000000", "costofGoodsAndServicesSold": "1342000000", "operatingIncome": "1471000000", "sellingGeneralAndAdministrative": "142000000", "researchAndDevelopment": "44000000", "operatingExpenses": "3294000000", "investmentIncomeNet": "None", "netInterestIncome": "-48000000", "interestIncome": "48000000", "interestExpense": "48000000", "nonInterestIncome": "None", "otherNonOperatingIncome": "6000000", "depreciation": "None", "depreciationAndAmortization": "927000000", "incomeBeforeTax": "1429000000", "incomeTaxExpense": "334000000", "interestAndDebtExpense": "None", "netIncomeFromContinuingOperations": "1095000000", "comprehensiveIncomeNetOfTax": "None", "ebit": "1477000000", "ebitda": "2404000000", "netIncome": "1095000000"}, {"fiscalDateEnding": "2021-06-30", "reportedCurrency": "USD", "grossProfit": "2827000000", "totalRevenue": "4139000000", "costOfRevenue": "1312000000", "costofGoodsAndServicesSold": "1312000000", "operatingIncome": "1171000000", "sellingGeneralAndAdministrative": "120000000", "researchAndDevelopment": "None", "operatingExpenses": "2968000000", "investmentIncomeNet": "None", "netInterestIncome": "-45000000", "interestIncome": "45000000", "interestExpense": "45000000", "nonInterestIncome": "None", "otherNonOperatingIncome": "-2000000", "depreciation": "None", "depreciationAndAmortization": "914000000", "incomeBeforeTax": "1124000000", "incomeTaxExpense": "217000000", "interestAndDebtExpense": "None", "netIncomeFromContinuingOperations": "907000000", "comprehensiveIncomeNetOfTax": "None", "ebit": "1169000000", "ebitda": "2083000000", "netIncome": "907000000"}, {"fiscalDateEnding": "2021-03-31", "reportedCurrency": "USD", "grossProfit": "2385000000", "totalRevenue": "3694000000", "costOfRevenue": "1309000000", "costofGoodsAndServicesSold": "1309000000", "operatingIncome": "932000000", "sellingGeneralAndAdministrative": "110000000", "researchAndDevelopment": "33000000", "operatingExpenses": "2762000000", "investmentIncomeNet": "None", "netInterestIncome": "-47000000", "interestIncome": "47000000", "interestExpense": "47000000", "nonInterestIncome": "None", "otherNonOperatingIncome": "-4000000", "depreciation": "None", "depreciationAndAmortization": "900000000", "incomeBeforeTax": "881000000", "incomeTaxExpense": "204000000", "interestAndDebtExpense": "None", "netIncomeFromContinuingOperations": "677000000", "comprehensiveIncomeNetOfTax": "None", "ebit": "928000000", "ebitda": "1828000000", "netIncome": "677000000"}, {"fiscalDateEnding": "2020-12-31", "reportedCurrency": "USD", "grossProfit": "1633009000", "totalRevenue": "2883641000", "costOfRevenue": "1250632000", "costofGoodsAndServicesSold": "1250632000", "operatingIncome": "487662000", "sellingGeneralAndAdministrative": "113235000", "researchAndDevelopment": "145788000", "operatingExpenses": "1066611000", "investmentIncomeNet": "None", "netInterestIncome": "-53121000", "interestIncome": "53121000", "interestExpense": "53121000", "nonInterestIncome": "None", "otherNonOperatingIncome": "-6781000", "depreciation": "None", "depreciationAndAmortization": "870564000", "incomeBeforeTax": "427760000", "incomeTaxExpense": "90294000", "interestAndDebtExpense": "None", "netIncomeFromContinuingOperations": "337466000", "comprehensiveIncomeNetOfTax": "None", "ebit": "723704000", "ebitda": "1594268000", "netIncome": "337466000"}, {"fiscalDateEnding": "2020-09-30", "reportedCurrency": "USD", "grossProfit": "1136825000", "totalRevenue": "2302138000", "costOfRevenue": "1165313000", "costofGoodsAndServicesSold": "1165313000", "operatingIncome": "-2714000", "sellingGeneralAndAdministrative": "124460000", "researchAndDevelopment": "38413000", "operatingExpenses": "985595000", "investmentIncomeNet": "None", "netInterestIncome": "-53242000", "interestIncome": "53242000", "interestExpense": "53242000", "nonInterestIncome": "None", "otherNonOperatingIncome": "3401000", "depreciation": "None", "depreciationAndAmortization": "823000000", "incomeBeforeTax": "-52555000", "incomeTaxExpense": "-10088000", "interestAndDebtExpense": "None", "netIncomeFromContinuingOperations": "-42467000", "comprehensiveIncomeNetOfTax": "None", "ebit": "154681000", "ebitda": "977681000", "netIncome": "-42467000"}, {"fiscalDateEnding": "2020-06-30", "reportedCurrency": "USD", "grossProfit": "164226000", "totalRevenue": "1213018000", "costOfRevenue": "1048792000", "costofGoodsAndServicesSold": "1048792000", "operatingIncome": "-1086549000", "sellingGeneralAndAdministrative": "131855000", "researchAndDevelopment": "None", "operatingExpenses": "832231000", "investmentIncomeNet": "None", "netInterestIncome": "-54213000", "interestIncome": "54213000", "interestExpense": "54213000", "nonInterestIncome": "None", "otherNonOperatingIncome": "-4500000", "depreciation": "None", "depreciationAndAmortization": "707000000", "incomeBeforeTax": "-1145262000", "incomeTaxExpense": "-235878000", "interestAndDebtExpense": "None", "netIncomeFromContinuingOperations": "-909384000", "comprehensiveIncomeNetOfTax": "None", "ebit": "-1030868000", "ebitda": "-323868000", "netIncome": "-909384000"}, {"fiscalDateEnding": "2020-03-31", "reportedCurrency": "USD", "grossProfit": "2016242000", "totalRevenue": "3474443000", "costOfRevenue": "1458201000", "costofGoodsAndServicesSold": "1458201000", "operatingIncome": "57585000", "sellingGeneralAndAdministrative": "114273000", "researchAndDevelopment": "None", "operatingExpenses": "1607955000", "investmentIncomeNet": "None", "netInterestIncome": "-44690000", "interestIncome": "44690000", "interestExpense": "44690000", "nonInterestIncome": "None", "otherNonOperatingIncome": "18108000", "depreciation": "None", "depreciationAndAmortization": "1000000000", "incomeBeforeTax": "31003000", "incomeTaxExpense": "21190000", "interestAndDebtExpense": "None", "netIncomeFromContinuingOperations": "9813000", "comprehensiveIncomeNetOfTax": "None", "ebit": "426455000", "ebitda": "1426455000", "netIncome": "10000000"}, {"fiscalDateEnding": "2019-12-31", "reportedCurrency": "USD", "grossProfit": "2806381000", "totalRevenue": "4227742000", "costOfRevenue": "1421361000", "costofGoodsAndServicesSold": "1421361000", "operatingIncome": "863751000", "sellingGeneralAndAdministrative": "125187000", "researchAndDevelopment": "None", "operatingExpenses": "1772111000", "investmentIncomeNet": "None", "netInterestIncome": "-40695000", "interestIncome": "40695000", "interestExpense": "40695000", "nonInterestIncome": "None", "otherNonOperatingIncome": "8152000", "depreciation": "None", "depreciationAndAmortization": "959208000", "incomeBeforeTax": "831208000", "incomeTaxExpense": "194687000", "interestAndDebtExpense": "None", "netIncomeFromContinuingOperations": "636521000", "comprehensiveIncomeNetOfTax": "None", "ebit": "1025038000", "ebitda": "1984246000", "netIncome": "636521000"}, {"fiscalDateEnding": "2019-09-30", "reportedCurrency": "USD", "grossProfit": "2757771000", "totalRevenue": "4187800000", "costOfRevenue": "1430029000", "costofGoodsAndServicesSold": "1430029000", "operatingIncome": "827959000", "sellingGeneralAndAdministrative": "135758000", "researchAndDevelopment": "None", "operatingExpenses": "1909916000", "investmentIncomeNet": "None", "netInterestIncome": "-39620000", "interestIncome": "39620000", "interestExpense": "39620000", "nonInterestIncome": "None", "otherNonOperatingIncome": "9118000", "depreciation": "None", "depreciationAndAmortization": "953597000", "incomeBeforeTax": "797457000", "incomeTaxExpense": "182335000", "interestAndDebtExpense": "None", "netIncomeFromContinuingOperations": "615122000", "comprehensiveIncomeNetOfTax": "None", "ebit": "828482000", "ebitda": "1782079000", "netIncome": "615122000"}, {"fiscalDateEnding": "2019-06-30", "reportedCurrency": "USD", "grossProfit": "3069290000", "totalRevenue": "4486518000", "costOfRevenue": "1417228000", "costofGoodsAndServicesSold": "1417228000", "operatingIncome": "1130771000", "sellingGeneralAndAdministrative": "121780000", "researchAndDevelopment": "None", "operatingExpenses": "2011698000", "investmentIncomeNet": "None", "netInterestIncome": "-49908000", "interestIncome": "49908000", "interestExpense": "49908000", "nonInterestIncome": "None", "otherNonOperatingIncome": "8503000", "depreciation": "None", "depreciationAndAmortization": "957304000", "incomeBeforeTax": "1089366000", "incomeTaxExpense": "241525000", "interestAndDebtExpense": "None", "netIncomeFromContinuingOperations": "847841000", "comprehensiveIncomeNetOfTax": "None", "ebit": "1139274000", "ebitda": "2096578000", "netIncome": "847841000"}, {"fiscalDateEnding": "2019-03-31", "reportedCurrency": "USD", "grossProfit": "2712486000", "totalRevenue": "4039667000", "costOfRevenue": "1327181000", "costofGoodsAndServicesSold": "1327181000", "operatingIncome": "876530000", "sellingGeneralAndAdministrative": "106672000", "researchAndDevelopment": "None", "operatingExpenses": "1739184000", "investmentIncomeNet": "None", "netInterestIncome": "-54906000", "interestIncome": "54906000", "interestExpense": "54906000", "nonInterestIncome": "None", "otherNonOperatingIncome": "5612000", "depreciation": "None", "depreciationAndAmortization": "879595000", "incomeBeforeTax": "827236000", "incomeTaxExpense": "191810000", "interestAndDebtExpense": "None", "netIncomeFromContinuingOperations": "635426000", "comprehensiveIncomeNetOfTax": "None", "ebit": "880366000", "ebitda": "1759961000", "netIncome": "635426000"}, {"fiscalDateEnding": "2018-12-31", "reportedCurrency": "USD", "grossProfit": "2990880000", "totalRevenue": "4369681000", "costOfRevenue": "1378801000", "costofGoodsAndServicesSold": "1378801000", "operatingIncome": "1123140000", "sellingGeneralAndAdministrative": "116904000", "researchAndDevelopment": "0", "operatingExpenses": "1893652000", "investmentIncomeNet": "None", "netInterestIncome": "None", "interestIncome": "None", "interestExpense": "56020000", "nonInterestIncome": "None", "otherNonOperatingIncome": "21220000", "depreciation": "None", "depreciationAndAmortization": "919963000", "incomeBeforeTax": "1088340000", "incomeTaxExpense": "195572000", "interestAndDebtExpense": "None", "netIncomeFromContinuingOperations": "892768000", "comprehensiveIncomeNetOfTax": "None", "ebit": "1190571000", "ebitda": "2110534000", "netIncome": "892768000"}, {"fiscalDateEnding": "2018-09-30", "reportedCurrency": "USD", "grossProfit": "3327876000", "totalRevenue": "4681687000", "costOfRevenue": "1353811000", "costofGoodsAndServicesSold": "1353811000", "operatingIncome": "1506687000", "sellingGeneralAndAdministrative": "111284000", "researchAndDevelopment": "0", "operatingExpenses": "1840435000", "investmentIncomeNet": "None", "netInterestIncome": "None", "interestIncome": "None", "interestExpense": "63632000", "nonInterestIncome": "None", "otherNonOperatingIncome": "3308000", "depreciation": "None", "depreciationAndAmortization": "918180000", "incomeBeforeTax": "1446363000", "incomeTaxExpense": "255411000", "interestAndDebtExpense": "None", "netIncomeFromContinuingOperations": "1190952000", "comprehensiveIncomeNetOfTax": "None", "ebit": "1509995000", "ebitda": "2428175000", "netIncome": "1190952000"}, {"fiscalDateEnding": "2018-06-30", "reportedCurrency": "USD", "grossProfit": "3128716000", "totalRevenue": "4401163000", "costOfRevenue": "1272447000", "costofGoodsAndServicesSold": "1272447000", "operatingIncome": "964931000", "sellingGeneralAndAdministrative": "104083000", "researchAndDevelopment": "0", "operatingExpenses": "1919877000", "investmentIncomeNet": "None", "netInterestIncome": "None", "interestIncome": "None", "interestExpense": "63444000", "nonInterestIncome": "None", "otherNonOperatingIncome": "-8551000", "depreciation": "None", "depreciationAndAmortization": "848674000", "incomeBeforeTax": "892936000", "incomeTaxExpense": "196205000", "interestAndDebtExpense": "None", "netIncomeFromContinuingOperations": "696731000", "comprehensiveIncomeNetOfTax": "None", "ebit": "956380000", "ebitda": "1805054000", "netIncome": "696731000"}, {"fiscalDateEnding": "2018-03-31", "reportedCurrency": "USD", "grossProfit": "2574311000", "totalRevenue": "3724311000", "costOfRevenue": "1150000000", "costofGoodsAndServicesSold": "1150000000", "operatingIncome": "874588000", "sellingGeneralAndAdministrative": "94698000", "researchAndDevelopment": "0", "operatingExpenses": "1560374000", "investmentIncomeNet": "None", "netInterestIncome": "None", "interestIncome": "None", "interestExpense": "61956000", "nonInterestIncome": "None", "otherNonOperatingIncome": "727000", "depreciation": "None", "depreciationAndAmortization": "748591000", "incomeBeforeTax": "813359000", "incomeTaxExpense": "174770000", "interestAndDebtExpense": "None", "netIncomeFromContinuingOperations": "638589000", "comprehensiveIncomeNetOfTax": "None", "ebit": "875315000", "ebitda": "1623906000", "netIncome": "638589000"}, {"fiscalDateEnding": "2017-12-31", "reportedCurrency": "USD", "grossProfit": "2226969000", "totalRevenue": "3433950000", "costOfRevenue": "1206981000", "costofGoodsAndServicesSold": "1206981000", "operatingIncome": "475912000", "sellingGeneralAndAdministrative": "117005000", "researchAndDevelopment": "0", "operatingExpenses": "1487363000", "investmentIncomeNet": "None", "netInterestIncome": "None", "interestIncome": "None", "interestExpense": "63362000", "nonInterestIncome": "None", "otherNonOperatingIncome": "766000", "depreciation": "None", "depreciationAndAmortization": "881745000", "incomeBeforeTax": "413353000", "incomeTaxExpense": "-2017115000", "interestAndDebtExpense": "None", "netIncomeFromContinuingOperations": "2430468000", "comprehensiveIncomeNetOfTax": "None", "ebit": "531449000", "ebitda": "1413194000", "netIncome": "2430468000"}, {"fiscalDateEnding": "2017-09-30", "reportedCurrency": "USD", "grossProfit": "1505463000", "totalRevenue": "2636218000", "costOfRevenue": "1130755000", "costofGoodsAndServicesSold": "1130755000", "operatingIncome": "214836000", "sellingGeneralAndAdministrative": "111717000", "researchAndDevelopment": "0", "operatingExpenses": "1222142000", "investmentIncomeNet": "None", "netInterestIncome": "None", "interestIncome": "None", "interestExpense": "69082000", "nonInterestIncome": "None", "otherNonOperatingIncome": "226000", "depreciation": "None", "depreciationAndAmortization": "846222000", "incomeBeforeTax": "145980000", "incomeTaxExpense": "45439000", "interestAndDebtExpense": "None", "netIncomeFromContinuingOperations": "100541000", "comprehensiveIncomeNetOfTax": "None", "ebit": "215062000", "ebitda": "1061284000", "netIncome": "100541000"}, {"fiscalDateEnding": "2017-06-30", "reportedCurrency": "USD", "grossProfit": "1439850000", "totalRevenue": "2595166000", "costOfRevenue": "1155316000", "costofGoodsAndServicesSold": "1155316000", "operatingIncome": "127908000", "sellingGeneralAndAdministrative": "108507000", "researchAndDevelopment": "0", "operatingExpenses": "1233538000", "investmentIncomeNet": "None", "netInterestIncome": "None", "interestIncome": "None", "interestExpense": "70413000", "nonInterestIncome": "None", "otherNonOperatingIncome": "4972000", "depreciation": "None", "depreciationAndAmortization": "865384000", "incomeBeforeTax": "62467000", "incomeTaxExpense": "39414000", "interestAndDebtExpense": "None", "netIncomeFromContinuingOperations": "23053000", "comprehensiveIncomeNetOfTax": "None", "ebit": "132880000", "ebitda": "998264000", "netIncome": "23053000"}, {"fiscalDateEnding": "2017-03-31", "reportedCurrency": "USD", "grossProfit": "1430687000", "totalRevenue": "2540644000", "costOfRevenue": "1109957000", "costofGoodsAndServicesSold": "1109957000", "operatingIncome": "107746000", "sellingGeneralAndAdministrative": "97238000", "researchAndDevelopment": "56894000", "operatingExpenses": "1175016000", "investmentIncomeNet": "None", "netInterestIncome": "None", "interestIncome": "None", "interestExpense": "71515000", "nonInterestIncome": "None", "otherNonOperatingIncome": "3188000", "depreciation": "None", "depreciationAndAmortization": "816036000", "incomeBeforeTax": "39382000", "incomeTaxExpense": "10865000", "interestAndDebtExpense": "None", "netIncomeFromContinuingOperations": "28517000", "comprehensiveIncomeNetOfTax": "None", "ebit": "110897000", "ebitda": "926933000", "netIncome": "28517000"}, {"fiscalDateEnding": "2016-12-31", "reportedCurrency": "USD", "grossProfit": "1197153000", "totalRevenue": "2334039000", "costOfRevenue": "1136886000", "costofGoodsAndServicesSold": "1136886000", "operatingIncome": "-105487000", "sellingGeneralAndAdministrative": "102182000", "researchAndDevelopment": "0", "operatingExpenses": "1042941000", "investmentIncomeNet": "None", "netInterestIncome": "None", "interestIncome": "None", "interestExpense": "71325000", "nonInterestIncome": "None", "otherNonOperatingIncome": "-17266000", "depreciation": "None", "depreciationAndAmortization": "862524000", "incomeBeforeTax": "-194010000", "incomeTaxExpense": "-51658000", "interestAndDebtExpense": "None", "netIncomeFromContinuingOperations": "-142352000", "comprehensiveIncomeNetOfTax": "None", "ebit": "-46813000", "ebitda": "815711000", "netIncome": "-142352000"}, {"fiscalDateEnding": "2016-09-30", "reportedCurrency": "USD", "grossProfit": "829411000", "totalRevenue": "1987905000", "costOfRevenue": "1158494000", "costofGoodsAndServicesSold": "1158494000", "operatingIncome": "-193480000", "sellingGeneralAndAdministrative": "94397000", "researchAndDevelopment": "0", "operatingExpenses": "958222000", "investmentIncomeNet": "None", "netInterestIncome": "None", "interestIncome": "None", "interestExpense": "70858000", "nonInterestIncome": "None", "otherNonOperatingIncome": "-7889000", "depreciation": "None", "depreciationAndAmortization": "899511000", "incomeBeforeTax": "-272250000", "incomeTaxExpense": "-82250000", "interestAndDebtExpense": "None", "netIncomeFromContinuingOperations": "-190000000", "comprehensiveIncomeNetOfTax": "None", "ebit": "-201392000", "ebitda": "698119000", "netIncome": "-190000000"}, {"fiscalDateEnding": "2016-06-30", "reportedCurrency": "USD", "grossProfit": "702462000", "totalRevenue": "1812572000", "costOfRevenue": "1110110000", "costofGoodsAndServicesSold": "1110110000", "operatingIncome": "-288173000", "sellingGeneralAndAdministrative": "97705000", "researchAndDevelopment": "0", "operatingExpenses": "857998000", "investmentIncomeNet": "None", "netInterestIncome": "None", "interestIncome": "None", "interestExpense": "71108000", "nonInterestIncome": "None", "otherNonOperatingIncome": "-20973000", "depreciation": "None", "depreciationAndAmortization": "862491000", "incomeBeforeTax": "-380277000", "incomeTaxExpense": "-87719000", "interestAndDebtExpense": "None", "netIncomeFromContinuingOperations": "-292558000", "comprehensiveIncomeNetOfTax": "None", "ebit": "-179909000", "ebitda": "682582000", "netIncome": "-292558000"}, {"fiscalDateEnding": "2016-03-31", "reportedCurrency": "USD", "grossProfit": "130206000", "totalRevenue": "1328486000", "costOfRevenue": "1198280000", "costofGoodsAndServicesSold": "1198280000", "operatingIncome": "-638141000", "sellingGeneralAndAdministrative": "100531000", "researchAndDevelopment": "0", "operatingExpenses": "711312000", "investmentIncomeNet": "None", "netInterestIncome": "None", "interestIncome": "None", "interestExpense": "68390000", "nonInterestIncome": "None", "otherNonOperatingIncome": "-4415000", "depreciation": "None", "depreciationAndAmortization": "928891000", "incomeBeforeTax": "-710968000", "incomeTaxExpense": "-239192000", "interestAndDebtExpense": "None", "netIncomeFromContinuingOperations": "-471776000", "comprehensiveIncomeNetOfTax": "None", "ebit": "-642578000", "ebitda": "286313000", "netIncome": "-471776000"}, {"fiscalDateEnding": "2015-12-31", "reportedCurrency": "USD", "grossProfit": "729638000", "totalRevenue": "1786664000", "costOfRevenue": "1057026000", "costofGoodsAndServicesSold": "1057026000", "operatingIncome": "-329753000", "sellingGeneralAndAdministrative": "109014000", "researchAndDevelopment": "0", "operatingExpenses": "892534000", "investmentIncomeNet": "None", "netInterestIncome": "None", "interestIncome": "None", "interestExpense": "62993000", "nonInterestIncome": "None", "otherNonOperatingIncome": "-5924000", "depreciation": "None", "depreciationAndAmortization": "769457000", "incomeBeforeTax": "-398826000", "incomeTaxExpense": "-114530000", "interestAndDebtExpense": "None", "netIncomeFromContinuingOperations": "-284296000", "comprehensiveIncomeNetOfTax": "None", "ebit": "-335833000", "ebitda": "433624000", "netIncome": "-284296000"}, {"fiscalDateEnding": "2015-09-30", "reportedCurrency": "USD", "grossProfit": "1089473000", "totalRevenue": "2130363000", "costOfRevenue": "1040890000", "costofGoodsAndServicesSold": "1040890000", "operatingIncome": "-6222957000", "sellingGeneralAndAdministrative": "90959000", "researchAndDevelopment": "0", "operatingExpenses": "1033064000", "investmentIncomeNet": "None", "netInterestIncome": "None", "interestIncome": "None", "interestExpense": "60571000", "nonInterestIncome": "None", "otherNonOperatingIncome": "8635000", "depreciation": "None", "depreciationAndAmortization": "722172000", "incomeBeforeTax": "-6274921000", "incomeTaxExpense": "-2199182000", "interestAndDebtExpense": "None", "netIncomeFromContinuingOperations": "-4075739000", "comprehensiveIncomeNetOfTax": "None", "ebit": "-6214350000", "ebitda": "-5492178000", "netIncome": "-4075739000"}, {"fiscalDateEnding": "2015-06-30", "reportedCurrency": "USD", "grossProfit": "1275192000", "totalRevenue": "2509080000", "costOfRevenue": "1233888000", "costofGoodsAndServicesSold": "1233888000", "operatingIncome": "39626000", "sellingGeneralAndAdministrative": "82324000", "researchAndDevelopment": "0", "operatingExpenses": "1112990000", "investmentIncomeNet": "None", "netInterestIncome": "None", "interestIncome": "None", "interestExpense": "60484000", "nonInterestIncome": "None", "otherNonOperatingIncome": "9407000", "depreciation": "None", "depreciationAndAmortization": "909227000", "incomeBeforeTax": "-11478000", "incomeTaxExpense": "-16746000", "interestAndDebtExpense": "None", "netIncomeFromContinuingOperations": "5268000", "comprehensiveIncomeNetOfTax": "None", "ebit": "49006000", "ebitda": "958233000", "netIncome": "5268000"}, {"fiscalDateEnding": "2015-03-31", "reportedCurrency": "USD", "grossProfit": "920008000", "totalRevenue": "2230286000", "costOfRevenue": "1310278000", "costofGoodsAndServicesSold": "1310278000", "operatingIncome": "-172995000", "sellingGeneralAndAdministrative": "84297000", "researchAndDevelopment": "0", "operatingExpenses": "1101382000", "investmentIncomeNet": "None", "netInterestIncome": "None", "interestIncome": "None", "interestExpense": "53345000", "nonInterestIncome": "None", "otherNonOperatingIncome": "-10202000", "depreciation": "None", "depreciationAndAmortization": "912788000", "incomeBeforeTax": "-236331000", "incomeTaxExpense": "-66583000", "interestAndDebtExpense": "None", "netIncomeFromContinuingOperations": "-169748000", "comprehensiveIncomeNetOfTax": "None", "ebit": "-182986000", "ebitda": "729802000", "netIncome": "-169748000"}, {"fiscalDateEnding": "2014-12-31", "reportedCurrency": "USD", "grossProfit": "2016992000", "totalRevenue": "3449488000", "costOfRevenue": "1432496000", "costofGoodsAndServicesSold": "1432496000", "operatingIncome": "1226652000", "sellingGeneralAndAdministrative": "131285000", "researchAndDevelopment": "0", "operatingExpenses": "1436747000", "investmentIncomeNet": "None", "netInterestIncome": "None", "interestIncome": "None", "interestExpense": "49735000", "nonInterestIncome": "None", "otherNonOperatingIncome": "-27777000", "depreciation": "None", "depreciationAndAmortization": "1013930000", "incomeBeforeTax": "1148593000", "incomeTaxExpense": "704005000", "interestAndDebtExpense": "None", "netIncomeFromContinuingOperations": "444588000", "comprehensiveIncomeNetOfTax": "None", "ebit": "1198328000", "ebitda": "2212258000", "netIncome": "444588000"}, {"fiscalDateEnding": "2014-09-30", "reportedCurrency": "USD", "grossProfit": "3120491000", "totalRevenue": "4570470000", "costOfRevenue": "1449979000", "costofGoodsAndServicesSold": "1449979000", "operatingIncome": "1786162000", "sellingGeneralAndAdministrative": "96931000", "researchAndDevelopment": "0", "operatingExpenses": "1808258000", "investmentIncomeNet": "None", "netInterestIncome": "None", "interestIncome": "None", "interestExpense": "49704000", "nonInterestIncome": "None", "otherNonOperatingIncome": "-21315000", "depreciation": "None", "depreciationAndAmortization": "1040018000", "incomeBeforeTax": "1715120000", "incomeTaxExpense": "611502000", "interestAndDebtExpense": "None", "netIncomeFromContinuingOperations": "1103618000", "comprehensiveIncomeNetOfTax": "None", "ebit": "1764824000", "ebitda": "2804842000", "netIncome": "1103618000"}, {"fiscalDateEnding": "2014-06-30", "reportedCurrency": "USD", "grossProfit": "3028304000", "totalRevenue": "4403834000", "costOfRevenue": "1375530000", "costofGoodsAndServicesSold": "1375530000", "operatingIncome": "1144730000", "sellingGeneralAndAdministrative": "90932000", "researchAndDevelopment": "0", "operatingExpenses": "1619125000", "investmentIncomeNet": "None", "netInterestIncome": "None", "interestIncome": "None", "interestExpense": "51867000", "nonInterestIncome": "None", "otherNonOperatingIncome": "7357000", "depreciation": "None", "depreciationAndAmortization": "996602000", "incomeBeforeTax": "1100813000", "incomeTaxExpense": "394460000", "interestAndDebtExpense": "None", "netIncomeFromContinuingOperations": "706353000", "comprehensiveIncomeNetOfTax": "None", "ebit": "1152680000", "ebitda": "2149282000", "netIncome": "706353000"}, {"fiscalDateEnding": "2014-03-31", "reportedCurrency": "USD", "grossProfit": "2914192000", "totalRevenue": "4215441000", "costOfRevenue": "1301249000", "costofGoodsAndServicesSold": "1301249000", "operatingIncome": "1084279000", "sellingGeneralAndAdministrative": "82862000", "researchAndDevelopment": "0", "operatingExpenses": "1572314000", "investmentIncomeNet": "None", "netInterestIncome": "None", "interestIncome": "None", "interestExpense": "50152000", "nonInterestIncome": "None", "otherNonOperatingIncome": "-3315000", "depreciation": "None", "depreciationAndAmortization": "946491000", "incomeBeforeTax": "1030789000", "incomeTaxExpense": "369861000", "interestAndDebtExpense": "None", "netIncomeFromContinuingOperations": "660928000", "comprehensiveIncomeNetOfTax": "None", "ebit": "1080941000", "ebitda": "2027432000", "netIncome": "660928000"}, {"fiscalDateEnding": "2013-12-31", "reportedCurrency": "USD", "grossProfit": "2455445000", "totalRevenue": "3685972000", "costOfRevenue": "1230527000", "costofGoodsAndServicesSold": "1230527000", "operatingIncome": "980324000", "sellingGeneralAndAdministrative": "91066000", "researchAndDevelopment": "0", "operatingExpenses": "1418112000", "investmentIncomeNet": "None", "netInterestIncome": "None", "interestIncome": "None", "interestExpense": "52510000", "nonInterestIncome": "None", "otherNonOperatingIncome": "-8814000", "depreciation": "None", "depreciationAndAmortization": "915257000", "incomeBeforeTax": "919082000", "incomeTaxExpense": "338888000", "interestAndDebtExpense": "None", "netIncomeFromContinuingOperations": "580139000", "comprehensiveIncomeNetOfTax": "None", "ebit": "971592000", "ebitda": "1886849000", "netIncome": "580194000"}, {"fiscalDateEnding": "2013-09-30", "reportedCurrency": "USD", "grossProfit": "2555664000", "totalRevenue": "3814754000", "costOfRevenue": "1259090000", "costofGoodsAndServicesSold": "1259090000", "operatingIncome": "769769000", "sellingGeneralAndAdministrative": "98654000", "researchAndDevelopment": "0", "operatingExpenses": "1414774000", "investmentIncomeNet": "None", "netInterestIncome": "None", "interestIncome": "None", "interestExpense": "59382000", "nonInterestIncome": "None", "otherNonOperatingIncome": "11195000", "depreciation": "None", "depreciationAndAmortization": "928800000", "incomeBeforeTax": "721555000", "incomeTaxExpense": "259057000", "interestAndDebtExpense": "None", "netIncomeFromContinuingOperations": "462498000", "comprehensiveIncomeNetOfTax": "None", "ebit": "780937000", "ebitda": "1709737000", "netIncome": "462498000"}, {"fiscalDateEnding": "2013-06-30", "reportedCurrency": "USD", "grossProfit": "2408155000", "totalRevenue": "3613471000", "costOfRevenue": "1205316000", "costofGoodsAndServicesSold": "1205316000", "operatingIncome": "1092044000", "sellingGeneralAndAdministrative": "80607000", "researchAndDevelopment": "0", "operatingExpenses": "1482787000", "investmentIncomeNet": "None", "netInterestIncome": "None", "interestIncome": "None", "interestExpense": "61647000", "nonInterestIncome": "None", "otherNonOperatingIncome": "4860000", "depreciation": "None", "depreciationAndAmortization": "910531000", "incomeBeforeTax": "1035230000", "incomeTaxExpense": "375538000", "interestAndDebtExpense": "None", "netIncomeFromContinuingOperations": "659719000", "comprehensiveIncomeNetOfTax": "None", "ebit": "1096877000", "ebitda": "2007408000", "netIncome": "659692000"}, {"fiscalDateEnding": "2013-03-31", "reportedCurrency": "USD", "grossProfit": "2165306000", "totalRevenue": "3285198000", "costOfRevenue": "1119892000", "costofGoodsAndServicesSold": "1119892000", "operatingIncome": "833074000", "sellingGeneralAndAdministrative": "77985000", "researchAndDevelopment": "0", "operatingExpenses": "1337961000", "investmentIncomeNet": "None", "netInterestIncome": "None", "interestIncome": "None", "interestExpense": "61921000", "nonInterestIncome": "None", "otherNonOperatingIncome": "-10106000", "depreciation": "None", "depreciationAndAmortization": "846388000", "incomeBeforeTax": "761019000", "incomeTaxExpense": "266294000", "interestAndDebtExpense": "None", "netIncomeFromContinuingOperations": "494753000", "comprehensiveIncomeNetOfTax": "None", "ebit": "822940000", "ebitda": "1669328000", "netIncome": "494725000"}, {"fiscalDateEnding": "2012-12-31", "reportedCurrency": "USD", "grossProfit": "1944675000", "totalRevenue": "2990910000", "costOfRevenue": "1046235000", "costofGoodsAndServicesSold": "1046235000", "operatingIncome": "-378061000", "sellingGeneralAndAdministrative": "86679000", "researchAndDevelopment": "0", "operatingExpenses": "1313182000", "investmentIncomeNet": "None", "netInterestIncome": "None", "interestIncome": "None", "interestExpense": "59354000", "nonInterestIncome": "None", "otherNonOperatingIncome": "-8407000", "depreciation": "None", "depreciationAndAmortization": "786344000", "incomeBeforeTax": "-445822000", "incomeTaxExpense": "59177000", "interestAndDebtExpense": "None", "netIncomeFromContinuingOperations": "-504999000", "comprehensiveIncomeNetOfTax": "None", "ebit": "-286477000", "ebitda": "499867000", "netIncome": "-504999000"}, {"fiscalDateEnding": "2012-09-30", "reportedCurrency": "USD", "grossProfit": "2504178000", "totalRevenue": "2950184000", "costOfRevenue": "446006000", "costofGoodsAndServicesSold": "446006000", "operatingIncome": "605747000", "sellingGeneralAndAdministrative": "92870000", "researchAndDevelopment": "0", "operatingExpenses": "1840227000", "investmentIncomeNet": "None", "netInterestIncome": "None", "interestIncome": "None", "interestExpense": "613343000", "nonInterestIncome": "None", "otherNonOperatingIncome": "7596000", "depreciation": "None", "depreciationAndAmortization": "825851000", "incomeBeforeTax": "560189000", "incomeTaxExpense": "204698000", "interestAndDebtExpense": "None", "netIncomeFromContinuingOperations": "355491000", "comprehensiveIncomeNetOfTax": "None", "ebit": "613343000", "ebitda": "1439194000", "netIncome": "355491000"}, {"fiscalDateEnding": "2012-06-30", "reportedCurrency": "USD", "grossProfit": "2303052000", "totalRevenue": "2720870000", "costOfRevenue": "417818000", "costofGoodsAndServicesSold": "417818000", "operatingIncome": "692339000", "sellingGeneralAndAdministrative": "75727000", "researchAndDevelopment": "0", "operatingExpenses": "1744945000", "investmentIncomeNet": "None", "netInterestIncome": "None", "interestIncome": "None", "interestExpense": "697014000", "nonInterestIncome": "None", "otherNonOperatingIncome": "4675000", "depreciation": "None", "depreciationAndAmortization": "808765000", "incomeBeforeTax": "646239000", "incomeTaxExpense": "250461000", "interestAndDebtExpense": "None", "netIncomeFromContinuingOperations": "395778000", "comprehensiveIncomeNetOfTax": "None", "ebit": "697014000", "ebitda": "1505779000", "netIncome": "395778000"}, {"fiscalDateEnding": "2012-03-31", "reportedCurrency": "USD", "grossProfit": "2344915000", "totalRevenue": "2806651000", "costOfRevenue": "461736000", "costofGoodsAndServicesSold": "461736000", "operatingIncome": "559772000", "sellingGeneralAndAdministrative": "76269000", "researchAndDevelopment": "0", "operatingExpenses": "1651996000", "investmentIncomeNet": "None", "netInterestIncome": "None", "interestIncome": "None", "interestExpense": "50269000", "nonInterestIncome": "None", "otherNonOperatingIncome": "10631000", "depreciation": "None", "depreciationAndAmortization": "748743000", "incomeBeforeTax": "520134000", "incomeTaxExpense": "196125000", "interestAndDebtExpense": "None", "netIncomeFromContinuingOperations": "324009000", "comprehensiveIncomeNetOfTax": "None", "ebit": "570403000", "ebitda": "1319146000", "netIncome": "324009000"}, {"fiscalDateEnding": "2011-12-31", "reportedCurrency": "USD", "grossProfit": "2327401000", "totalRevenue": "2773015000", "costOfRevenue": "445614000", "costofGoodsAndServicesSold": "445614000", "operatingIncome": "302575000", "sellingGeneralAndAdministrative": "85108000", "researchAndDevelopment": "31042000", "operatingExpenses": "1525202000", "investmentIncomeNet": "None", "netInterestIncome": "None", "interestIncome": "None", "interestExpense": "56591000", "nonInterestIncome": "None", "otherNonOperatingIncome": "-4352000", "depreciation": "None", "depreciationAndAmortization": "693527000", "incomeBeforeTax": "241632000", "incomeTaxExpense": "120934000", "interestAndDebtExpense": "None", "netIncomeFromContinuingOperations": "120698000", "comprehensiveIncomeNetOfTax": "None", "ebit": "298223000", "ebitda": "991750000", "netIncome": "120698000"}, {"fiscalDateEnding": "2011-09-30", "reportedCurrency": "USD", "grossProfit": "2438535000", "totalRevenue": "2885744000", "costOfRevenue": "447209000", "costofGoodsAndServicesSold": "447209000", "operatingIncome": "950030000", "sellingGeneralAndAdministrative": "82260000", "researchAndDevelopment": "0", "operatingExpenses": "1405074000", "investmentIncomeNet": "None", "netInterestIncome": "None", "interestIncome": "None", "interestExpense": "52186000", "nonInterestIncome": "None", "otherNonOperatingIncome": "1377000", "depreciation": "None", "depreciationAndAmortization": "651684000", "incomeBeforeTax": "899221000", "incomeTaxExpense": "358343000", "interestAndDebtExpense": "None", "netIncomeFromContinuingOperations": "540878000", "comprehensiveIncomeNetOfTax": "None", "ebit": "1033461000", "ebitda": "1685145000", "netIncome": "540878000"}, {"fiscalDateEnding": "2011-06-30", "reportedCurrency": "USD", "grossProfit": "2190960000", "totalRevenue": "2570250000", "costOfRevenue": "379290000", "costofGoodsAndServicesSold": "379290000", "operatingIncome": "588253000", "sellingGeneralAndAdministrative": "67406000", "researchAndDevelopment": "0", "operatingExpenses": "1244053000", "investmentIncomeNet": "None", "netInterestIncome": "None", "interestIncome": "None", "interestExpense": "51253000", "nonInterestIncome": "None", "otherNonOperatingIncome": "6224000", "depreciation": "None", "depreciationAndAmortization": "602944000", "incomeBeforeTax": "543224000", "incomeTaxExpense": "247650000", "interestAndDebtExpense": "None", "netIncomeFromContinuingOperations": "295574000", "comprehensiveIncomeNetOfTax": "None", "ebit": "757286000", "ebitda": "1360230000", "netIncome": "295574000"}, {"fiscalDateEnding": "2011-03-31", "reportedCurrency": "USD", "grossProfit": "1491328000", "totalRevenue": "1897106000", "costOfRevenue": "405778000", "costofGoodsAndServicesSold": "405778000", "operatingIncome": "272451000", "sellingGeneralAndAdministrative": "70037000", "researchAndDevelopment": "0", "operatingExpenses": "1129549000", "investmentIncomeNet": "None", "netInterestIncome": "None", "interestIncome": "None", "interestExpense": "50333000", "nonInterestIncome": "None", "otherNonOperatingIncome": "3604000", "depreciation": "None", "depreciationAndAmortization": "568226000", "incomeBeforeTax": "225722000", "incomeTaxExpense": "91749000", "interestAndDebtExpense": "None", "netIncomeFromContinuingOperations": "133973000", "comprehensiveIncomeNetOfTax": "None", "ebit": "276055000", "ebitda": "844281000", "netIncome": "133973000"}, {"fiscalDateEnding": "2010-12-31", "reportedCurrency": "USD", "grossProfit": "1413964000", "totalRevenue": "1789160000", "costOfRevenue": "375196000", "costofGoodsAndServicesSold": "375196000", "operatingIncome": "174611000", "sellingGeneralAndAdministrative": "74004000", "researchAndDevelopment": "0", "operatingExpenses": "999571000", "investmentIncomeNet": "None", "netInterestIncome": "None", "interestIncome": "None", "interestExpense": "41371000", "nonInterestIncome": "None", "otherNonOperatingIncome": "6333000", "depreciation": "None", "depreciationAndAmortization": "543789000", "incomeBeforeTax": "139573000", "incomeTaxExpense": "85900000", "interestAndDebtExpense": "None", "netIncomeFromContinuingOperations": "53673000", "comprehensiveIncomeNetOfTax": "None", "ebit": "180944000", "ebitda": "724733000", "netIncome": "53673000"}, {"fiscalDateEnding": "2010-09-30", "reportedCurrency": "USD", "grossProfit": "1229413000", "totalRevenue": "1582075000", "costOfRevenue": "352662000", "costofGoodsAndServicesSold": "352662000", "operatingIncome": "-11695000", "sellingGeneralAndAdministrative": "81310000", "researchAndDevelopment": "0", "operatingExpenses": "888200000", "investmentIncomeNet": "None", "netInterestIncome": "None", "interestIncome": "None", "interestExpense": "32890000", "nonInterestIncome": "None", "otherNonOperatingIncome": "5772000", "depreciation": "None", "depreciationAndAmortization": "500888000", "incomeBeforeTax": "-38813000", "incomeTaxExpense": "32093000", "interestAndDebtExpense": "None", "netIncomeFromContinuingOperations": "-70906000", "comprehensiveIncomeNetOfTax": "None", "ebit": "-5923000", "ebitda": "494965000", "netIncome": "-70906000"}, {"fiscalDateEnding": "2010-06-30", "reportedCurrency": "USD", "grossProfit": "1020220000", "totalRevenue": "1357968000", "costOfRevenue": "337748000", "costofGoodsAndServicesSold": "337748000", "operatingIncome": "140501000", "sellingGeneralAndAdministrative": "64737000", "researchAndDevelopment": "0", "operatingExpenses": "799357000", "investmentIncomeNet": "None", "netInterestIncome": "None", "interestIncome": "None", "interestExpense": "29897000", "nonInterestIncome": "None", "otherNonOperatingIncome": "-545000", "depreciation": "None", "depreciationAndAmortization": "465343000", "incomeBeforeTax": "110059000", "incomeTaxExpense": "50187000", "interestAndDebtExpense": "None", "netIncomeFromContinuingOperations": "59872000", "comprehensiveIncomeNetOfTax": "None", "ebit": "139956000", "ebitda": "605299000", "netIncome": "59872000"}, {"fiscalDateEnding": "2010-03-31", "reportedCurrency": "USD", "grossProfit": "1026055000", "totalRevenue": "1370693000", "costOfRevenue": "344638000", "costofGoodsAndServicesSold": "344638000", "operatingIncome": "219902000", "sellingGeneralAndAdministrative": "60423000", "researchAndDevelopment": "0", "operatingExpenses": "736558000", "investmentIncomeNet": "None", "netInterestIncome": "None", "interestIncome": "None", "interestExpense": "25428000", "nonInterestIncome": "None", "otherNonOperatingIncome": "2683000", "depreciation": "None", "depreciationAndAmortization": "431906000", "incomeBeforeTax": "197157000", "incomeTaxExpense": "79142000", "interestAndDebtExpense": "None", "netIncomeFromContinuingOperations": "118015000", "comprehensiveIncomeNetOfTax": "None", "ebit": "222585000", "ebitda": "654491000", "netIncome": "118015000"}, {"fiscalDateEnding": "2009-12-31", "reportedCurrency": "USD", "grossProfit": "1460953000", "totalRevenue": "1760862000", "costOfRevenue": "299909000", "costofGoodsAndServicesSold": "299909000", "operatingIncome": "654108000", "sellingGeneralAndAdministrative": "68793000", "researchAndDevelopment": "0", "operatingExpenses": "682934000", "investmentIncomeNet": "None", "netInterestIncome": "None", "interestIncome": "None", "interestExpense": "27307000", "nonInterestIncome": "None", "otherNonOperatingIncome": "None", "depreciation": "None", "depreciationAndAmortization": "398937000", "incomeBeforeTax": "626235000", "incomeTaxExpense": "225808000", "interestAndDebtExpense": "None", "netIncomeFromContinuingOperations": "0", "comprehensiveIncomeNetOfTax": "None", "ebit": "653542000", "ebitda": "1052479000", "netIncome": "400427000"}, {"fiscalDateEnding": "2009-09-30", "reportedCurrency": "USD", "grossProfit": "732451000", "totalRevenue": "1006849000", "costOfRevenue": "274398000", "costofGoodsAndServicesSold": "274398000", "operatingIncome": "35303000", "sellingGeneralAndAdministrative": "62775000", "researchAndDevelopment": "0", "operatingExpenses": "627744000", "investmentIncomeNet": "None", "netInterestIncome": "None", "interestIncome": "None", "interestExpense": "30407000", "nonInterestIncome": "None", "otherNonOperatingIncome": "-339000", "depreciation": "None", "depreciationAndAmortization": "385330000", "incomeBeforeTax": "4557000", "incomeTaxExpense": "361000", "interestAndDebtExpense": "None", "netIncomeFromContinuingOperations": "4196000", "comprehensiveIncomeNetOfTax": "None", "ebit": "34964000", "ebitda": "420294000", "netIncome": "4196000"}, {"fiscalDateEnding": "2009-06-30", "reportedCurrency": "USD", "grossProfit": "578958000", "totalRevenue": "861039000", "costOfRevenue": "282081000", "costofGoodsAndServicesSold": "282081000", "operatingIncome": "18000", "sellingGeneralAndAdministrative": "58760000", "researchAndDevelopment": "0", "operatingExpenses": "531894000", "investmentIncomeNet": "None", "netInterestIncome": "None", "interestIncome": "None", "interestExpense": "24811000", "nonInterestIncome": "None", "otherNonOperatingIncome": "1237000", "depreciation": "None", "depreciationAndAmortization": "375592000", "incomeBeforeTax": "-23556000", "incomeTaxExpense": "-6850000", "interestAndDebtExpense": "None", "netIncomeFromContinuingOperations": "-16706000", "comprehensiveIncomeNetOfTax": "None", "ebit": "1255000", "ebitda": "376847000", "netIncome": "-16706000"}, {"fiscalDateEnding": "2009-03-31", "reportedCurrency": "USD", "grossProfit": "841558000", "totalRevenue": "1158209000", "costOfRevenue": "316651000", "costofGoodsAndServicesSold": "316651000", "operatingIncome": "281412000", "sellingGeneralAndAdministrative": "57946000", "researchAndDevelopment": "0", "operatingExpenses": "494675000", "investmentIncomeNet": "None", "netInterestIncome": "None", "interestIncome": "None", "interestExpense": "18376000", "nonInterestIncome": "None", "otherNonOperatingIncome": "None", "depreciation": "None", "depreciationAndAmortization": "389329000", "incomeBeforeTax": "264775000", "incomeTaxExpense": "106065000", "interestAndDebtExpense": "None", "netIncomeFromContinuingOperations": "0", "comprehensiveIncomeNetOfTax": "None", "ebit": "283151000", "ebitda": "672480000", "netIncome": "158710000"}, {"fiscalDateEnding": "2008-12-31", "reportedCurrency": "USD", "grossProfit": "557137000", "totalRevenue": "1033514000", "costOfRevenue": "476377000", "costofGoodsAndServicesSold": "476377000", "operatingIncome": "751179000", "sellingGeneralAndAdministrative": "58249000", "researchAndDevelopment": "0", "operatingExpenses": "-273310000", "investmentIncomeNet": "None", "netInterestIncome": "None", "interestIncome": "None", "interestExpense": "12095000", "nonInterestIncome": "None", "otherNonOperatingIncome": "None", "depreciation": "None", "depreciationAndAmortization": "368135000", "incomeBeforeTax": "735092000", "incomeTaxExpense": "273620000", "interestAndDebtExpense": "None", "netIncomeFromContinuingOperations": "0", "comprehensiveIncomeNetOfTax": "None", "ebit": "830447000", "ebitda": "1198582000", "netIncome": "461472000"}, {"fiscalDateEnding": "2008-09-30", "reportedCurrency": "USD", "grossProfit": "2939236000", "totalRevenue": "3219506000", "costOfRevenue": "280270000", "costofGoodsAndServicesSold": "280270000", "operatingIncome": "2392183000", "sellingGeneralAndAdministrative": "70893000", "researchAndDevelopment": "0", "operatingExpenses": "514911000", "investmentIncomeNet": "None", "netInterestIncome": "None", "interestIncome": "None", "interestExpense": "12095000", "nonInterestIncome": "None", "otherNonOperatingIncome": "None", "depreciation": "None", "depreciationAndAmortization": "346247000", "incomeBeforeTax": "2393952000", "incomeTaxExpense": "837667000", "interestAndDebtExpense": "None", "netIncomeFromContinuingOperations": "0", "comprehensiveIncomeNetOfTax": "None", "ebit": "2406047000", "ebitda": "2752294000", "netIncome": "1556285000"}, {"fiscalDateEnding": "2008-06-30", "reportedCurrency": "USD", "grossProfit": "1597081000", "totalRevenue": "1865350000", "costOfRevenue": "268269000", "costofGoodsAndServicesSold": "268269000", "operatingIncome": "243103000", "sellingGeneralAndAdministrative": "61640000", "researchAndDevelopment": "0", "operatingExpenses": "1305103000", "investmentIncomeNet": "None", "netInterestIncome": "None", "interestIncome": "None", "interestExpense": "256412000", "nonInterestIncome": "None", "otherNonOperatingIncome": "None", "depreciation": "None", "depreciationAndAmortization": "315294000", "incomeBeforeTax": "256412000", "incomeTaxExpense": "69177000", "interestAndDebtExpense": "None", "netIncomeFromContinuingOperations": "0", "comprehensiveIncomeNetOfTax": "None", "ebit": "256412000", "ebitda": "571706000", "netIncome": "178206000"}, {"fiscalDateEnding": "2008-03-31", "reportedCurrency": "USD", "grossProfit": "1320013000", "totalRevenue": "1570817000", "costOfRevenue": "250804000", "costofGoodsAndServicesSold": "250804000", "operatingIncome": "380720000", "sellingGeneralAndAdministrative": "52926000", "researchAndDevelopment": "0", "operatingExpenses": "906719000", "investmentIncomeNet": "None", "netInterestIncome": "None", "interestIncome": "None", "interestExpense": "382303000", "nonInterestIncome": "None", "otherNonOperatingIncome": "None", "depreciation": "None", "depreciationAndAmortization": "297199000", "incomeBeforeTax": "370112000", "incomeTaxExpense": "129156000", "interestAndDebtExpense": "None", "netIncomeFromContinuingOperations": "0", "comprehensiveIncomeNetOfTax": "None", "ebit": "382303000", "ebitda": "679502000", "netIncome": "240513000"}, {"fiscalDateEnding": "2007-12-31", "reportedCurrency": "USD", "grossProfit": "912491000", "totalRevenue": "1176273000", "costOfRevenue": "263782000", "costofGoodsAndServicesSold": "263782000", "operatingIncome": "519817000", "sellingGeneralAndAdministrative": "66047000", "researchAndDevelopment": "0", "operatingExpenses": "332017000", "investmentIncomeNet": "None", "netInterestIncome": "None", "interestIncome": "None", "interestExpense": "10818000", "nonInterestIncome": "None", "otherNonOperatingIncome": "None", "depreciation": "None", "depreciationAndAmortization": "282234000", "incomeBeforeTax": "511080000", "incomeTaxExpense": "149885000", "interestAndDebtExpense": "None", "netIncomeFromContinuingOperations": "0", "comprehensiveIncomeNetOfTax": "None", "ebit": "580474000", "ebitda": "862708000", "netIncome": "358034000"}, {"fiscalDateEnding": "2007-09-30", "reportedCurrency": "USD", "grossProfit": "693375000", "totalRevenue": "942565000", "costOfRevenue": "249190000", "costofGoodsAndServicesSold": "249190000", "operatingIncome": "324858000", "sellingGeneralAndAdministrative": "48101000", "researchAndDevelopment": "0", "operatingExpenses": "326503000", "investmentIncomeNet": "None", "netInterestIncome": "None", "interestIncome": "None", "interestExpense": "331169000", "nonInterestIncome": "None", "otherNonOperatingIncome": "None", "depreciation": "None", "depreciationAndAmortization": "279189000", "incomeBeforeTax": "318598000", "incomeTaxExpense": "114595000", "interestAndDebtExpense": "None", "netIncomeFromContinuingOperations": "0", "comprehensiveIncomeNetOfTax": "None", "ebit": "366872000", "ebitda": "646061000", "netIncome": "202366000"}, {"fiscalDateEnding": "2007-06-30", "reportedCurrency": "USD", "grossProfit": "791341000", "totalRevenue": "1009152000", "costOfRevenue": "217811000", "costofGoodsAndServicesSold": "217811000", "operatingIncome": "447618000", "sellingGeneralAndAdministrative": "47183000", "researchAndDevelopment": "0", "operatingExpenses": "322919000", "investmentIncomeNet": "None", "netInterestIncome": "None", "interestIncome": "None", "interestExpense": "10818000", "nonInterestIncome": "None", "otherNonOperatingIncome": "None", "depreciation": "None", "depreciationAndAmortization": "259780000", "incomeBeforeTax": "465869000", "incomeTaxExpense": "158816000", "interestAndDebtExpense": "None", "netIncomeFromContinuingOperations": "0", "comprehensiveIncomeNetOfTax": "None", "ebit": "434870000", "ebitda": "694650000", "netIncome": "306063000"}, {"fiscalDateEnding": "2007-03-31", "reportedCurrency": "USD", "grossProfit": "725239000", "totalRevenue": "910506000", "costOfRevenue": "185267000", "costofGoodsAndServicesSold": "185267000", "operatingIncome": "337035000", "sellingGeneralAndAdministrative": "43879000", "researchAndDevelopment": "0", "operatingExpenses": "364162000", "investmentIncomeNet": "None", "netInterestIncome": "None", "interestIncome": "None", "interestExpense": "342959000", "nonInterestIncome": "None", "otherNonOperatingIncome": "None", "depreciation": "None", "depreciationAndAmortization": "244342000", "incomeBeforeTax": "335321000", "incomeTaxExpense": "117654000", "interestAndDebtExpense": "None", "netIncomeFromContinuingOperations": "0", "comprehensiveIncomeNetOfTax": "None", "ebit": "361077000", "ebitda": "605419000", "netIncome": "216792000"}, {"fiscalDateEnding": "2006-12-31", "reportedCurrency": "USD", "grossProfit": "715479000", "totalRevenue": "932543000", "costOfRevenue": "217064000", "costofGoodsAndServicesSold": "217064000", "operatingIncome": "350376000", "sellingGeneralAndAdministrative": "47721000", "researchAndDevelopment": "0", "operatingExpenses": "324404000", "investmentIncomeNet": "None", "netInterestIncome": "None", "interestIncome": "None", "interestExpense": "7519000", "nonInterestIncome": "None", "otherNonOperatingIncome": "None", "depreciation": "None", "depreciationAndAmortization": "230438000", "incomeBeforeTax": "352520000", "incomeTaxExpense": "109895000", "interestAndDebtExpense": "None", "netIncomeFromContinuingOperations": "0", "comprehensiveIncomeNetOfTax": "None", "ebit": "391075000", "ebitda": "621513000", "netIncome": "237204000"}, {"fiscalDateEnding": "2006-09-30", "reportedCurrency": "USD", "grossProfit": "796393000", "totalRevenue": "968248000", "costOfRevenue": "171855000", "costofGoodsAndServicesSold": "171855000", "operatingIncome": "461788000", "sellingGeneralAndAdministrative": "42362000", "researchAndDevelopment": "0", "operatingExpenses": "312499000", "investmentIncomeNet": "None", "netInterestIncome": "None", "interestIncome": "None", "interestExpense": "476098000", "nonInterestIncome": "None", "otherNonOperatingIncome": "None", "depreciation": "None", "depreciationAndAmortization": "216071000", "incomeBeforeTax": "465996000", "incomeTaxExpense": "166860000", "interestAndDebtExpense": "None", "netIncomeFromContinuingOperations": "0", "comprehensiveIncomeNetOfTax": "None", "ebit": "484372000", "ebitda": "700443000", "netIncome": "297278000"}, {"fiscalDateEnding": "2006-06-30", "reportedCurrency": "USD", "grossProfit": "755907000", "totalRevenue": "919088000", "costOfRevenue": "163181000", "costofGoodsAndServicesSold": "163181000", "operatingIncome": "454834000", "sellingGeneralAndAdministrative": "38607000", "researchAndDevelopment": "0", "operatingExpenses": "278393000", "investmentIncomeNet": "None", "netInterestIncome": "None", "interestIncome": "None", "interestExpense": "476678000", "nonInterestIncome": "None", "otherNonOperatingIncome": "None", "depreciation": "None", "depreciationAndAmortization": "192928000", "incomeBeforeTax": "464294000", "incomeTaxExpense": "132877000", "interestAndDebtExpense": "None", "netIncomeFromContinuingOperations": "0", "comprehensiveIncomeNetOfTax": "None", "ebit": "477514000", "ebitda": "670442000", "netIncome": "329559000"}, {"fiscalDateEnding": "2006-03-31", "reportedCurrency": "USD", "grossProfit": "918838000", "totalRevenue": "1084536000", "costOfRevenue": "165698000", "costofGoodsAndServicesSold": "165698000", "operatingIncome": "628428000", "sellingGeneralAndAdministrative": "36291000", "researchAndDevelopment": "0", "operatingExpenses": "267637000", "investmentIncomeNet": "None", "netInterestIncome": "None", "interestIncome": "None", "interestExpense": "642984000", "nonInterestIncome": "None", "otherNonOperatingIncome": "None", "depreciation": "None", "depreciationAndAmortization": "177652000", "incomeBeforeTax": "629831000", "incomeTaxExpense": "203124000", "interestAndDebtExpense": "None", "netIncomeFromContinuingOperations": "0", "comprehensiveIncomeNetOfTax": "None", "ebit": "651201000", "ebitda": "828853000", "netIncome": "424849000"}, {"fiscalDateEnding": "2005-12-31", "reportedCurrency": "USD", "grossProfit": "1096695000", "totalRevenue": "1200465000", "costOfRevenue": "103770000", "costofGoodsAndServicesSold": "103770000", "operatingIncome": "754875000", "sellingGeneralAndAdministrative": "37039000", "researchAndDevelopment": "0", "operatingExpenses": "263888000", "investmentIncomeNet": "None", "netInterestIncome": "None", "interestIncome": "None", "interestExpense": "19985000", "nonInterestIncome": "None", "otherNonOperatingIncome": "None", "depreciation": "None", "depreciationAndAmortization": "176974000", "incomeBeforeTax": "748220000", "incomeTaxExpense": "284564000", "interestAndDebtExpense": "None", "netIncomeFromContinuingOperations": "0", "comprehensiveIncomeNetOfTax": "None", "ebit": "832807000", "ebitda": "1009781000", "netIncome": "461797000"}, {"fiscalDateEnding": "2005-09-30", "reportedCurrency": "USD", "grossProfit": "772990000", "totalRevenue": "934445000", "costOfRevenue": "161455000", "costofGoodsAndServicesSold": "161455000", "operatingIncome": "522156000", "sellingGeneralAndAdministrative": "30079000", "researchAndDevelopment": "0", "operatingExpenses": "250834000", "investmentIncomeNet": "None", "netInterestIncome": "None", "interestIncome": "None", "interestExpense": "532315000", "nonInterestIncome": "None", "otherNonOperatingIncome": "None", "depreciation": "None", "depreciationAndAmortization": "164372000", "incomeBeforeTax": "518438000", "incomeTaxExpense": "174677000", "interestAndDebtExpense": "None", "netIncomeFromContinuingOperations": "0", "comprehensiveIncomeNetOfTax": "None", "ebit": "522156000", "ebitda": "686528000", "netIncome": "341904000"}, {"fiscalDateEnding": "2005-06-30", "reportedCurrency": "USD", "grossProfit": "646542000", "totalRevenue": "783924000", "costOfRevenue": "137382000", "costofGoodsAndServicesSold": "137382000", "operatingIncome": "394689000", "sellingGeneralAndAdministrative": "30113000", "researchAndDevelopment": "0", "operatingExpenses": "227622000", "investmentIncomeNet": "None", "netInterestIncome": "None", "interestIncome": "None", "interestExpense": "14687000", "nonInterestIncome": "None", "otherNonOperatingIncome": "None", "depreciation": "None", "depreciationAndAmortization": "159896000", "incomeBeforeTax": "386876000", "incomeTaxExpense": "137420000", "interestAndDebtExpense": "None", "netIncomeFromContinuingOperations": "0", "comprehensiveIncomeNetOfTax": "None", "ebit": "418920000", "ebitda": "578816000", "netIncome": "247598000"}, {"fiscalDateEnding": "2005-03-31", "reportedCurrency": "USD", "grossProfit": "555883000", "totalRevenue": "688156000", "costOfRevenue": "132273000", "costofGoodsAndServicesSold": "132273000", "operatingIncome": "320095000", "sellingGeneralAndAdministrative": "28687000", "researchAndDevelopment": "0", "operatingExpenses": "223616000", "investmentIncomeNet": "None", "netInterestIncome": "None", "interestIncome": "None", "interestExpense": "13957000", "nonInterestIncome": "None", "otherNonOperatingIncome": "None", "depreciation": "None", "depreciationAndAmortization": "153016000", "incomeBeforeTax": "311603000", "incomeTaxExpense": "108900000", "interestAndDebtExpense": "None", "netIncomeFromContinuingOperations": "0", "comprehensiveIncomeNetOfTax": "None", "ebit": "332267000", "ebitda": "485283000", "netIncome": "200845000"}, {"fiscalDateEnding": "2004-12-31", "reportedCurrency": "USD", "grossProfit": "549529000", "totalRevenue": "690051000", "costOfRevenue": "140522000", "costofGoodsAndServicesSold": "140522000", "operatingIncome": "306523000", "sellingGeneralAndAdministrative": "34152000", "researchAndDevelopment": "0", "operatingExpenses": "294295000", "investmentIncomeNet": "None", "netInterestIncome": "None", "interestIncome": "None", "interestExpense": "14919000", "nonInterestIncome": "None", "otherNonOperatingIncome": "None", "depreciation": "None", "depreciationAndAmortization": "144125000", "incomeBeforeTax": "298900000", "incomeTaxExpense": "92145000", "interestAndDebtExpense": "None", "netIncomeFromContinuingOperations": "0", "comprehensiveIncomeNetOfTax": "None", "ebit": "255234000", "ebitda": "399359000", "netIncome": "204137000"}]}