{"symbol": "YUM", "annualReports": [{"fiscalDateEnding": "2024-12-31", "reportedCurrency": "USD", "grossProfit": "3584000000", "totalRevenue": "7549000000", "costOfRevenue": "3965000000", "costofGoodsAndServicesSold": "3965000000", "operatingIncome": "2403000000", "sellingGeneralAndAdministrative": "1181000000", "researchAndDevelopment": "None", "operatingExpenses": "1181000000", "investmentIncomeNet": "None", "netInterestIncome": "-489000000", "interestIncome": "None", "interestExpense": "489000000", "nonInterestIncome": "None", "otherNonOperatingIncome": "None", "depreciation": "None", "depreciationAndAmortization": "175000000", "incomeBeforeTax": "1900000000", "incomeTaxExpense": "414000000", "interestAndDebtExpense": "None", "netIncomeFromContinuingOperations": "1486000000", "comprehensiveIncomeNetOfTax": "None", "ebit": "2389000000", "ebitda": "2564000000", "netIncome": "1486000000"}, {"fiscalDateEnding": "2023-12-31", "reportedCurrency": "USD", "grossProfit": "3496000000", "totalRevenue": "7076000000", "costOfRevenue": "3580000000", "costofGoodsAndServicesSold": "3580000000", "operatingIncome": "2318000000", "sellingGeneralAndAdministrative": "1193000000", "researchAndDevelopment": "None", "operatingExpenses": "1179000000", "investmentIncomeNet": "None", "netInterestIncome": "-513000000", "interestIncome": "None", "interestExpense": "513000000", "nonInterestIncome": "None", "otherNonOperatingIncome": "None", "depreciation": "None", "depreciationAndAmortization": "153000000", "incomeBeforeTax": "1818000000", "incomeTaxExpense": "221000000", "interestAndDebtExpense": "None", "netIncomeFromContinuingOperations": "1597000000", "comprehensiveIncomeNetOfTax": "None", "ebit": "2331000000", "ebitda": "2484000000", "netIncome": "1597000000"}, {"fiscalDateEnding": "2022-12-31", "reportedCurrency": "USD", "grossProfit": "3307000000", "totalRevenue": "6842000000", "costOfRevenue": "3535000000", "costofGoodsAndServicesSold": "3535000000", "operatingIncome": "2187000000", "sellingGeneralAndAdministrative": "1140000000", "researchAndDevelopment": "None", "operatingExpenses": "1149000000", "investmentIncomeNet": "None", "netInterestIncome": "-527000000", "interestIncome": "516000000", "interestExpense": "527000000", "nonInterestIncome": "None", "otherNonOperatingIncome": "None", "depreciation": "None", "depreciationAndAmortization": "196000000", "incomeBeforeTax": "1662000000", "incomeTaxExpense": "337000000", "interestAndDebtExpense": "None", "netIncomeFromContinuingOperations": "1325000000", "comprehensiveIncomeNetOfTax": "None", "ebit": "2199000000", "ebitda": "2395000000", "netIncome": "1325000000"}, {"fiscalDateEnding": "2021-12-31", "reportedCurrency": "USD", "grossProfit": "3166000000", "totalRevenue": "6584000000", "costOfRevenue": "3418000000", "costofGoodsAndServicesSold": "3418000000", "operatingIncome": "2139000000", "sellingGeneralAndAdministrative": "1067000000", "researchAndDevelopment": "None", "operatingExpenses": "1067000000", "investmentIncomeNet": "None", "netInterestIncome": "-544000000", "interestIncome": "458000000", "interestExpense": "544000000", "nonInterestIncome": "None", "otherNonOperatingIncome": "86000000", "depreciation": "None", "depreciationAndAmortization": "210000000", "incomeBeforeTax": "1674000000", "incomeTaxExpense": "99000000", "interestAndDebtExpense": "None", "netIncomeFromContinuingOperations": "1575000000", "comprehensiveIncomeNetOfTax": "None", "ebit": "2196000000", "ebitda": "2406000000", "netIncome": "1575000000"}, {"fiscalDateEnding": "2020-12-31", "reportedCurrency": "USD", "grossProfit": "2687000000", "totalRevenue": "5652000000", "costOfRevenue": "2965000000", "costofGoodsAndServicesSold": "2965000000", "operatingIncome": "1503000000", "sellingGeneralAndAdministrative": "1078000000", "researchAndDevelopment": "None", "operatingExpenses": "1078000000", "investmentIncomeNet": "None", "netInterestIncome": "-543000000", "interestIncome": "469000000", "interestExpense": "543000000", "nonInterestIncome": "None", "otherNonOperatingIncome": "74000000", "depreciation": "None", "depreciationAndAmortization": "195000000", "incomeBeforeTax": "1020000000", "incomeTaxExpense": "116000000", "interestAndDebtExpense": "None", "netIncomeFromContinuingOperations": "918000000", "comprehensiveIncomeNetOfTax": "None", "ebit": "1568000000", "ebitda": "1763000000", "netIncome": "904000000"}, {"fiscalDateEnding": "2019-12-31", "reportedCurrency": "USD", "grossProfit": "2814000000", "totalRevenue": "5597000000", "costOfRevenue": "2783000000", "costofGoodsAndServicesSold": "2783000000", "operatingIncome": "1930000000", "sellingGeneralAndAdministrative": "921000000", "researchAndDevelopment": "None", "operatingExpenses": "921000000", "investmentIncomeNet": "None", "netInterestIncome": "-486000000", "interestIncome": "553000000", "interestExpense": "486000000", "nonInterestIncome": "None", "otherNonOperatingIncome": "-67000000", "depreciation": "None", "depreciationAndAmortization": "166000000", "incomeBeforeTax": "1373000000", "incomeTaxExpense": "79000000", "interestAndDebtExpense": "None", "netIncomeFromContinuingOperations": "1298000000", "comprehensiveIncomeNetOfTax": "None", "ebit": "1835000000", "ebitda": "2001000000", "netIncome": "1294000000"}, {"fiscalDateEnding": "2018-12-31", "reportedCurrency": "USD", "grossProfit": "2658000000", "totalRevenue": "5688000000", "costOfRevenue": "3030000000", "costofGoodsAndServicesSold": "3030000000", "operatingIncome": "2296000000", "sellingGeneralAndAdministrative": "909000000", "researchAndDevelopment": "None", "operatingExpenses": "909000000", "investmentIncomeNet": "None", "netInterestIncome": "-452000000", "interestIncome": "443000000", "interestExpense": "452000000", "nonInterestIncome": "None", "otherNonOperatingIncome": "540000000", "depreciation": "None", "depreciationAndAmortization": "183000000", "incomeBeforeTax": "1839000000", "incomeTaxExpense": "297000000", "interestAndDebtExpense": "None", "netIncomeFromContinuingOperations": "1542000000", "comprehensiveIncomeNetOfTax": "None", "ebit": "2335000000", "ebitda": "2518000000", "netIncome": "1542000000"}, {"fiscalDateEnding": "2017-12-31", "reportedCurrency": "USD", "grossProfit": "2687000000", "totalRevenue": "5878000000", "costOfRevenue": "3191000000", "costofGoodsAndServicesSold": "3191000000", "operatingIncome": "2761000000", "sellingGeneralAndAdministrative": "1046000000", "researchAndDevelopment": "22000000", "operatingExpenses": "1046000000", "investmentIncomeNet": "None", "netInterestIncome": "-440000000", "interestIncome": "440000000", "interestExpense": "440000000", "nonInterestIncome": "None", "otherNonOperatingIncome": "1083000000", "depreciation": "None", "depreciationAndAmortization": "253000000", "incomeBeforeTax": "2274000000", "incomeTaxExpense": "934000000", "interestAndDebtExpense": "None", "netIncomeFromContinuingOperations": "1340000000", "comprehensiveIncomeNetOfTax": "None", "ebit": "1746000000", "ebitda": "1999000000", "netIncome": "1340000000"}, {"fiscalDateEnding": "2016-12-31", "reportedCurrency": "USD", "grossProfit": "2666000000", "totalRevenue": "6356000000", "costOfRevenue": "3690000000", "costofGoodsAndServicesSold": "3690000000", "operatingIncome": "1682000000", "sellingGeneralAndAdministrative": "1161000000", "researchAndDevelopment": "24000000", "operatingExpenses": "1161000000", "investmentIncomeNet": "None", "netInterestIncome": "-307000000", "interestIncome": "305000000", "interestExpense": "305000000", "nonInterestIncome": "None", "otherNonOperatingIncome": "141000000", "depreciation": "None", "depreciationAndAmortization": "310000000", "incomeBeforeTax": "1345000000", "incomeTaxExpense": "327000000", "interestAndDebtExpense": "None", "netIncomeFromContinuingOperations": "929000000", "comprehensiveIncomeNetOfTax": "None", "ebit": "1585000000", "ebitda": "1895000000", "netIncome": "1643000000"}, {"fiscalDateEnding": "2015-12-31", "reportedCurrency": "USD", "grossProfit": "3504000000", "totalRevenue": "13105000000", "costOfRevenue": "9601000000", "costofGoodsAndServicesSold": "9601000000", "operatingIncome": "1921000000", "sellingGeneralAndAdministrative": "1504000000", "researchAndDevelopment": "24000000", "operatingExpenses": "1504000000", "investmentIncomeNet": "None", "netInterestIncome": "None", "interestIncome": "141000000", "interestExpense": "134000000", "nonInterestIncome": "None", "otherNonOperatingIncome": "-10000000", "depreciation": "None", "depreciationAndAmortization": "747000000", "incomeBeforeTax": "1787000000", "incomeTaxExpense": "489000000", "interestAndDebtExpense": "None", "netIncomeFromContinuingOperations": "1298000000", "comprehensiveIncomeNetOfTax": "None", "ebit": "1092000000", "ebitda": "1839000000", "netIncome": "1293000000"}, {"fiscalDateEnding": "2014-12-31", "reportedCurrency": "USD", "grossProfit": "3437000000", "totalRevenue": "13279000000", "costOfRevenue": "9842000000", "costofGoodsAndServicesSold": "9842000000", "operatingIncome": "1557000000", "sellingGeneralAndAdministrative": "1419000000", "researchAndDevelopment": "25000000", "operatingExpenses": "1419000000", "investmentIncomeNet": "None", "netInterestIncome": "None", "interestIncome": "None", "interestExpense": "130000000", "nonInterestIncome": "None", "otherNonOperatingIncome": "None", "depreciation": "None", "depreciationAndAmortization": "739000000", "incomeBeforeTax": "1427000000", "incomeTaxExpense": "406000000", "interestAndDebtExpense": "None", "netIncomeFromContinuingOperations": "1021000000", "comprehensiveIncomeNetOfTax": "None", "ebit": "1579000000", "ebitda": "2318000000", "netIncome": "1051000000"}, {"fiscalDateEnding": "2013-12-31", "reportedCurrency": "USD", "grossProfit": "3583000000", "totalRevenue": "13084000000", "costOfRevenue": "9501000000", "costofGoodsAndServicesSold": "9501000000", "operatingIncome": "1798000000", "sellingGeneralAndAdministrative": "1412000000", "researchAndDevelopment": "31000000", "operatingExpenses": "1412000000", "investmentIncomeNet": "None", "netInterestIncome": "None", "interestIncome": "None", "interestExpense": "270000000", "nonInterestIncome": "None", "otherNonOperatingIncome": "None", "depreciation": "None", "depreciationAndAmortization": "721000000", "incomeBeforeTax": "1551000000", "incomeTaxExpense": "487000000", "interestAndDebtExpense": "None", "netIncomeFromContinuingOperations": "1064000000", "comprehensiveIncomeNetOfTax": "None", "ebit": "1798000000", "ebitda": "2519000000", "netIncome": "1091000000"}, {"fiscalDateEnding": "2012-12-31", "reportedCurrency": "USD", "grossProfit": "3648000000", "totalRevenue": "13633000000", "costOfRevenue": "9985000000", "costofGoodsAndServicesSold": "9985000000", "operatingIncome": "2294000000", "sellingGeneralAndAdministrative": "1510000000", "researchAndDevelopment": "30000000", "operatingExpenses": "1510000000", "investmentIncomeNet": "None", "netInterestIncome": "None", "interestIncome": "None", "interestExpense": "149000000", "nonInterestIncome": "None", "otherNonOperatingIncome": "None", "depreciation": "None", "depreciationAndAmortization": "645000000", "incomeBeforeTax": "2145000000", "incomeTaxExpense": "537000000", "interestAndDebtExpense": "None", "netIncomeFromContinuingOperations": "1608000000", "comprehensiveIncomeNetOfTax": "None", "ebit": "1649000000", "ebitda": "2294000000", "netIncome": "1597000000"}, {"fiscalDateEnding": "2011-12-31", "reportedCurrency": "USD", "grossProfit": "3486000000", "totalRevenue": "12626000000", "costOfRevenue": "9140000000", "costofGoodsAndServicesSold": "9140000000", "operatingIncome": "1815000000", "sellingGeneralAndAdministrative": "1372000000", "researchAndDevelopment": "34000000", "operatingExpenses": "1464000000", "investmentIncomeNet": "None", "netInterestIncome": "None", "interestIncome": "None", "interestExpense": "184000000", "nonInterestIncome": "None", "otherNonOperatingIncome": "None", "depreciation": "None", "depreciationAndAmortization": "628000000", "incomeBeforeTax": "1659000000", "incomeTaxExpense": "324000000", "interestAndDebtExpense": "None", "netIncomeFromContinuingOperations": "None", "comprehensiveIncomeNetOfTax": "None", "ebit": "1845000000", "ebitda": "2473000000", "netIncome": "1319000000"}, {"fiscalDateEnding": "2010-12-31", "reportedCurrency": "USD", "grossProfit": "3223000000", "totalRevenue": "11343000000", "costOfRevenue": "8120000000", "costofGoodsAndServicesSold": "8120000000", "operatingIncome": "1769000000", "sellingGeneralAndAdministrative": "4134000000", "researchAndDevelopment": "33000000", "operatingExpenses": "1407000000", "investmentIncomeNet": "None", "netInterestIncome": "None", "interestIncome": "None", "interestExpense": "195000000", "nonInterestIncome": "None", "otherNonOperatingIncome": "None", "depreciation": "None", "depreciationAndAmortization": "589000000", "incomeBeforeTax": "1594000000", "incomeTaxExpense": "416000000", "interestAndDebtExpense": "None", "netIncomeFromContinuingOperations": "1178000000", "comprehensiveIncomeNetOfTax": "None", "ebit": "1794000000", "ebitda": "2383000000", "netIncome": "1158000000"}, {"fiscalDateEnding": "2009-12-31", "reportedCurrency": "USD", "grossProfit": "2784000000", "totalRevenue": "10836000000", "costOfRevenue": "8052000000", "costofGoodsAndServicesSold": "8052000000", "operatingIncome": "1590000000", "sellingGeneralAndAdministrative": "3998000000", "researchAndDevelopment": "31000000", "operatingExpenses": "1194000000", "investmentIncomeNet": "None", "netInterestIncome": "None", "interestIncome": "None", "interestExpense": "212000000", "nonInterestIncome": "None", "otherNonOperatingIncome": "None", "depreciation": "None", "depreciationAndAmortization": "580000000", "incomeBeforeTax": "1396000000", "incomeTaxExpense": "313000000", "interestAndDebtExpense": "None", "netIncomeFromContinuingOperations": "None", "comprehensiveIncomeNetOfTax": "None", "ebit": "1621000000", "ebitda": "2201000000", "netIncome": "1071000000"}, {"fiscalDateEnding": "2008-12-31", "reportedCurrency": "USD", "grossProfit": "2740000000", "totalRevenue": "11279000000", "costOfRevenue": "8539000000", "costofGoodsAndServicesSold": "8539000000", "operatingIncome": "1506000000", "sellingGeneralAndAdministrative": "4198000000", "researchAndDevelopment": "34000000", "operatingExpenses": "1196000000", "investmentIncomeNet": "None", "netInterestIncome": "None", "interestIncome": "None", "interestExpense": "226000000", "nonInterestIncome": "None", "otherNonOperatingIncome": "None", "depreciation": "None", "depreciationAndAmortization": "556000000", "incomeBeforeTax": "1280000000", "incomeTaxExpense": "316000000", "interestAndDebtExpense": "None", "netIncomeFromContinuingOperations": "None", "comprehensiveIncomeNetOfTax": "None", "ebit": "1548000000", "ebitda": "2104000000", "netIncome": "964000000"}, {"fiscalDateEnding": "2007-12-31", "reportedCurrency": "USD", "grossProfit": "2603000000", "totalRevenue": "10416000000", "costOfRevenue": "7813000000", "costofGoodsAndServicesSold": "7813000000", "operatingIncome": "1357000000", "sellingGeneralAndAdministrative": "3937000000", "researchAndDevelopment": "39000000", "operatingExpenses": "1222000000", "investmentIncomeNet": "None", "netInterestIncome": "None", "interestIncome": "None", "interestExpense": "166000000", "nonInterestIncome": "None", "otherNonOperatingIncome": "None", "depreciation": "None", "depreciationAndAmortization": "542000000", "incomeBeforeTax": "1191000000", "incomeTaxExpense": "282000000", "interestAndDebtExpense": "None", "netIncomeFromContinuingOperations": "None", "comprehensiveIncomeNetOfTax": "None", "ebit": "1390000000", "ebitda": "1932000000", "netIncome": "909000000"}, {"fiscalDateEnding": "2006-12-31", "reportedCurrency": "USD", "grossProfit": "2467000000", "totalRevenue": "9561000000", "costOfRevenue": "7094000000", "costofGoodsAndServicesSold": "7094000000", "operatingIncome": "1262000000", "sellingGeneralAndAdministrative": "3590000000", "researchAndDevelopment": "33000000", "operatingExpenses": "1146000000", "investmentIncomeNet": "None", "netInterestIncome": "None", "interestIncome": "None", "interestExpense": "127000000", "nonInterestIncome": "None", "otherNonOperatingIncome": "None", "depreciation": "None", "depreciationAndAmortization": "479000000", "incomeBeforeTax": "1108000000", "incomeTaxExpense": "284000000", "interestAndDebtExpense": "None", "netIncomeFromContinuingOperations": "None", "comprehensiveIncomeNetOfTax": "None", "ebit": "1280000000", "ebitda": "1759000000", "netIncome": "824000000"}, {"fiscalDateEnding": "2005-12-31", "reportedCurrency": "USD", "grossProfit": "2227000000", "totalRevenue": "9349000000", "costOfRevenue": "7122000000", "costofGoodsAndServicesSold": "7122000000", "operatingIncome": "1153000000", "sellingGeneralAndAdministrative": "1158000000", "researchAndDevelopment": "33000000", "operatingExpenses": "1074000000", "investmentIncomeNet": "None", "netInterestIncome": "None", "interestIncome": "None", "interestExpense": "127000000", "nonInterestIncome": "None", "otherNonOperatingIncome": "None", "depreciation": "None", "depreciationAndAmortization": "469000000", "incomeBeforeTax": "1026000000", "incomeTaxExpense": "264000000", "interestAndDebtExpense": "None", "netIncomeFromContinuingOperations": "None", "comprehensiveIncomeNetOfTax": "None", "ebit": "1153000000", "ebitda": "1622000000", "netIncome": "762000000"}], "quarterlyReports": [{"fiscalDateEnding": "2024-12-31", "reportedCurrency": "USD", "grossProfit": "1049000000", "totalRevenue": "2362000000", "costOfRevenue": "1313000000", "costofGoodsAndServicesSold": "1313000000", "operatingIncome": "657000000", "sellingGeneralAndAdministrative": "351000000", "researchAndDevelopment": "None", "operatingExpenses": "392000000", "investmentIncomeNet": "None", "netInterestIncome": "-131000000", "interestIncome": "None", "interestExpense": "131000000", "nonInterestIncome": "None", "otherNonOperatingIncome": "None", "depreciation": "None", "depreciationAndAmortization": "55000000", "incomeBeforeTax": "528000000", "incomeTaxExpense": "105000000", "interestAndDebtExpense": "None", "netIncomeFromContinuingOperations": "423000000", "comprehensiveIncomeNetOfTax": "None", "ebit": "659000000", "ebitda": "714000000", "netIncome": "423000000"}, {"fiscalDateEnding": "2024-09-30", "reportedCurrency": "USD", "grossProfit": "866000000", "totalRevenue": "1826000000", "costOfRevenue": "960000000", "costofGoodsAndServicesSold": "960000000", "operatingIncome": "619000000", "sellingGeneralAndAdministrative": "263000000", "researchAndDevelopment": "None", "operatingExpenses": "263000000", "investmentIncomeNet": "None", "netInterestIncome": "-120000000", "interestIncome": "None", "interestExpense": "120000000", "nonInterestIncome": "None", "otherNonOperatingIncome": "None", "depreciation": "None", "depreciationAndAmortization": "44000000", "incomeBeforeTax": "502000000", "incomeTaxExpense": "120000000", "interestAndDebtExpense": "None", "netIncomeFromContinuingOperations": "382000000", "comprehensiveIncomeNetOfTax": "None", "ebit": "622000000", "ebitda": "666000000", "netIncome": "382000000"}, {"fiscalDateEnding": "2024-06-30", "reportedCurrency": "USD", "grossProfit": "869000000", "totalRevenue": "1763000000", "costOfRevenue": "894000000", "costofGoodsAndServicesSold": "894000000", "operatingIncome": "593000000", "sellingGeneralAndAdministrative": "280000000", "researchAndDevelopment": "None", "operatingExpenses": "276000000", "investmentIncomeNet": "None", "netInterestIncome": "-121000000", "interestIncome": "None", "interestExpense": "121000000", "nonInterestIncome": "None", "otherNonOperatingIncome": "None", "depreciation": "None", "depreciationAndAmortization": "41000000", "incomeBeforeTax": "487000000", "incomeTaxExpense": "120000000", "interestAndDebtExpense": "None", "netIncomeFromContinuingOperations": "367000000", "comprehensiveIncomeNetOfTax": "None", "ebit": "634000000", "ebitda": "675000000", "netIncome": "367000000"}, {"fiscalDateEnding": "2024-03-31", "reportedCurrency": "USD", "grossProfit": "800000000", "totalRevenue": "1598000000", "costOfRevenue": "798000000", "costofGoodsAndServicesSold": "798000000", "operatingIncome": "514000000", "sellingGeneralAndAdministrative": "284000000", "researchAndDevelopment": "None", "operatingExpenses": "286000000", "investmentIncomeNet": "None", "netInterestIncome": "-117000000", "interestIncome": "None", "interestExpense": "117000000", "nonInterestIncome": "None", "otherNonOperatingIncome": "None", "depreciation": "None", "depreciationAndAmortization": "35000000", "incomeBeforeTax": "383000000", "incomeTaxExpense": "69000000", "interestAndDebtExpense": "None", "netIncomeFromContinuingOperations": "314000000", "comprehensiveIncomeNetOfTax": "None", "ebit": "551000000", "ebitda": "586000000", "netIncome": "314000000"}, {"fiscalDateEnding": "2023-12-31", "reportedCurrency": "USD", "grossProfit": "973000000", "totalRevenue": "2036000000", "costOfRevenue": "1063000000", "costofGoodsAndServicesSold": "1063000000", "operatingIncome": "620000000", "sellingGeneralAndAdministrative": "352000000", "researchAndDevelopment": "None", "operatingExpenses": "353000000", "investmentIncomeNet": "None", "netInterestIncome": "-132000000", "interestIncome": "None", "interestExpense": "132000000", "nonInterestIncome": "None", "otherNonOperatingIncome": "None", "depreciation": "None", "depreciationAndAmortization": "96000000", "incomeBeforeTax": "464000000", "incomeTaxExpense": "1000000", "interestAndDebtExpense": "None", "netIncomeFromContinuingOperations": "463000000", "comprehensiveIncomeNetOfTax": "None", "ebit": "398000000", "ebitda": "494000000", "netIncome": "463000000"}, {"fiscalDateEnding": "2023-09-30", "reportedCurrency": "USD", "grossProfit": "860000000", "totalRevenue": "1708000000", "costOfRevenue": "848000000", "costofGoodsAndServicesSold": "848000000", "operatingIncome": "613000000", "sellingGeneralAndAdministrative": "265000000", "researchAndDevelopment": "None", "operatingExpenses": "265000000", "investmentIncomeNet": "None", "netInterestIncome": "-126000000", "interestIncome": "110000000", "interestExpense": "126000000", "nonInterestIncome": "None", "otherNonOperatingIncome": "None", "depreciation": "None", "depreciationAndAmortization": "37000000", "incomeBeforeTax": "505000000", "incomeTaxExpense": "89000000", "interestAndDebtExpense": "None", "netIncomeFromContinuingOperations": "416000000", "comprehensiveIncomeNetOfTax": "None", "ebit": "625000000", "ebitda": "662000000", "netIncome": "416000000"}, {"fiscalDateEnding": "2023-06-30", "reportedCurrency": "USD", "grossProfit": "852000000", "totalRevenue": "1687000000", "costOfRevenue": "835000000", "costofGoodsAndServicesSold": "835000000", "operatingIncome": "573000000", "sellingGeneralAndAdministrative": "290000000", "researchAndDevelopment": "None", "operatingExpenses": "290000000", "investmentIncomeNet": "None", "netInterestIncome": "-125000000", "interestIncome": "96000000", "interestExpense": "125000000", "nonInterestIncome": "None", "otherNonOperatingIncome": "29000000", "depreciation": "None", "depreciationAndAmortization": "38000000", "incomeBeforeTax": "478000000", "incomeTaxExpense": "60000000", "interestAndDebtExpense": "None", "netIncomeFromContinuingOperations": "418000000", "comprehensiveIncomeNetOfTax": "None", "ebit": "581000000", "ebitda": "619000000", "netIncome": "418000000"}, {"fiscalDateEnding": "2023-03-31", "reportedCurrency": "USD", "grossProfit": "811000000", "totalRevenue": "1645000000", "costOfRevenue": "834000000", "costofGoodsAndServicesSold": "834000000", "operatingIncome": "523000000", "sellingGeneralAndAdministrative": "282000000", "researchAndDevelopment": "None", "operatingExpenses": "280000000", "investmentIncomeNet": "None", "netInterestIncome": "-130000000", "interestIncome": "154000000", "interestExpense": "130000000", "nonInterestIncome": "None", "otherNonOperatingIncome": "-24000000", "depreciation": "None", "depreciationAndAmortization": "29000000", "incomeBeforeTax": "371000000", "incomeTaxExpense": "71000000", "interestAndDebtExpense": "None", "netIncomeFromContinuingOperations": "300000000", "comprehensiveIncomeNetOfTax": "None", "ebit": "529000000", "ebitda": "558000000", "netIncome": "300000000"}, {"fiscalDateEnding": "2022-12-31", "reportedCurrency": "USD", "grossProfit": "945000000", "totalRevenue": "2019000000", "costOfRevenue": "1074000000", "costofGoodsAndServicesSold": "1074000000", "operatingIncome": "578000000", "sellingGeneralAndAdministrative": "372000000", "researchAndDevelopment": "None", "operatingExpenses": "367000000", "investmentIncomeNet": "None", "netInterestIncome": "-137000000", "interestIncome": "145000000", "interestExpense": "137000000", "nonInterestIncome": "None", "otherNonOperatingIncome": "None", "depreciation": "None", "depreciationAndAmortization": "42000000", "incomeBeforeTax": "427000000", "incomeTaxExpense": "56000000", "interestAndDebtExpense": "None", "netIncomeFromContinuingOperations": "371000000", "comprehensiveIncomeNetOfTax": "None", "ebit": "564000000", "ebitda": "606000000", "netIncome": "371000000"}, {"fiscalDateEnding": "2022-09-30", "reportedCurrency": "USD", "grossProfit": "814000000", "totalRevenue": "1640000000", "costOfRevenue": "826000000", "costofGoodsAndServicesSold": "826000000", "operatingIncome": "546000000", "sellingGeneralAndAdministrative": "261000000", "researchAndDevelopment": "None", "operatingExpenses": "263000000", "investmentIncomeNet": "None", "netInterestIncome": "-124000000", "interestIncome": "97000000", "interestExpense": "124000000", "nonInterestIncome": "None", "otherNonOperatingIncome": "27000000", "depreciation": "None", "depreciationAndAmortization": "33000000", "incomeBeforeTax": "447000000", "incomeTaxExpense": "116000000", "interestAndDebtExpense": "None", "netIncomeFromContinuingOperations": "331000000", "comprehensiveIncomeNetOfTax": "None", "ebit": "531000000", "ebitda": "564000000", "netIncome": "331000000"}, {"fiscalDateEnding": "2022-06-30", "reportedCurrency": "USD", "grossProfit": "796000000", "totalRevenue": "1636000000", "costOfRevenue": "840000000", "costofGoodsAndServicesSold": "840000000", "operatingIncome": "554000000", "sellingGeneralAndAdministrative": "255000000", "researchAndDevelopment": "None", "operatingExpenses": "255000000", "investmentIncomeNet": "None", "netInterestIncome": "-148000000", "interestIncome": "163000000", "interestExpense": "148000000", "nonInterestIncome": "None", "otherNonOperatingIncome": "-15000000", "depreciation": "None", "depreciationAndAmortization": "34000000", "incomeBeforeTax": "390000000", "incomeTaxExpense": "166000000", "interestAndDebtExpense": "None", "netIncomeFromContinuingOperations": "224000000", "comprehensiveIncomeNetOfTax": "None", "ebit": "545000000", "ebitda": "579000000", "netIncome": "224000000"}, {"fiscalDateEnding": "2022-03-31", "reportedCurrency": "USD", "grossProfit": "752000000", "totalRevenue": "1547000000", "costOfRevenue": "795000000", "costofGoodsAndServicesSold": "795000000", "operatingIncome": "509000000", "sellingGeneralAndAdministrative": "253000000", "researchAndDevelopment": "None", "operatingExpenses": "253000000", "investmentIncomeNet": "None", "netInterestIncome": "-118000000", "interestIncome": "111000000", "interestExpense": "118000000", "nonInterestIncome": "None", "otherNonOperatingIncome": "7000000", "depreciation": "None", "depreciationAndAmortization": "37000000", "incomeBeforeTax": "398000000", "incomeTaxExpense": "-1000000", "interestAndDebtExpense": "None", "netIncomeFromContinuingOperations": "399000000", "comprehensiveIncomeNetOfTax": "None", "ebit": "502000000", "ebitda": "539000000", "netIncome": "399000000"}, {"fiscalDateEnding": "2021-12-31", "reportedCurrency": "USD", "grossProfit": "873000000", "totalRevenue": "1890000000", "costOfRevenue": "1017000000", "costofGoodsAndServicesSold": "1017000000", "operatingIncome": "502000000", "sellingGeneralAndAdministrative": "372000000", "researchAndDevelopment": "None", "operatingExpenses": "372000000", "investmentIncomeNet": "None", "netInterestIncome": "-128000000", "interestIncome": "94000000", "interestExpense": "128000000", "nonInterestIncome": "None", "otherNonOperatingIncome": "34000000", "depreciation": "None", "depreciationAndAmortization": "93000000", "incomeBeforeTax": "407000000", "incomeTaxExpense": "77000000", "interestAndDebtExpense": "None", "netIncomeFromContinuingOperations": "330000000", "comprehensiveIncomeNetOfTax": "None", "ebit": "325000000", "ebitda": "418000000", "netIncome": "330000000"}, {"fiscalDateEnding": "2021-09-30", "reportedCurrency": "USD", "grossProfit": "779000000", "totalRevenue": "1606000000", "costOfRevenue": "827000000", "costofGoodsAndServicesSold": "827000000", "operatingIncome": "527000000", "sellingGeneralAndAdministrative": "254000000", "researchAndDevelopment": "None", "operatingExpenses": "254000000", "investmentIncomeNet": "None", "netInterestIncome": "-126000000", "interestIncome": "75000000", "interestExpense": "126000000", "nonInterestIncome": "None", "otherNonOperatingIncome": "51000000", "depreciation": "None", "depreciationAndAmortization": "39000000", "incomeBeforeTax": "451000000", "incomeTaxExpense": "-77000000", "interestAndDebtExpense": "None", "netIncomeFromContinuingOperations": "528000000", "comprehensiveIncomeNetOfTax": "None", "ebit": "533000000", "ebitda": "572000000", "netIncome": "528000000"}, {"fiscalDateEnding": "2021-06-30", "reportedCurrency": "USD", "grossProfit": "786000000", "totalRevenue": "1602000000", "costOfRevenue": "816000000", "costofGoodsAndServicesSold": "816000000", "operatingIncome": "567000000", "sellingGeneralAndAdministrative": "232000000", "researchAndDevelopment": "None", "operatingExpenses": "232000000", "investmentIncomeNet": "None", "netInterestIncome": "-159000000", "interestIncome": "158000000", "interestExpense": "159000000", "nonInterestIncome": "None", "otherNonOperatingIncome": "1000000", "depreciation": "None", "depreciationAndAmortization": "39000000", "incomeBeforeTax": "407000000", "incomeTaxExpense": "16000000", "interestAndDebtExpense": "None", "netIncomeFromContinuingOperations": "391000000", "comprehensiveIncomeNetOfTax": "None", "ebit": "565000000", "ebitda": "604000000", "netIncome": "391000000"}, {"fiscalDateEnding": "2021-03-31", "reportedCurrency": "USD", "grossProfit": "728000000", "totalRevenue": "1486000000", "costOfRevenue": "758000000", "costofGoodsAndServicesSold": "758000000", "operatingIncome": "543000000", "sellingGeneralAndAdministrative": "209000000", "researchAndDevelopment": "None", "operatingExpenses": "209000000", "investmentIncomeNet": "None", "netInterestIncome": "-131000000", "interestIncome": "131000000", "interestExpense": "131000000", "nonInterestIncome": "None", "otherNonOperatingIncome": "None", "depreciation": "None", "depreciationAndAmortization": "39000000", "incomeBeforeTax": "409000000", "incomeTaxExpense": "83000000", "interestAndDebtExpense": "None", "netIncomeFromContinuingOperations": "329000000", "comprehensiveIncomeNetOfTax": "None", "ebit": "525000000", "ebitda": "564000000", "netIncome": "326000000"}, {"fiscalDateEnding": "2020-12-31", "reportedCurrency": "USD", "grossProfit": "818000000", "totalRevenue": "1743000000", "costOfRevenue": "925000000", "costofGoodsAndServicesSold": "925000000", "operatingIncome": "482000000", "sellingGeneralAndAdministrative": "345000000", "researchAndDevelopment": "None", "operatingExpenses": "345000000", "investmentIncomeNet": "None", "netInterestIncome": "-132000000", "interestIncome": "125000000", "interestExpense": "132000000", "nonInterestIncome": "None", "otherNonOperatingIncome": "17000000", "depreciation": "None", "depreciationAndAmortization": "46000000", "incomeBeforeTax": "352000000", "incomeTaxExpense": "20000000", "interestAndDebtExpense": "None", "netIncomeFromContinuingOperations": "627000000", "comprehensiveIncomeNetOfTax": "None", "ebit": "487000000", "ebitda": "533000000", "netIncome": "332000000"}, {"fiscalDateEnding": "2020-09-30", "reportedCurrency": "USD", "grossProfit": "723000000", "totalRevenue": "1448000000", "costOfRevenue": "725000000", "costofGoodsAndServicesSold": "725000000", "operatingIncome": "471000000", "sellingGeneralAndAdministrative": "261000000", "researchAndDevelopment": "None", "operatingExpenses": "261000000", "investmentIncomeNet": "None", "netInterestIncome": "-161000000", "interestIncome": "151000000", "interestExpense": "161000000", "nonInterestIncome": "None", "otherNonOperatingIncome": "None", "depreciation": "None", "depreciationAndAmortization": "47000000", "incomeBeforeTax": "316000000", "incomeTaxExpense": "33000000", "interestAndDebtExpense": "None", "netIncomeFromContinuingOperations": "2000000", "comprehensiveIncomeNetOfTax": "None", "ebit": "502000000", "ebitda": "549000000", "netIncome": "283000000"}, {"fiscalDateEnding": "2020-06-30", "reportedCurrency": "USD", "grossProfit": "549000000", "totalRevenue": "1198000000", "costOfRevenue": "649000000", "costofGoodsAndServicesSold": "649000000", "operatingIncome": "300000000", "sellingGeneralAndAdministrative": "261000000", "researchAndDevelopment": "None", "operatingExpenses": "261000000", "investmentIncomeNet": "None", "netInterestIncome": "-132000000", "interestIncome": "41000000", "interestExpense": "132000000", "nonInterestIncome": "None", "otherNonOperatingIncome": "91000000", "depreciation": "None", "depreciationAndAmortization": "26000000", "incomeBeforeTax": "257000000", "incomeTaxExpense": "51000000", "interestAndDebtExpense": "None", "netIncomeFromContinuingOperations": "206000000", "comprehensiveIncomeNetOfTax": "None", "ebit": "293000000", "ebitda": "319000000", "netIncome": "206000000"}, {"fiscalDateEnding": "2020-03-31", "reportedCurrency": "USD", "grossProfit": "597000000", "totalRevenue": "1263000000", "costOfRevenue": "666000000", "costofGoodsAndServicesSold": "666000000", "operatingIncome": "250000000", "sellingGeneralAndAdministrative": "211000000", "researchAndDevelopment": "None", "operatingExpenses": "211000000", "investmentIncomeNet": "None", "netInterestIncome": "-118000000", "interestIncome": "152000000", "interestExpense": "118000000", "nonInterestIncome": "None", "otherNonOperatingIncome": "-34000000", "depreciation": "None", "depreciationAndAmortization": "27000000", "incomeBeforeTax": "95000000", "incomeTaxExpense": "12000000", "interestAndDebtExpense": "None", "netIncomeFromContinuingOperations": "83000000", "comprehensiveIncomeNetOfTax": "None", "ebit": "402000000", "ebitda": "429000000", "netIncome": "83000000"}, {"fiscalDateEnding": "2019-12-31", "reportedCurrency": "USD", "grossProfit": "826000000", "totalRevenue": "1694000000", "costOfRevenue": "868000000", "costofGoodsAndServicesSold": "868000000", "operatingIncome": "546000000", "sellingGeneralAndAdministrative": "300000000", "researchAndDevelopment": "None", "operatingExpenses": "300000000", "investmentIncomeNet": "None", "netInterestIncome": "-132000000", "interestIncome": "149000000", "interestExpense": "132000000", "nonInterestIncome": "None", "otherNonOperatingIncome": "-17000000", "depreciation": "None", "depreciationAndAmortization": "28000000", "incomeBeforeTax": "397000000", "incomeTaxExpense": "-91000000", "interestAndDebtExpense": "None", "netIncomeFromContinuingOperations": "492000000", "comprehensiveIncomeNetOfTax": "None", "ebit": "564000000", "ebitda": "592000000", "netIncome": "488000000"}, {"fiscalDateEnding": "2019-09-30", "reportedCurrency": "USD", "grossProfit": "679000000", "totalRevenue": "1339000000", "costOfRevenue": "660000000", "costofGoodsAndServicesSold": "660000000", "operatingIncome": "480000000", "sellingGeneralAndAdministrative": "209000000", "researchAndDevelopment": "None", "operatingExpenses": "209000000", "investmentIncomeNet": "None", "netInterestIncome": "-120000000", "interestIncome": "179000000", "interestExpense": "120000000", "nonInterestIncome": "None", "otherNonOperatingIncome": "-59000000", "depreciation": "None", "depreciationAndAmortization": "30000000", "incomeBeforeTax": "300000000", "incomeTaxExpense": "45000000", "interestAndDebtExpense": "None", "netIncomeFromContinuingOperations": "255000000", "comprehensiveIncomeNetOfTax": "None", "ebit": "470000000", "ebitda": "500000000", "netIncome": "255000000"}, {"fiscalDateEnding": "2019-06-30", "reportedCurrency": "USD", "grossProfit": "671000000", "totalRevenue": "1310000000", "costOfRevenue": "639000000", "costofGoodsAndServicesSold": "639000000", "operatingIncome": "471000000", "sellingGeneralAndAdministrative": "198000000", "researchAndDevelopment": "None", "operatingExpenses": "198000000", "investmentIncomeNet": "None", "netInterestIncome": "-119000000", "interestIncome": "94000000", "interestExpense": "119000000", "nonInterestIncome": "None", "otherNonOperatingIncome": "25000000", "depreciation": "None", "depreciationAndAmortization": "28000000", "incomeBeforeTax": "377000000", "incomeTaxExpense": "88000000", "interestAndDebtExpense": "None", "netIncomeFromContinuingOperations": "289000000", "comprehensiveIncomeNetOfTax": "None", "ebit": "472000000", "ebitda": "500000000", "netIncome": "289000000"}, {"fiscalDateEnding": "2019-03-31", "reportedCurrency": "USD", "grossProfit": "638000000", "totalRevenue": "1254000000", "costOfRevenue": "616000000", "costofGoodsAndServicesSold": "616000000", "operatingIncome": "433000000", "sellingGeneralAndAdministrative": "214000000", "researchAndDevelopment": "None", "operatingExpenses": "214000000", "investmentIncomeNet": "None", "netInterestIncome": "-115000000", "interestIncome": "131000000", "interestExpense": "115000000", "nonInterestIncome": "None", "otherNonOperatingIncome": "-16000000", "depreciation": "None", "depreciationAndAmortization": "26000000", "incomeBeforeTax": "299000000", "incomeTaxExpense": "37000000", "interestAndDebtExpense": "None", "netIncomeFromContinuingOperations": "262000000", "comprehensiveIncomeNetOfTax": "None", "ebit": "414000000", "ebitda": "440000000", "netIncome": "262000000"}, {"fiscalDateEnding": "2018-12-31", "reportedCurrency": "USD", "grossProfit": "747000000", "totalRevenue": "1558000000", "costOfRevenue": "811000000", "costofGoodsAndServicesSold": "811000000", "operatingIncome": "741000000", "sellingGeneralAndAdministrative": "268000000", "researchAndDevelopment": "0", "operatingExpenses": "268000000", "investmentIncomeNet": "None", "netInterestIncome": "None", "interestIncome": "None", "interestExpense": "122000000", "nonInterestIncome": "None", "otherNonOperatingIncome": "355000000", "depreciation": "None", "depreciationAndAmortization": "34000000", "incomeBeforeTax": "439000000", "incomeTaxExpense": "105000000", "interestAndDebtExpense": "None", "netIncomeFromContinuingOperations": "331000000", "comprehensiveIncomeNetOfTax": "None", "ebit": "518000000", "ebitda": "552000000", "netIncome": "334000000"}, {"fiscalDateEnding": "2018-09-30", "reportedCurrency": "USD", "grossProfit": "664000000", "totalRevenue": "1391000000", "costOfRevenue": "727000000", "costofGoodsAndServicesSold": "727000000", "operatingIncome": "553000000", "sellingGeneralAndAdministrative": "208000000", "researchAndDevelopment": "0", "operatingExpenses": "208000000", "investmentIncomeNet": "None", "netInterestIncome": "None", "interestIncome": "None", "interestExpense": "111000000", "nonInterestIncome": "None", "otherNonOperatingIncome": "96000000", "depreciation": "None", "depreciationAndAmortization": "32000000", "incomeBeforeTax": "534000000", "incomeTaxExpense": "80000000", "interestAndDebtExpense": "None", "netIncomeFromContinuingOperations": "454000000", "comprehensiveIncomeNetOfTax": "None", "ebit": "445000000", "ebitda": "477000000", "netIncome": "454000000"}, {"fiscalDateEnding": "2018-06-30", "reportedCurrency": "USD", "grossProfit": "633000000", "totalRevenue": "1368000000", "costOfRevenue": "735000000", "costofGoodsAndServicesSold": "735000000", "operatingIncome": "449000000", "sellingGeneralAndAdministrative": "211000000", "researchAndDevelopment": "0", "operatingExpenses": "211000000", "investmentIncomeNet": "None", "netInterestIncome": "None", "interestIncome": "None", "interestExpense": "112000000", "nonInterestIncome": "None", "otherNonOperatingIncome": "23000000", "depreciation": "None", "depreciationAndAmortization": "34000000", "incomeBeforeTax": "357000000", "incomeTaxExpense": "36000000", "interestAndDebtExpense": "None", "netIncomeFromContinuingOperations": "321000000", "comprehensiveIncomeNetOfTax": "None", "ebit": "393000000", "ebitda": "427000000", "netIncome": "321000000"}, {"fiscalDateEnding": "2018-03-31", "reportedCurrency": "USD", "grossProfit": "614000000", "totalRevenue": "1371000000", "costOfRevenue": "757000000", "costofGoodsAndServicesSold": "757000000", "operatingIncome": "553000000", "sellingGeneralAndAdministrative": "222000000", "researchAndDevelopment": "0", "operatingExpenses": "222000000", "investmentIncomeNet": "None", "netInterestIncome": "None", "interestIncome": "None", "interestExpense": "107000000", "nonInterestIncome": "None", "otherNonOperatingIncome": "66000000", "depreciation": "None", "depreciationAndAmortization": "37000000", "incomeBeforeTax": "509000000", "incomeTaxExpense": "76000000", "interestAndDebtExpense": "None", "netIncomeFromContinuingOperations": "436000000", "comprehensiveIncomeNetOfTax": "None", "ebit": "406000000", "ebitda": "443000000", "netIncome": "433000000"}, {"fiscalDateEnding": "2017-12-31", "reportedCurrency": "USD", "grossProfit": "770000000", "totalRevenue": "1577000000", "costOfRevenue": "807000000", "costofGoodsAndServicesSold": "807000000", "operatingIncome": "1215000000", "sellingGeneralAndAdministrative": "305000000", "researchAndDevelopment": "22000000", "operatingExpenses": "305000000", "investmentIncomeNet": "None", "netInterestIncome": "None", "interestIncome": "None", "interestExpense": "118000000", "nonInterestIncome": "None", "otherNonOperatingIncome": "1083000000", "depreciation": "None", "depreciationAndAmortization": "58000000", "incomeBeforeTax": "1092000000", "incomeTaxExpense": "656000000", "interestAndDebtExpense": "None", "netIncomeFromContinuingOperations": "436000000", "comprehensiveIncomeNetOfTax": "None", "ebit": "461000000", "ebitda": "519000000", "netIncome": "436000000"}, {"fiscalDateEnding": "2017-09-30", "reportedCurrency": "USD", "grossProfit": "658000000", "totalRevenue": "1436000000", "costOfRevenue": "778000000", "costofGoodsAndServicesSold": "778000000", "operatingIncome": "643000000", "sellingGeneralAndAdministrative": "225000000", "researchAndDevelopment": "0", "operatingExpenses": "225000000", "investmentIncomeNet": "None", "netInterestIncome": "None", "interestIncome": "None", "interestExpense": "109000000", "nonInterestIncome": "None", "otherNonOperatingIncome": "None", "depreciation": "None", "depreciationAndAmortization": "60000000", "incomeBeforeTax": "524000000", "incomeTaxExpense": "106000000", "interestAndDebtExpense": "None", "netIncomeFromContinuingOperations": "418000000", "comprehensiveIncomeNetOfTax": "None", "ebit": "453000000", "ebitda": "513000000", "netIncome": "418000000"}, {"fiscalDateEnding": "2017-06-30", "reportedCurrency": "USD", "grossProfit": "646000000", "totalRevenue": "1448000000", "costOfRevenue": "802000000", "costofGoodsAndServicesSold": "802000000", "operatingIncome": "419000000", "sellingGeneralAndAdministrative": "251000000", "researchAndDevelopment": "0", "operatingExpenses": "251000000", "investmentIncomeNet": "None", "netInterestIncome": "None", "interestIncome": "None", "interestExpense": "104000000", "nonInterestIncome": "None", "otherNonOperatingIncome": "None", "depreciation": "None", "depreciationAndAmortization": "65000000", "incomeBeforeTax": "311000000", "incomeTaxExpense": "105000000", "interestAndDebtExpense": "None", "netIncomeFromContinuingOperations": "206000000", "comprehensiveIncomeNetOfTax": "None", "ebit": "429000000", "ebitda": "494000000", "netIncome": "206000000"}, {"fiscalDateEnding": "2017-03-31", "reportedCurrency": "USD", "grossProfit": "613000000", "totalRevenue": "1417000000", "costOfRevenue": "804000000", "costofGoodsAndServicesSold": "804000000", "operatingIncome": "484000000", "sellingGeneralAndAdministrative": "265000000", "researchAndDevelopment": "0", "operatingExpenses": "265000000", "investmentIncomeNet": "None", "netInterestIncome": "None", "interestIncome": "None", "interestExpense": "109000000", "nonInterestIncome": "None", "otherNonOperatingIncome": "None", "depreciation": "None", "depreciationAndAmortization": "70000000", "incomeBeforeTax": "347000000", "incomeTaxExpense": "67000000", "interestAndDebtExpense": "None", "netIncomeFromContinuingOperations": "280000000", "comprehensiveIncomeNetOfTax": "None", "ebit": "372000000", "ebitda": "442000000", "netIncome": "280000000"}, {"fiscalDateEnding": "2016-12-31", "reportedCurrency": "USD", "grossProfit": "816000000", "totalRevenue": "1886000000", "costOfRevenue": "1070000000", "costofGoodsAndServicesSold": "1070000000", "operatingIncome": "520000000", "sellingGeneralAndAdministrative": "396000000", "researchAndDevelopment": "24000000", "operatingExpenses": "396000000", "investmentIncomeNet": "None", "netInterestIncome": "None", "interestIncome": "None", "interestExpense": "114000000", "nonInterestIncome": "None", "otherNonOperatingIncome": "None", "depreciation": "None", "depreciationAndAmortization": "-180000000", "incomeBeforeTax": "372000000", "incomeTaxExpense": "64000000", "interestAndDebtExpense": "None", "netIncomeFromContinuingOperations": "1178000000", "comprehensiveIncomeNetOfTax": "None", "ebit": "96000000", "ebitda": "-84000000", "netIncome": "267000000"}, {"fiscalDateEnding": "2016-09-30", "reportedCurrency": "USD", "grossProfit": "998000000", "totalRevenue": "3316000000", "costOfRevenue": "2318000000", "costofGoodsAndServicesSold": "2318000000", "operatingIncome": "654000000", "sellingGeneralAndAdministrative": "377000000", "researchAndDevelopment": "0", "operatingExpenses": "377000000", "investmentIncomeNet": "None", "netInterestIncome": "None", "interestIncome": "None", "interestExpense": "98000000", "nonInterestIncome": "None", "otherNonOperatingIncome": "None", "depreciation": "None", "depreciationAndAmortization": "175000000", "incomeBeforeTax": "567000000", "incomeTaxExpense": "-65000000", "interestAndDebtExpense": "None", "netIncomeFromContinuingOperations": "632000000", "comprehensiveIncomeNetOfTax": "None", "ebit": "479000000", "ebitda": "654000000", "netIncome": "640000000"}, {"fiscalDateEnding": "2016-06-30", "reportedCurrency": "USD", "grossProfit": "812000000", "totalRevenue": "3008000000", "costOfRevenue": "2196000000", "costofGoodsAndServicesSold": "2196000000", "operatingIncome": "491000000", "sellingGeneralAndAdministrative": "365000000", "researchAndDevelopment": "0", "operatingExpenses": "365000000", "investmentIncomeNet": "None", "netInterestIncome": "None", "interestIncome": "None", "interestExpense": "40000000", "nonInterestIncome": "None", "otherNonOperatingIncome": "None", "depreciation": "None", "depreciationAndAmortization": "178000000", "incomeBeforeTax": "451000000", "incomeTaxExpense": "116000000", "interestAndDebtExpense": "None", "netIncomeFromContinuingOperations": "335000000", "comprehensiveIncomeNetOfTax": "None", "ebit": "311000000", "ebitda": "489000000", "netIncome": "336000000"}, {"fiscalDateEnding": "2016-03-31", "reportedCurrency": "USD", "grossProfit": "839000000", "totalRevenue": "2619000000", "costOfRevenue": "1780000000", "costofGoodsAndServicesSold": "1780000000", "operatingIncome": "564000000", "sellingGeneralAndAdministrative": "286000000", "researchAndDevelopment": "0", "operatingExpenses": "286000000", "investmentIncomeNet": "None", "netInterestIncome": "None", "interestIncome": "None", "interestExpense": "37000000", "nonInterestIncome": "None", "otherNonOperatingIncome": "None", "depreciation": "None", "depreciationAndAmortization": "136000000", "incomeBeforeTax": "527000000", "incomeTaxExpense": "132000000", "interestAndDebtExpense": "None", "netIncomeFromContinuingOperations": "395000000", "comprehensiveIncomeNetOfTax": "None", "ebit": "560000000", "ebitda": "696000000", "netIncome": "364000000"}, {"fiscalDateEnding": "2015-12-31", "reportedCurrency": "USD", "grossProfit": "970000000", "totalRevenue": "3951000000", "costOfRevenue": "2981000000", "costofGoodsAndServicesSold": "2981000000", "operatingIncome": "441000000", "sellingGeneralAndAdministrative": "528000000", "researchAndDevelopment": "28000000", "operatingExpenses": "528000000", "investmentIncomeNet": "None", "netInterestIncome": "None", "interestIncome": "None", "interestExpense": "35000000", "nonInterestIncome": "None", "otherNonOperatingIncome": "-10000000", "depreciation": "None", "depreciationAndAmortization": "242000000", "incomeBeforeTax": "406000000", "incomeTaxExpense": "131000000", "interestAndDebtExpense": "None", "netIncomeFromContinuingOperations": "275000000", "comprehensiveIncomeNetOfTax": "None", "ebit": "441000000", "ebitda": "683000000", "netIncome": "275000000"}, {"fiscalDateEnding": "2015-09-30", "reportedCurrency": "USD", "grossProfit": "933000000", "totalRevenue": "3427000000", "costOfRevenue": "2494000000", "costofGoodsAndServicesSold": "2494000000", "operatingIncome": "603000000", "sellingGeneralAndAdministrative": "328000000", "researchAndDevelopment": "0", "operatingExpenses": "328000000", "investmentIncomeNet": "None", "netInterestIncome": "None", "interestIncome": "None", "interestExpense": "32000000", "nonInterestIncome": "None", "otherNonOperatingIncome": "None", "depreciation": "None", "depreciationAndAmortization": "179000000", "incomeBeforeTax": "571000000", "incomeTaxExpense": "145000000", "interestAndDebtExpense": "None", "netIncomeFromContinuingOperations": "426000000", "comprehensiveIncomeNetOfTax": "None", "ebit": "603000000", "ebitda": "782000000", "netIncome": "421000000"}, {"fiscalDateEnding": "2015-06-30", "reportedCurrency": "USD", "grossProfit": "810000000", "totalRevenue": "3105000000", "costOfRevenue": "2295000000", "costofGoodsAndServicesSold": "2295000000", "operatingIncome": "371000000", "sellingGeneralAndAdministrative": "353000000", "researchAndDevelopment": "0", "operatingExpenses": "353000000", "investmentIncomeNet": "None", "netInterestIncome": "None", "interestIncome": "None", "interestExpense": "33000000", "nonInterestIncome": "None", "otherNonOperatingIncome": "None", "depreciation": "None", "depreciationAndAmortization": "187000000", "incomeBeforeTax": "338000000", "incomeTaxExpense": "102000000", "interestAndDebtExpense": "None", "netIncomeFromContinuingOperations": "236000000", "comprehensiveIncomeNetOfTax": "None", "ebit": "371000000", "ebitda": "558000000", "netIncome": "235000000"}, {"fiscalDateEnding": "2015-03-31", "reportedCurrency": "USD", "grossProfit": "791000000", "totalRevenue": "2622000000", "costOfRevenue": "1831000000", "costofGoodsAndServicesSold": "1831000000", "operatingIncome": "506000000", "sellingGeneralAndAdministrative": "295000000", "researchAndDevelopment": "0", "operatingExpenses": "295000000", "investmentIncomeNet": "None", "netInterestIncome": "None", "interestIncome": "None", "interestExpense": "34000000", "nonInterestIncome": "None", "otherNonOperatingIncome": "None", "depreciation": "None", "depreciationAndAmortization": "139000000", "incomeBeforeTax": "472000000", "incomeTaxExpense": "111000000", "interestAndDebtExpense": "None", "netIncomeFromContinuingOperations": "361000000", "comprehensiveIncomeNetOfTax": "None", "ebit": "499000000", "ebitda": "638000000", "netIncome": "362000000"}, {"fiscalDateEnding": "2014-12-31", "reportedCurrency": "USD", "grossProfit": "907000000", "totalRevenue": "3997000000", "costOfRevenue": "3090000000", "costofGoodsAndServicesSold": "3090000000", "operatingIncome": "-43000000", "sellingGeneralAndAdministrative": "473000000", "researchAndDevelopment": "30000000", "operatingExpenses": "473000000", "investmentIncomeNet": "None", "netInterestIncome": "None", "interestIncome": "None", "interestExpense": "40000000", "nonInterestIncome": "None", "otherNonOperatingIncome": "None", "depreciation": "None", "depreciationAndAmortization": "238000000", "incomeBeforeTax": "-83000000", "incomeTaxExpense": "36000000", "interestAndDebtExpense": "None", "netIncomeFromContinuingOperations": "-119000000", "comprehensiveIncomeNetOfTax": "None", "ebit": "-43000000", "ebitda": "195000000", "netIncome": "-86000000"}, {"fiscalDateEnding": "2014-09-30", "reportedCurrency": "USD", "grossProfit": "850000000", "totalRevenue": "3354000000", "costOfRevenue": "2504000000", "costofGoodsAndServicesSold": "2504000000", "operatingIncome": "550000000", "sellingGeneralAndAdministrative": "323000000", "researchAndDevelopment": "0", "operatingExpenses": "323000000", "investmentIncomeNet": "None", "netInterestIncome": "None", "interestIncome": "None", "interestExpense": "28000000", "nonInterestIncome": "None", "otherNonOperatingIncome": "None", "depreciation": "None", "depreciationAndAmortization": "181000000", "incomeBeforeTax": "522000000", "incomeTaxExpense": "119000000", "interestAndDebtExpense": "None", "netIncomeFromContinuingOperations": "403000000", "comprehensiveIncomeNetOfTax": "None", "ebit": "550000000", "ebitda": "731000000", "netIncome": "404000000"}, {"fiscalDateEnding": "2014-06-30", "reportedCurrency": "USD", "grossProfit": "840000000", "totalRevenue": "3204000000", "costOfRevenue": "2364000000", "costofGoodsAndServicesSold": "2364000000", "operatingIncome": "479000000", "sellingGeneralAndAdministrative": "352000000", "researchAndDevelopment": "0", "operatingExpenses": "352000000", "investmentIncomeNet": "None", "netInterestIncome": "None", "interestIncome": "None", "interestExpense": "29000000", "nonInterestIncome": "None", "otherNonOperatingIncome": "None", "depreciation": "None", "depreciationAndAmortization": "180000000", "incomeBeforeTax": "450000000", "incomeTaxExpense": "112000000", "interestAndDebtExpense": "None", "netIncomeFromContinuingOperations": "338000000", "comprehensiveIncomeNetOfTax": "None", "ebit": "479000000", "ebitda": "659000000", "netIncome": "334000000"}, {"fiscalDateEnding": "2014-03-31", "reportedCurrency": "USD", "grossProfit": "840000000", "totalRevenue": "2724000000", "costOfRevenue": "1884000000", "costofGoodsAndServicesSold": "1884000000", "operatingIncome": "571000000", "sellingGeneralAndAdministrative": "271000000", "researchAndDevelopment": "0", "operatingExpenses": "271000000", "investmentIncomeNet": "None", "netInterestIncome": "None", "interestIncome": "None", "interestExpense": "33000000", "nonInterestIncome": "None", "otherNonOperatingIncome": "-5000000", "depreciation": "None", "depreciationAndAmortization": "140000000", "incomeBeforeTax": "538000000", "incomeTaxExpense": "139000000", "interestAndDebtExpense": "None", "netIncomeFromContinuingOperations": "399000000", "comprehensiveIncomeNetOfTax": "None", "ebit": "571000000", "ebitda": "711000000", "netIncome": "399000000"}, {"fiscalDateEnding": "2013-12-31", "reportedCurrency": "USD", "grossProfit": "1098000000", "totalRevenue": "4179000000", "costOfRevenue": "3081000000", "costofGoodsAndServicesSold": "3081000000", "operatingIncome": "571000000", "sellingGeneralAndAdministrative": "479000000", "researchAndDevelopment": "31000000", "operatingExpenses": "479000000", "investmentIncomeNet": "None", "netInterestIncome": "None", "interestIncome": "None", "interestExpense": "166000000", "nonInterestIncome": "None", "otherNonOperatingIncome": "None", "depreciation": "None", "depreciationAndAmortization": "248000000", "incomeBeforeTax": "418000000", "incomeTaxExpense": "103000000", "interestAndDebtExpense": "None", "netIncomeFromContinuingOperations": "315000000", "comprehensiveIncomeNetOfTax": "None", "ebit": "591000000", "ebitda": "839000000", "netIncome": "321000000"}, {"fiscalDateEnding": "2013-09-30", "reportedCurrency": "USD", "grossProfit": "932000000", "totalRevenue": "3466000000", "costOfRevenue": "2534000000", "costofGoodsAndServicesSold": "2534000000", "operatingIncome": "350000000", "sellingGeneralAndAdministrative": "327000000", "researchAndDevelopment": "0", "operatingExpenses": "327000000", "investmentIncomeNet": "None", "netInterestIncome": "None", "interestIncome": "None", "interestExpense": "31000000", "nonInterestIncome": "None", "otherNonOperatingIncome": "-45000000", "depreciation": "None", "depreciationAndAmortization": "173000000", "incomeBeforeTax": "319000000", "incomeTaxExpense": "183000000", "interestAndDebtExpense": "None", "netIncomeFromContinuingOperations": "137000000", "comprehensiveIncomeNetOfTax": "None", "ebit": "350000000", "ebitda": "523000000", "netIncome": "152000000"}, {"fiscalDateEnding": "2013-06-30", "reportedCurrency": "USD", "grossProfit": "706000000", "totalRevenue": "2904000000", "costOfRevenue": "2198000000", "costofGoodsAndServicesSold": "2198000000", "operatingIncome": "390000000", "sellingGeneralAndAdministrative": "333000000", "researchAndDevelopment": "0", "operatingExpenses": "333000000", "investmentIncomeNet": "None", "netInterestIncome": "None", "interestIncome": "None", "interestExpense": "32000000", "nonInterestIncome": "None", "otherNonOperatingIncome": "-23000000", "depreciation": "None", "depreciationAndAmortization": "170000000", "incomeBeforeTax": "358000000", "incomeTaxExpense": "82000000", "interestAndDebtExpense": "None", "netIncomeFromContinuingOperations": "276000000", "comprehensiveIncomeNetOfTax": "None", "ebit": "390000000", "ebitda": "560000000", "netIncome": "281000000"}, {"fiscalDateEnding": "2013-03-31", "reportedCurrency": "USD", "grossProfit": "739000000", "totalRevenue": "2535000000", "costOfRevenue": "1796000000", "costofGoodsAndServicesSold": "1796000000", "operatingIncome": "487000000", "sellingGeneralAndAdministrative": "273000000", "researchAndDevelopment": "0", "operatingExpenses": "273000000", "investmentIncomeNet": "None", "netInterestIncome": "None", "interestIncome": "None", "interestExpense": "31000000", "nonInterestIncome": "None", "otherNonOperatingIncome": "-25000000", "depreciation": "None", "depreciationAndAmortization": "130000000", "incomeBeforeTax": "456000000", "incomeTaxExpense": "120000000", "interestAndDebtExpense": "None", "netIncomeFromContinuingOperations": "336000000", "comprehensiveIncomeNetOfTax": "None", "ebit": "0", "ebitda": "130000000", "netIncome": "337000000"}, {"fiscalDateEnding": "2012-12-31", "reportedCurrency": "USD", "grossProfit": "1038000000", "totalRevenue": "4153000000", "costOfRevenue": "3115000000", "costofGoodsAndServicesSold": "3115000000", "operatingIncome": "505000000", "sellingGeneralAndAdministrative": "560000000", "researchAndDevelopment": "30000000", "operatingExpenses": "560000000", "investmentIncomeNet": "None", "netInterestIncome": "None", "interestIncome": "None", "interestExpense": "42000000", "nonInterestIncome": "None", "otherNonOperatingIncome": "None", "depreciation": "None", "depreciationAndAmortization": "216000000", "incomeBeforeTax": "463000000", "incomeTaxExpense": "127000000", "interestAndDebtExpense": "None", "netIncomeFromContinuingOperations": "0", "comprehensiveIncomeNetOfTax": "None", "ebit": "496000000", "ebitda": "712000000", "netIncome": "337000000"}, {"fiscalDateEnding": "2012-09-30", "reportedCurrency": "USD", "grossProfit": "1026000000", "totalRevenue": "3569000000", "costOfRevenue": "2543000000", "costofGoodsAndServicesSold": "2543000000", "operatingIncome": "671000000", "sellingGeneralAndAdministrative": "332000000", "researchAndDevelopment": "0", "operatingExpenses": "353000000", "investmentIncomeNet": "None", "netInterestIncome": "None", "interestIncome": "None", "interestExpense": "36000000", "nonInterestIncome": "None", "otherNonOperatingIncome": "None", "depreciation": "None", "depreciationAndAmortization": "150000000", "incomeBeforeTax": "639000000", "incomeTaxExpense": "161000000", "interestAndDebtExpense": "None", "netIncomeFromContinuingOperations": "0", "comprehensiveIncomeNetOfTax": "None", "ebit": "675000000", "ebitda": "825000000", "netIncome": "471000000"}, {"fiscalDateEnding": "2012-06-30", "reportedCurrency": "USD", "grossProfit": "829000000", "totalRevenue": "3168000000", "costOfRevenue": "2339000000", "costofGoodsAndServicesSold": "2339000000", "operatingIncome": "473000000", "sellingGeneralAndAdministrative": "346000000", "researchAndDevelopment": "0", "operatingExpenses": "365000000", "investmentIncomeNet": "None", "netInterestIncome": "None", "interestIncome": "None", "interestExpense": "38000000", "nonInterestIncome": "None", "otherNonOperatingIncome": "None", "depreciation": "None", "depreciationAndAmortization": "141000000", "incomeBeforeTax": "435000000", "incomeTaxExpense": "102000000", "interestAndDebtExpense": "None", "netIncomeFromContinuingOperations": "0", "comprehensiveIncomeNetOfTax": "None", "ebit": "494000000", "ebitda": "635000000", "netIncome": "331000000"}, {"fiscalDateEnding": "2012-03-31", "reportedCurrency": "USD", "grossProfit": "839000000", "totalRevenue": "2743000000", "costOfRevenue": "1904000000", "costofGoodsAndServicesSold": "1904000000", "operatingIncome": "645000000", "sellingGeneralAndAdministrative": "272000000", "researchAndDevelopment": "0", "operatingExpenses": "219000000", "investmentIncomeNet": "None", "netInterestIncome": "None", "interestIncome": "None", "interestExpense": "37000000", "nonInterestIncome": "None", "otherNonOperatingIncome": "None", "depreciation": "None", "depreciationAndAmortization": "138000000", "incomeBeforeTax": "608000000", "incomeTaxExpense": "147000000", "interestAndDebtExpense": "None", "netIncomeFromContinuingOperations": "0", "comprehensiveIncomeNetOfTax": "None", "ebit": "637000000", "ebitda": "775000000", "netIncome": "458000000"}, {"fiscalDateEnding": "2011-12-31", "reportedCurrency": "USD", "grossProfit": "1026000000", "totalRevenue": "4111000000", "costOfRevenue": "3085000000", "costofGoodsAndServicesSold": "3085000000", "operatingIncome": "507000000", "sellingGeneralAndAdministrative": "618000000", "researchAndDevelopment": "34000000", "operatingExpenses": "499000000", "investmentIncomeNet": "None", "netInterestIncome": "None", "interestIncome": "None", "interestExpense": "55000000", "nonInterestIncome": "None", "otherNonOperatingIncome": "None", "depreciation": "None", "depreciationAndAmortization": "202000000", "incomeBeforeTax": "461000000", "incomeTaxExpense": "104000000", "interestAndDebtExpense": "None", "netIncomeFromContinuingOperations": "0", "comprehensiveIncomeNetOfTax": "None", "ebit": "516000000", "ebitda": "718000000", "netIncome": "356000000"}, {"fiscalDateEnding": "2011-09-30", "reportedCurrency": "USD", "grossProfit": "914000000", "totalRevenue": "3274000000", "costOfRevenue": "2360000000", "costofGoodsAndServicesSold": "2360000000", "operatingIncome": "488000000", "sellingGeneralAndAdministrative": "310000000", "researchAndDevelopment": "0", "operatingExpenses": "335000000", "investmentIncomeNet": "None", "netInterestIncome": "None", "interestIncome": "None", "interestExpense": "40000000", "nonInterestIncome": "None", "otherNonOperatingIncome": "None", "depreciation": "None", "depreciationAndAmortization": "157000000", "incomeBeforeTax": "456000000", "incomeTaxExpense": "67000000", "interestAndDebtExpense": "None", "netIncomeFromContinuingOperations": "389000000", "comprehensiveIncomeNetOfTax": "None", "ebit": "496000000", "ebitda": "653000000", "netIncome": "383000000"}, {"fiscalDateEnding": "2011-06-30", "reportedCurrency": "USD", "grossProfit": "771000000", "totalRevenue": "2816000000", "costOfRevenue": "2045000000", "costofGoodsAndServicesSold": "2045000000", "operatingIncome": "419000000", "sellingGeneralAndAdministrative": "308000000", "researchAndDevelopment": "0", "operatingExpenses": "328000000", "investmentIncomeNet": "None", "netInterestIncome": "None", "interestIncome": "None", "interestExpense": "41000000", "nonInterestIncome": "None", "otherNonOperatingIncome": "None", "depreciation": "None", "depreciationAndAmortization": "146000000", "incomeBeforeTax": "384000000", "incomeTaxExpense": "62000000", "interestAndDebtExpense": "None", "netIncomeFromContinuingOperations": "322000000", "comprehensiveIncomeNetOfTax": "None", "ebit": "425000000", "ebitda": "571000000", "netIncome": "316000000"}, {"fiscalDateEnding": "2011-03-31", "reportedCurrency": "USD", "grossProfit": "734000000", "totalRevenue": "2425000000", "costOfRevenue": "1691000000", "costofGoodsAndServicesSold": "1691000000", "operatingIncome": "401000000", "sellingGeneralAndAdministrative": "823000000", "researchAndDevelopment": "0", "operatingExpenses": "264000000", "investmentIncomeNet": "None", "netInterestIncome": "None", "interestIncome": "None", "interestExpense": "48000000", "nonInterestIncome": "None", "otherNonOperatingIncome": "None", "depreciation": "None", "depreciationAndAmortization": "123000000", "incomeBeforeTax": "358000000", "incomeTaxExpense": "91000000", "interestAndDebtExpense": "None", "netIncomeFromContinuingOperations": "267000000", "comprehensiveIncomeNetOfTax": "None", "ebit": "406000000", "ebitda": "529000000", "netIncome": "264000000"}, {"fiscalDateEnding": "2010-12-31", "reportedCurrency": "USD", "grossProfit": "930000000", "totalRevenue": "3562000000", "costOfRevenue": "2632000000", "costofGoodsAndServicesSold": "2632000000", "operatingIncome": "440000000", "sellingGeneralAndAdministrative": "568000000", "researchAndDevelopment": "33000000", "operatingExpenses": "464000000", "investmentIncomeNet": "None", "netInterestIncome": "None", "interestIncome": "None", "interestExpense": "62000000", "nonInterestIncome": "None", "otherNonOperatingIncome": "None", "depreciation": "None", "depreciationAndAmortization": "206000000", "incomeBeforeTax": "386000000", "incomeTaxExpense": "109000000", "interestAndDebtExpense": "None", "netIncomeFromContinuingOperations": "0", "comprehensiveIncomeNetOfTax": "None", "ebit": "448000000", "ebitda": "654000000", "netIncome": "274000000"}, {"fiscalDateEnding": "2010-09-30", "reportedCurrency": "USD", "grossProfit": "845000000", "totalRevenue": "2862000000", "costOfRevenue": "2017000000", "costofGoodsAndServicesSold": "2017000000", "operatingIncome": "544000000", "sellingGeneralAndAdministrative": "285000000", "researchAndDevelopment": "0", "operatingExpenses": "296000000", "investmentIncomeNet": "None", "netInterestIncome": "None", "interestIncome": "None", "interestExpense": "38000000", "nonInterestIncome": "None", "otherNonOperatingIncome": "None", "depreciation": "None", "depreciationAndAmortization": "127000000", "incomeBeforeTax": "506000000", "incomeTaxExpense": "139000000", "interestAndDebtExpense": "None", "netIncomeFromContinuingOperations": "0", "comprehensiveIncomeNetOfTax": "None", "ebit": "550000000", "ebitda": "677000000", "netIncome": "357000000"}, {"fiscalDateEnding": "2010-06-30", "reportedCurrency": "USD", "grossProfit": "696000000", "totalRevenue": "2574000000", "costOfRevenue": "1878000000", "costofGoodsAndServicesSold": "1878000000", "operatingIncome": "421000000", "sellingGeneralAndAdministrative": "283000000", "researchAndDevelopment": "0", "operatingExpenses": "283000000", "investmentIncomeNet": "None", "netInterestIncome": "None", "interestIncome": "None", "interestExpense": "45000000", "nonInterestIncome": "None", "otherNonOperatingIncome": "None", "depreciation": "None", "depreciationAndAmortization": "137000000", "incomeBeforeTax": "379000000", "incomeTaxExpense": "90000000", "interestAndDebtExpense": "None", "netIncomeFromContinuingOperations": "0", "comprehensiveIncomeNetOfTax": "None", "ebit": "424000000", "ebitda": "561000000", "netIncome": "286000000"}, {"fiscalDateEnding": "2010-03-31", "reportedCurrency": "USD", "grossProfit": "666000000", "totalRevenue": "2345000000", "costOfRevenue": "1679000000", "costofGoodsAndServicesSold": "1679000000", "operatingIncome": "364000000", "sellingGeneralAndAdministrative": "815000000", "researchAndDevelopment": "0", "operatingExpenses": "235000000", "investmentIncomeNet": "None", "netInterestIncome": "None", "interestIncome": "None", "interestExpense": "41000000", "nonInterestIncome": "None", "otherNonOperatingIncome": "None", "depreciation": "None", "depreciationAndAmortization": "119000000", "incomeBeforeTax": "323000000", "incomeTaxExpense": "78000000", "interestAndDebtExpense": "None", "netIncomeFromContinuingOperations": "0", "comprehensiveIncomeNetOfTax": "None", "ebit": "367000000", "ebitda": "486000000", "netIncome": "241000000"}, {"fiscalDateEnding": "2009-12-31", "reportedCurrency": "USD", "grossProfit": "832000000", "totalRevenue": "3365000000", "costOfRevenue": "2533000000", "costofGoodsAndServicesSold": "2533000000", "operatingIncome": "375000000", "sellingGeneralAndAdministrative": "1307000000", "researchAndDevelopment": "31000000", "operatingExpenses": "488000000", "investmentIncomeNet": "None", "netInterestIncome": "None", "interestIncome": "None", "interestExpense": "63000000", "nonInterestIncome": "None", "otherNonOperatingIncome": "None", "depreciation": "None", "depreciationAndAmortization": "195000000", "incomeBeforeTax": "319000000", "incomeTaxExpense": "101000000", "interestAndDebtExpense": "None", "netIncomeFromContinuingOperations": "0", "comprehensiveIncomeNetOfTax": "None", "ebit": "382000000", "ebitda": "577000000", "netIncome": "216000000"}, {"fiscalDateEnding": "2009-09-30", "reportedCurrency": "USD", "grossProfit": "742000000", "totalRevenue": "2778000000", "costOfRevenue": "2036000000", "costofGoodsAndServicesSold": "2036000000", "operatingIncome": "470000000", "sellingGeneralAndAdministrative": "276000000", "researchAndDevelopment": "0", "operatingExpenses": "263000000", "investmentIncomeNet": "None", "netInterestIncome": "None", "interestIncome": "None", "interestExpense": "42000000", "nonInterestIncome": "None", "otherNonOperatingIncome": "None", "depreciation": "None", "depreciationAndAmortization": "139000000", "incomeBeforeTax": "428000000", "incomeTaxExpense": "88000000", "interestAndDebtExpense": "None", "netIncomeFromContinuingOperations": "0", "comprehensiveIncomeNetOfTax": "None", "ebit": "474000000", "ebitda": "613000000", "netIncome": "334000000"}, {"fiscalDateEnding": "2009-06-30", "reportedCurrency": "USD", "grossProfit": "623000000", "totalRevenue": "2476000000", "costOfRevenue": "1853000000", "costofGoodsAndServicesSold": "1853000000", "operatingIncome": "394000000", "sellingGeneralAndAdministrative": "281000000", "researchAndDevelopment": "0", "operatingExpenses": "207000000", "investmentIncomeNet": "None", "netInterestIncome": "None", "interestIncome": "None", "interestExpense": "47000000", "nonInterestIncome": "None", "otherNonOperatingIncome": "None", "depreciation": "None", "depreciationAndAmortization": "129000000", "incomeBeforeTax": "306000000", "incomeTaxExpense": "45000000", "interestAndDebtExpense": "None", "netIncomeFromContinuingOperations": "0", "comprehensiveIncomeNetOfTax": "None", "ebit": "398000000", "ebitda": "527000000", "netIncome": "303000000"}, {"fiscalDateEnding": "2009-03-31", "reportedCurrency": "USD", "grossProfit": "607000000", "totalRevenue": "2217000000", "costOfRevenue": "1610000000", "costofGoodsAndServicesSold": "1610000000", "operatingIncome": "351000000", "sellingGeneralAndAdministrative": "797000000", "researchAndDevelopment": "0", "operatingExpenses": "252000000", "investmentIncomeNet": "None", "netInterestIncome": "None", "interestIncome": "None", "interestExpense": "57000000", "nonInterestIncome": "None", "otherNonOperatingIncome": "None", "depreciation": "None", "depreciationAndAmortization": "117000000", "incomeBeforeTax": "298000000", "incomeTaxExpense": "79000000", "interestAndDebtExpense": "None", "netIncomeFromContinuingOperations": "0", "comprehensiveIncomeNetOfTax": "None", "ebit": "355000000", "ebitda": "472000000", "netIncome": "218000000"}, {"fiscalDateEnding": "2008-12-31", "reportedCurrency": "USD", "grossProfit": "766000000", "totalRevenue": "3383000000", "costOfRevenue": "2617000000", "costofGoodsAndServicesSold": "2617000000", "operatingIncome": "360000000", "sellingGeneralAndAdministrative": "1325000000", "researchAndDevelopment": "34000000", "operatingExpenses": "372000000", "investmentIncomeNet": "None", "netInterestIncome": "None", "interestIncome": "None", "interestExpense": "179000000", "nonInterestIncome": "None", "otherNonOperatingIncome": "None", "depreciation": "None", "depreciationAndAmortization": "167000000", "incomeBeforeTax": "286000000", "incomeTaxExpense": "82000000", "interestAndDebtExpense": "None", "netIncomeFromContinuingOperations": "0", "comprehensiveIncomeNetOfTax": "None", "ebit": "378000000", "ebitda": "545000000", "netIncome": "204000000"}, {"fiscalDateEnding": "2008-09-30", "reportedCurrency": "USD", "grossProfit": "711000000", "totalRevenue": "2835000000", "costOfRevenue": "2124000000", "costofGoodsAndServicesSold": "2124000000", "operatingIncome": "407000000", "sellingGeneralAndAdministrative": "1024000000", "researchAndDevelopment": "0", "operatingExpenses": "301000000", "investmentIncomeNet": "None", "netInterestIncome": "None", "interestIncome": "None", "interestExpense": "53000000", "nonInterestIncome": "None", "otherNonOperatingIncome": "None", "depreciation": "None", "depreciationAndAmortization": "139000000", "incomeBeforeTax": "360000000", "incomeTaxExpense": "78000000", "interestAndDebtExpense": "None", "netIncomeFromContinuingOperations": "0", "comprehensiveIncomeNetOfTax": "None", "ebit": "400000000", "ebitda": "539000000", "netIncome": "282000000"}, {"fiscalDateEnding": "2008-06-30", "reportedCurrency": "USD", "grossProfit": "628000000", "totalRevenue": "2653000000", "costOfRevenue": "2025000000", "costofGoodsAndServicesSold": "2025000000", "operatingIncome": "315000000", "sellingGeneralAndAdministrative": "989000000", "researchAndDevelopment": "0", "operatingExpenses": "313000000", "investmentIncomeNet": "None", "netInterestIncome": "None", "interestIncome": "None", "interestExpense": "59000000", "nonInterestIncome": "None", "otherNonOperatingIncome": "None", "depreciation": "None", "depreciationAndAmortization": "130000000", "incomeBeforeTax": "263000000", "incomeTaxExpense": "39000000", "interestAndDebtExpense": "None", "netIncomeFromContinuingOperations": "0", "comprehensiveIncomeNetOfTax": "None", "ebit": "311000000", "ebitda": "441000000", "netIncome": "224000000"}, {"fiscalDateEnding": "2008-03-31", "reportedCurrency": "USD", "grossProfit": "1155000000", "totalRevenue": "2408000000", "costOfRevenue": "1253000000", "costofGoodsAndServicesSold": "1253000000", "operatingIncome": "424000000", "sellingGeneralAndAdministrative": "1012000000", "researchAndDevelopment": "0", "operatingExpenses": "733000000", "investmentIncomeNet": "None", "netInterestIncome": "None", "interestIncome": "None", "interestExpense": "59000000", "nonInterestIncome": "None", "otherNonOperatingIncome": "None", "depreciation": "None", "depreciationAndAmortization": "120000000", "incomeBeforeTax": "371000000", "incomeTaxExpense": "117000000", "interestAndDebtExpense": "None", "netIncomeFromContinuingOperations": "0", "comprehensiveIncomeNetOfTax": "None", "ebit": "432000000", "ebitda": "552000000", "netIncome": "254000000"}, {"fiscalDateEnding": "2007-12-31", "reportedCurrency": "USD", "grossProfit": "756000000", "totalRevenue": "3262000000", "costOfRevenue": "2506000000", "costofGoodsAndServicesSold": "2506000000", "operatingIncome": "330000000", "sellingGeneralAndAdministrative": "1309000000", "researchAndDevelopment": "39000000", "operatingExpenses": "414000000", "investmentIncomeNet": "None", "netInterestIncome": "None", "interestIncome": "None", "interestExpense": "166000000", "nonInterestIncome": "None", "otherNonOperatingIncome": "None", "depreciation": "None", "depreciationAndAmortization": "180000000", "incomeBeforeTax": "276000000", "incomeTaxExpense": "45000000", "interestAndDebtExpense": "None", "netIncomeFromContinuingOperations": "0", "comprehensiveIncomeNetOfTax": "None", "ebit": "342000000", "ebitda": "522000000", "netIncome": "231000000"}, {"fiscalDateEnding": "2007-09-30", "reportedCurrency": "USD", "grossProfit": "674000000", "totalRevenue": "2564000000", "costOfRevenue": "1890000000", "costofGoodsAndServicesSold": "1890000000", "operatingIncome": "401000000", "sellingGeneralAndAdministrative": "927000000", "researchAndDevelopment": "0", "operatingExpenses": "274000000", "investmentIncomeNet": "None", "netInterestIncome": "None", "interestIncome": "None", "interestExpense": "38000000", "nonInterestIncome": "None", "otherNonOperatingIncome": "None", "depreciation": "None", "depreciationAndAmortization": "129000000", "incomeBeforeTax": "363000000", "incomeTaxExpense": "93000000", "interestAndDebtExpense": "None", "netIncomeFromContinuingOperations": "0", "comprehensiveIncomeNetOfTax": "None", "ebit": "400000000", "ebitda": "529000000", "netIncome": "270000000"}, {"fiscalDateEnding": "2007-06-30", "reportedCurrency": "USD", "grossProfit": "594000000", "totalRevenue": "2367000000", "costOfRevenue": "1773000000", "costofGoodsAndServicesSold": "1773000000", "operatingIncome": "310000000", "sellingGeneralAndAdministrative": "885000000", "researchAndDevelopment": "0", "operatingExpenses": "275000000", "investmentIncomeNet": "None", "netInterestIncome": "None", "interestIncome": "None", "interestExpense": "36000000", "nonInterestIncome": "None", "otherNonOperatingIncome": "None", "depreciation": "None", "depreciationAndAmortization": "121000000", "incomeBeforeTax": "272000000", "incomeTaxExpense": "58000000", "interestAndDebtExpense": "None", "netIncomeFromContinuingOperations": "0", "comprehensiveIncomeNetOfTax": "None", "ebit": "319000000", "ebitda": "440000000", "netIncome": "214000000"}, {"fiscalDateEnding": "2007-03-31", "reportedCurrency": "USD", "grossProfit": "1083000000", "totalRevenue": "2223000000", "costOfRevenue": "1140000000", "costofGoodsAndServicesSold": "1140000000", "operatingIncome": "316000000", "sellingGeneralAndAdministrative": "816000000", "researchAndDevelopment": "0", "operatingExpenses": "763000000", "investmentIncomeNet": "None", "netInterestIncome": "None", "interestIncome": "None", "interestExpense": "36000000", "nonInterestIncome": "None", "otherNonOperatingIncome": "None", "depreciation": "None", "depreciationAndAmortization": "112000000", "incomeBeforeTax": "280000000", "incomeTaxExpense": "86000000", "interestAndDebtExpense": "None", "netIncomeFromContinuingOperations": "0", "comprehensiveIncomeNetOfTax": "None", "ebit": "320000000", "ebitda": "432000000", "netIncome": "194000000"}, {"fiscalDateEnding": "2006-12-31", "reportedCurrency": "USD", "grossProfit": "-725000000", "totalRevenue": "3016000000", "costOfRevenue": "3741000000", "costofGoodsAndServicesSold": "3741000000", "operatingIncome": "329000000", "sellingGeneralAndAdministrative": "1194000000", "researchAndDevelopment": "33000000", "operatingExpenses": "-1088000000", "investmentIncomeNet": "None", "netInterestIncome": "None", "interestIncome": "None", "interestExpense": "49000000", "nonInterestIncome": "None", "otherNonOperatingIncome": "None", "depreciation": "None", "depreciationAndAmortization": "160000000", "incomeBeforeTax": "280000000", "incomeTaxExpense": "48000000", "interestAndDebtExpense": "None", "netIncomeFromContinuingOperations": "0", "comprehensiveIncomeNetOfTax": "None", "ebit": "363000000", "ebitda": "523000000", "netIncome": "232000000"}, {"fiscalDateEnding": "2006-09-30", "reportedCurrency": "USD", "grossProfit": "1102000000", "totalRevenue": "2278000000", "costOfRevenue": "1176000000", "costofGoodsAndServicesSold": "1176000000", "operatingIncome": "344000000", "sellingGeneralAndAdministrative": "841000000", "researchAndDevelopment": "0", "operatingExpenses": "757000000", "investmentIncomeNet": "None", "netInterestIncome": "None", "interestIncome": "None", "interestExpense": "2000000", "nonInterestIncome": "None", "otherNonOperatingIncome": "None", "depreciation": "None", "depreciationAndAmortization": "109000000", "incomeBeforeTax": "310000000", "incomeTaxExpense": "80000000", "interestAndDebtExpense": "None", "netIncomeFromContinuingOperations": "0", "comprehensiveIncomeNetOfTax": "None", "ebit": "345000000", "ebitda": "454000000", "netIncome": "230000000"}, {"fiscalDateEnding": "2006-06-30", "reportedCurrency": "USD", "grossProfit": "1063000000", "totalRevenue": "2182000000", "costOfRevenue": "1119000000", "costofGoodsAndServicesSold": "1119000000", "operatingIncome": "307000000", "sellingGeneralAndAdministrative": "800000000", "researchAndDevelopment": "0", "operatingExpenses": "738000000", "investmentIncomeNet": "None", "netInterestIncome": "None", "interestIncome": "None", "interestExpense": "36000000", "nonInterestIncome": "None", "otherNonOperatingIncome": "None", "depreciation": "None", "depreciationAndAmortization": "111000000", "incomeBeforeTax": "271000000", "incomeTaxExpense": "79000000", "interestAndDebtExpense": "None", "netIncomeFromContinuingOperations": "0", "comprehensiveIncomeNetOfTax": "None", "ebit": "325000000", "ebitda": "436000000", "netIncome": "192000000"}, {"fiscalDateEnding": "2006-03-31", "reportedCurrency": "USD", "grossProfit": "1027000000", "totalRevenue": "2085000000", "costOfRevenue": "1058000000", "costofGoodsAndServicesSold": "1058000000", "operatingIncome": "282000000", "sellingGeneralAndAdministrative": "755000000", "researchAndDevelopment": "0", "operatingExpenses": "735000000", "investmentIncomeNet": "None", "netInterestIncome": "None", "interestIncome": "None", "interestExpense": "127000000", "nonInterestIncome": "None", "otherNonOperatingIncome": "None", "depreciation": "None", "depreciationAndAmortization": "99000000", "incomeBeforeTax": "247000000", "incomeTaxExpense": "77000000", "interestAndDebtExpense": "None", "netIncomeFromContinuingOperations": "0", "comprehensiveIncomeNetOfTax": "None", "ebit": "288000000", "ebitda": "387000000", "netIncome": "170000000"}, {"fiscalDateEnding": "2005-12-31", "reportedCurrency": "USD", "grossProfit": "684000000", "totalRevenue": "2899000000", "costOfRevenue": "2215000000", "costofGoodsAndServicesSold": "2215000000", "operatingIncome": "293000000", "sellingGeneralAndAdministrative": "906000000", "researchAndDevelopment": "33000000", "operatingExpenses": "391000000", "investmentIncomeNet": "None", "netInterestIncome": "None", "interestIncome": "None", "interestExpense": "47000000", "nonInterestIncome": "None", "otherNonOperatingIncome": "None", "depreciation": "None", "depreciationAndAmortization": "150000000", "incomeBeforeTax": "252000000", "incomeTaxExpense": "52000000", "interestAndDebtExpense": "None", "netIncomeFromContinuingOperations": "0", "comprehensiveIncomeNetOfTax": "None", "ebit": "293000000", "ebitda": "443000000", "netIncome": "200000000"}, {"fiscalDateEnding": "2005-09-30", "reportedCurrency": "USD", "grossProfit": "545000000", "totalRevenue": "2243000000", "costOfRevenue": "1698000000", "costofGoodsAndServicesSold": "1698000000", "operatingIncome": "322000000", "sellingGeneralAndAdministrative": "825000000", "researchAndDevelopment": "0", "operatingExpenses": "223000000", "investmentIncomeNet": "None", "netInterestIncome": "None", "interestIncome": "None", "interestExpense": "2000000", "nonInterestIncome": "None", "otherNonOperatingIncome": "None", "depreciation": "None", "depreciationAndAmortization": "111000000", "incomeBeforeTax": "294000000", "incomeTaxExpense": "80000000", "interestAndDebtExpense": "None", "netIncomeFromContinuingOperations": "0", "comprehensiveIncomeNetOfTax": "None", "ebit": "325000000", "ebitda": "436000000", "netIncome": "205000000"}, {"fiscalDateEnding": "2005-06-30", "reportedCurrency": "USD", "grossProfit": "1023000000", "totalRevenue": "2153000000", "costOfRevenue": "1130000000", "costofGoodsAndServicesSold": "1130000000", "operatingIncome": "274000000", "sellingGeneralAndAdministrative": "803000000", "researchAndDevelopment": "0", "operatingExpenses": "749000000", "investmentIncomeNet": "None", "netInterestIncome": "None", "interestIncome": "None", "interestExpense": "2000000", "nonInterestIncome": "None", "otherNonOperatingIncome": "None", "depreciation": "None", "depreciationAndAmortization": "111000000", "incomeBeforeTax": "244000000", "incomeTaxExpense": "57000000", "interestAndDebtExpense": "None", "netIncomeFromContinuingOperations": "0", "comprehensiveIncomeNetOfTax": "None", "ebit": "249000000", "ebitda": "360000000", "netIncome": "178000000"}, {"fiscalDateEnding": "2005-03-31", "reportedCurrency": "USD", "grossProfit": "989000000", "totalRevenue": "2054000000", "costOfRevenue": "1065000000", "costofGoodsAndServicesSold": "1065000000", "operatingIncome": "264000000", "sellingGeneralAndAdministrative": "738000000", "researchAndDevelopment": "0", "operatingExpenses": "725000000", "investmentIncomeNet": "None", "netInterestIncome": "None", "interestIncome": "None", "interestExpense": "28000000", "nonInterestIncome": "None", "otherNonOperatingIncome": "None", "depreciation": "None", "depreciationAndAmortization": "97000000", "incomeBeforeTax": "236000000", "incomeTaxExpense": "75000000", "interestAndDebtExpense": "None", "netIncomeFromContinuingOperations": "0", "comprehensiveIncomeNetOfTax": "None", "ebit": "262000000", "ebitda": "359000000", "netIncome": "153000000"}, {"fiscalDateEnding": "2004-12-31", "reportedCurrency": "USD", "grossProfit": "1301000000", "totalRevenue": "2785000000", "costOfRevenue": "1484000000", "costofGoodsAndServicesSold": "1484000000", "operatingIncome": "346000000", "sellingGeneralAndAdministrative": "1027000000", "researchAndDevelopment": "26000000", "operatingExpenses": "955000000", "investmentIncomeNet": "None", "netInterestIncome": "None", "interestIncome": "None", "interestExpense": "173000000", "nonInterestIncome": "None", "otherNonOperatingIncome": "None", "depreciation": "None", "depreciationAndAmortization": "146000000", "incomeBeforeTax": "313000000", "incomeTaxExpense": "78000000", "interestAndDebtExpense": "None", "netIncomeFromContinuingOperations": "0", "comprehensiveIncomeNetOfTax": "None", "ebit": "346000000", "ebitda": "492000000", "netIncome": "235000000"}]}