{"symbol": "DGX", "annualReports": [{"fiscalDateEnding": "2024-12-31", "reportedCurrency": "USD", "grossProfit": "3244000000", "totalRevenue": "9872000000", "costOfRevenue": "6628000000", "costofGoodsAndServicesSold": "6628000000", "operatingIncome": "1346000000", "sellingGeneralAndAdministrative": "1770000000", "researchAndDevelopment": "None", "operatingExpenses": "1927000000", "investmentIncomeNet": "None", "netInterestIncome": "-201000000", "interestIncome": "25000000", "interestExpense": "226000000", "nonInterestIncome": "None", "otherNonOperatingIncome": "None", "depreciation": "None", "depreciationAndAmortization": "493000000", "incomeBeforeTax": "1175000000", "incomeTaxExpense": "273000000", "interestAndDebtExpense": "None", "netIncomeFromContinuingOperations": "921000000", "comprehensiveIncomeNetOfTax": "None", "ebit": "1416000000", "ebitda": "1909000000", "netIncome": "871000000"}, {"fiscalDateEnding": "2023-12-31", "reportedCurrency": "USD", "grossProfit": "3053000000", "totalRevenue": "9252000000", "costOfRevenue": "6199000000", "costofGoodsAndServicesSold": "6199000000", "operatingIncome": "1262000000", "sellingGeneralAndAdministrative": "1798000000", "researchAndDevelopment": "None", "operatingExpenses": "1642000000", "investmentIncomeNet": "None", "netInterestIncome": "-144000000", "interestIncome": "9000000", "interestExpense": "152000000", "nonInterestIncome": "None", "otherNonOperatingIncome": "None", "depreciation": "None", "depreciationAndAmortization": "439000000", "incomeBeforeTax": "1130000000", "incomeTaxExpense": "-248000000", "interestAndDebtExpense": "None", "netIncomeFromContinuingOperations": "819000000", "comprehensiveIncomeNetOfTax": "None", "ebit": "1262000000", "ebitda": "1262000000", "netIncome": "854000000"}, {"fiscalDateEnding": "2022-12-31", "reportedCurrency": "USD", "grossProfit": "3433000000", "totalRevenue": "9883000000", "costOfRevenue": "6450000000", "costofGoodsAndServicesSold": "6450000000", "operatingIncome": "1428000000", "sellingGeneralAndAdministrative": "1818000000", "researchAndDevelopment": "None", "operatingExpenses": "2005000000", "investmentIncomeNet": "None", "netInterestIncome": "-138000000", "interestIncome": "138000000", "interestExpense": "138000000", "nonInterestIncome": "None", "otherNonOperatingIncome": "-11000000", "depreciation": "None", "depreciationAndAmortization": "437000000", "incomeBeforeTax": "1235000000", "incomeTaxExpense": "264000000", "interestAndDebtExpense": "None", "netIncomeFromContinuingOperations": "1015000000", "comprehensiveIncomeNetOfTax": "None", "ebit": "1383000000", "ebitda": "1820000000", "netIncome": "946000000"}, {"fiscalDateEnding": "2021-12-31", "reportedCurrency": "USD", "grossProfit": "4209000000", "totalRevenue": "10788000000", "costOfRevenue": "6579000000", "costofGoodsAndServicesSold": "6579000000", "operatingIncome": "2381000000", "sellingGeneralAndAdministrative": "1727000000", "researchAndDevelopment": "None", "operatingExpenses": "1828000000", "investmentIncomeNet": "None", "netInterestIncome": "-151000000", "interestIncome": "151000000", "interestExpense": "151000000", "nonInterestIncome": "None", "otherNonOperatingIncome": "447000000", "depreciation": "None", "depreciationAndAmortization": "408000000", "incomeBeforeTax": "2599000000", "incomeTaxExpense": "597000000", "interestAndDebtExpense": "None", "netIncomeFromContinuingOperations": "2080000000", "comprehensiveIncomeNetOfTax": "None", "ebit": "2751000000", "ebitda": "3159000000", "netIncome": "1995000000"}, {"fiscalDateEnding": "2020-12-31", "reportedCurrency": "USD", "grossProfit": "3633000000", "totalRevenue": "9437000000", "costOfRevenue": "5804000000", "costofGoodsAndServicesSold": "5804000000", "operatingIncome": "1971000000", "sellingGeneralAndAdministrative": "1550000000", "researchAndDevelopment": "None", "operatingExpenses": "1662000000", "investmentIncomeNet": "None", "netInterestIncome": "-163000000", "interestIncome": "163000000", "interestExpense": "163000000", "nonInterestIncome": "None", "otherNonOperatingIncome": "151000000", "depreciation": "None", "depreciationAndAmortization": "361000000", "incomeBeforeTax": "1884000000", "incomeTaxExpense": "460000000", "interestAndDebtExpense": "None", "netIncomeFromContinuingOperations": "1499000000", "comprehensiveIncomeNetOfTax": "None", "ebit": "2050000000", "ebitda": "2411000000", "netIncome": "1431000000"}, {"fiscalDateEnding": "2019-12-31", "reportedCurrency": "USD", "grossProfit": "2689000000", "totalRevenue": "7726000000", "costOfRevenue": "5037000000", "costofGoodsAndServicesSold": "5037000000", "operatingIncome": "1231000000", "sellingGeneralAndAdministrative": "1457000000", "researchAndDevelopment": "None", "operatingExpenses": "1458000000", "investmentIncomeNet": "None", "netInterestIncome": "-175000000", "interestIncome": "5000000", "interestExpense": "175000000", "nonInterestIncome": "None", "otherNonOperatingIncome": "77000000", "depreciation": "None", "depreciationAndAmortization": "329000000", "incomeBeforeTax": "1076000000", "incomeTaxExpense": "247000000", "interestAndDebtExpense": "None", "netIncomeFromContinuingOperations": "886000000", "comprehensiveIncomeNetOfTax": "None", "ebit": "1256000000", "ebitda": "1585000000", "netIncome": "858000000"}, {"fiscalDateEnding": "2018-12-31", "reportedCurrency": "USD", "grossProfit": "2605000000", "totalRevenue": "7531000000", "costOfRevenue": "4926000000", "costofGoodsAndServicesSold": "4926000000", "operatingIncome": "1101000000", "sellingGeneralAndAdministrative": "1424000000", "researchAndDevelopment": "0", "operatingExpenses": "1500000000", "investmentIncomeNet": "None", "netInterestIncome": "-167000000", "interestIncome": "2000000", "interestExpense": "167000000", "nonInterestIncome": "None", "otherNonOperatingIncome": "36000000", "depreciation": "None", "depreciationAndAmortization": "309000000", "incomeBeforeTax": "926000000", "incomeTaxExpense": "182000000", "interestAndDebtExpense": "None", "netIncomeFromContinuingOperations": "744000000", "comprehensiveIncomeNetOfTax": "None", "ebit": "1095000000", "ebitda": "1404000000", "netIncome": "736000000"}, {"fiscalDateEnding": "2017-12-31", "reportedCurrency": "USD", "grossProfit": "2990000000", "totalRevenue": "7709000000", "costOfRevenue": "4719000000", "costofGoodsAndServicesSold": "4719000000", "operatingIncome": "1165000000", "sellingGeneralAndAdministrative": "1750000000", "researchAndDevelopment": "0", "operatingExpenses": "1825000000", "investmentIncomeNet": "None", "netInterestIncome": "-151000000", "interestIncome": "2000000", "interestExpense": "151000000", "nonInterestIncome": "None", "otherNonOperatingIncome": "51000000", "depreciation": "None", "depreciationAndAmortization": "270000000", "incomeBeforeTax": "1030000000", "incomeTaxExpense": "241000000", "interestAndDebtExpense": "None", "netIncomeFromContinuingOperations": "789000000", "comprehensiveIncomeNetOfTax": "None", "ebit": "1183000000", "ebitda": "1453000000", "netIncome": "772000000"}, {"fiscalDateEnding": "2016-12-31", "reportedCurrency": "USD", "grossProfit": "2899000000", "totalRevenue": "7515000000", "costOfRevenue": "4616000000", "costofGoodsAndServicesSold": "4616000000", "operatingIncome": "1277000000", "sellingGeneralAndAdministrative": "1681000000", "researchAndDevelopment": "0", "operatingExpenses": "1740000000", "investmentIncomeNet": "None", "netInterestIncome": "-143000000", "interestIncome": "1000000", "interestExpense": "143000000", "nonInterestIncome": "None", "otherNonOperatingIncome": "-9000000", "depreciation": "None", "depreciationAndAmortization": "249000000", "incomeBeforeTax": "1086000000", "incomeTaxExpense": "429000000", "interestAndDebtExpense": "None", "netIncomeFromContinuingOperations": "696000000", "comprehensiveIncomeNetOfTax": "None", "ebit": "1230000000", "ebitda": "1479000000", "netIncome": "645000000"}, {"fiscalDateEnding": "2015-12-31", "reportedCurrency": "USD", "grossProfit": "2836000000", "totalRevenue": "7493000000", "costOfRevenue": "4657000000", "costofGoodsAndServicesSold": "4657000000", "operatingIncome": "1399000000", "sellingGeneralAndAdministrative": "1679000000", "researchAndDevelopment": "0", "operatingExpenses": "1771000000", "investmentIncomeNet": "None", "netInterestIncome": "None", "interestIncome": "130000000", "interestExpense": "153000000", "nonInterestIncome": "None", "otherNonOperatingIncome": "-120000000", "depreciation": "None", "depreciationAndAmortization": "304000000", "incomeBeforeTax": "1103000000", "incomeTaxExpense": "373000000", "interestAndDebtExpense": "None", "netIncomeFromContinuingOperations": "753000000", "comprehensiveIncomeNetOfTax": "None", "ebit": "1251000000", "ebitda": "1555000000", "netIncome": "709000000"}, {"fiscalDateEnding": "2014-12-31", "reportedCurrency": "USD", "grossProfit": "2798000000", "totalRevenue": "7435000000", "costOfRevenue": "4637000000", "costofGoodsAndServicesSold": "4637000000", "operatingIncome": "983000000", "sellingGeneralAndAdministrative": "1728000000", "researchAndDevelopment": "0", "operatingExpenses": "1815000000", "investmentIncomeNet": "None", "netInterestIncome": "None", "interestIncome": "None", "interestExpense": "164000000", "nonInterestIncome": "None", "otherNonOperatingIncome": "30000000", "depreciation": "None", "depreciationAndAmortization": "314000000", "incomeBeforeTax": "849000000", "incomeTaxExpense": "262000000", "interestAndDebtExpense": "None", "netIncomeFromContinuingOperations": "587000000", "comprehensiveIncomeNetOfTax": "None", "ebit": "990000000", "ebitda": "1304000000", "netIncome": "556000000"}, {"fiscalDateEnding": "2013-12-31", "reportedCurrency": "USD", "grossProfit": "2820000000", "totalRevenue": "7146000000", "costOfRevenue": "4326000000", "costofGoodsAndServicesSold": "4326000000", "operatingIncome": "1475000000", "sellingGeneralAndAdministrative": "1704000000", "researchAndDevelopment": "0", "operatingExpenses": "1819000000", "investmentIncomeNet": "None", "netInterestIncome": "None", "interestIncome": "None", "interestExpense": "159000000", "nonInterestIncome": "None", "otherNonOperatingIncome": "32000000", "depreciation": "None", "depreciationAndAmortization": "283000000", "incomeBeforeTax": "1348000000", "incomeTaxExpense": "500000000", "interestAndDebtExpense": "None", "netIncomeFromContinuingOperations": "848000000", "comprehensiveIncomeNetOfTax": "None", "ebit": "1510000000", "ebitda": "1793000000", "netIncome": "849000000"}, {"fiscalDateEnding": "2012-12-31", "reportedCurrency": "USD", "grossProfit": "3017900000", "totalRevenue": "7382600000", "costOfRevenue": "4364700000", "costofGoodsAndServicesSold": "4364700000", "operatingIncome": "1200800000", "sellingGeneralAndAdministrative": "1745200000", "researchAndDevelopment": "0", "operatingExpenses": "1817100000", "investmentIncomeNet": "None", "netInterestIncome": "None", "interestIncome": "None", "interestExpense": "164700000", "nonInterestIncome": "None", "otherNonOperatingIncome": "32287000", "depreciation": "None", "depreciationAndAmortization": "286600000", "incomeBeforeTax": "1068400000", "incomeTaxExpense": "401900000", "interestAndDebtExpense": "None", "netIncomeFromContinuingOperations": "666498000", "comprehensiveIncomeNetOfTax": "None", "ebit": "1236400000", "ebitda": "1523000000", "netIncome": "555700000"}, {"fiscalDateEnding": "2011-12-31", "reportedCurrency": "USD", "grossProfit": "3115200000", "totalRevenue": "7510500000", "costOfRevenue": "4395300000", "costofGoodsAndServicesSold": "4395300000", "operatingIncome": "995000000", "sellingGeneralAndAdministrative": "1814315000", "researchAndDevelopment": "0", "operatingExpenses": "2120200000", "investmentIncomeNet": "None", "netInterestIncome": "None", "interestIncome": "None", "interestExpense": "170600000", "nonInterestIncome": "None", "otherNonOperatingIncome": "31767000", "depreciation": "None", "depreciationAndAmortization": "281100000", "incomeBeforeTax": "856300000", "incomeTaxExpense": "349000000", "interestAndDebtExpense": "None", "netIncomeFromContinuingOperations": "507232000", "comprehensiveIncomeNetOfTax": "None", "ebit": "1020900000", "ebitda": "1302000000", "netIncome": "470600000"}, {"fiscalDateEnding": "2010-12-31", "reportedCurrency": "USD", "grossProfit": "3051700000", "totalRevenue": "7368900000", "costOfRevenue": "4317200000", "costofGoodsAndServicesSold": "4317200000", "operatingIncome": "1295500000", "sellingGeneralAndAdministrative": "1707673000", "researchAndDevelopment": "0", "operatingExpenses": "1756200000", "investmentIncomeNet": "None", "netInterestIncome": "None", "interestIncome": "None", "interestExpense": "146100000", "nonInterestIncome": "None", "otherNonOperatingIncome": "34888000", "depreciation": "None", "depreciationAndAmortization": "254000000", "incomeBeforeTax": "1184300000", "incomeTaxExpense": "425500000", "interestAndDebtExpense": "None", "netIncomeFromContinuingOperations": "758804000", "comprehensiveIncomeNetOfTax": "None", "ebit": "1331801000", "ebitda": "1585801000", "netIncome": "720900000"}, {"fiscalDateEnding": "2009-12-31", "reportedCurrency": "USD", "grossProfit": "3133700000", "totalRevenue": "7455200000", "costOfRevenue": "4321500000", "costofGoodsAndServicesSold": "4321500000", "operatingIncome": "1359100000", "sellingGeneralAndAdministrative": "1747618000", "researchAndDevelopment": "0", "operatingExpenses": "1774600000", "investmentIncomeNet": "None", "netInterestIncome": "None", "interestIncome": "None", "interestExpense": "144100000", "nonInterestIncome": "None", "otherNonOperatingIncome": "12889000", "depreciation": "None", "depreciationAndAmortization": "256700000", "incomeBeforeTax": "1227900000", "incomeTaxExpense": "460400000", "interestAndDebtExpense": "None", "netIncomeFromContinuingOperations": "767458000", "comprehensiveIncomeNetOfTax": "None", "ebit": "1374505000", "ebitda": "1631205000", "netIncome": "729100000"}, {"fiscalDateEnding": "2008-12-31", "reportedCurrency": "USD", "grossProfit": "2993300000", "totalRevenue": "7249400000", "costOfRevenue": "4256100000", "costofGoodsAndServicesSold": "4256100000", "operatingIncome": "1222400000", "sellingGeneralAndAdministrative": "1736934000", "researchAndDevelopment": "None", "operatingExpenses": "1770900000", "investmentIncomeNet": "None", "netInterestIncome": "None", "interestIncome": "None", "interestExpense": "185476000", "nonInterestIncome": "None", "otherNonOperatingIncome": "None", "depreciation": "None", "depreciationAndAmortization": "264600000", "incomeBeforeTax": "1019000000", "incomeTaxExpense": "386800000", "interestAndDebtExpense": "None", "netIncomeFromContinuingOperations": "None", "comprehensiveIncomeNetOfTax": "None", "ebit": "1236126000", "ebitda": "1500726000", "netIncome": "581500000"}, {"fiscalDateEnding": "2007-12-31", "reportedCurrency": "USD", "grossProfit": "2735059000", "totalRevenue": "6704907000", "costOfRevenue": "3969848000", "costofGoodsAndServicesSold": "3969848000", "operatingIncome": "1091336000", "sellingGeneralAndAdministrative": "1612858000", "researchAndDevelopment": "None", "operatingExpenses": "1643723000", "investmentIncomeNet": "None", "netInterestIncome": "None", "interestIncome": "None", "interestExpense": "0", "nonInterestIncome": "None", "otherNonOperatingIncome": "None", "depreciation": "None", "depreciationAndAmortization": "237879000", "incomeBeforeTax": "912402000", "incomeTaxExpense": "358574000", "interestAndDebtExpense": "None", "netIncomeFromContinuingOperations": "None", "comprehensiveIncomeNetOfTax": "None", "ebit": "1091336000", "ebitda": "1329215000", "netIncome": "339939000"}, {"fiscalDateEnding": "2006-12-31", "reportedCurrency": "USD", "grossProfit": "2572653000", "totalRevenue": "6268659000", "costOfRevenue": "3696006000", "costofGoodsAndServicesSold": "3696006000", "operatingIncome": "1128007000", "sellingGeneralAndAdministrative": "1433733000", "researchAndDevelopment": "None", "operatingExpenses": "1444646000", "investmentIncomeNet": "None", "netInterestIncome": "None", "interestIncome": "None", "interestExpense": "0", "nonInterestIncome": "None", "otherNonOperatingIncome": "None", "depreciation": "None", "depreciationAndAmortization": "197398000", "incomeBeforeTax": "1033273000", "incomeTaxExpense": "407581000", "interestAndDebtExpense": "None", "netIncomeFromContinuingOperations": "None", "comprehensiveIncomeNetOfTax": "None", "ebit": "1128007000", "ebitda": "1325405000", "netIncome": "586421000"}, {"fiscalDateEnding": "2005-12-31", "reportedCurrency": "USD", "grossProfit": "2246376000", "totalRevenue": "5503711000", "costOfRevenue": "3257335000", "costofGoodsAndServicesSold": "3257335000", "operatingIncome": "968111000", "sellingGeneralAndAdministrative": "1257775000", "researchAndDevelopment": "None", "operatingExpenses": "1278265000", "investmentIncomeNet": "None", "netInterestIncome": "None", "interestIncome": "None", "interestExpense": "0", "nonInterestIncome": "None", "otherNonOperatingIncome": "None", "depreciation": "None", "depreciationAndAmortization": "176124000", "incomeBeforeTax": "910454000", "incomeTaxExpense": "364177000", "interestAndDebtExpense": "None", "netIncomeFromContinuingOperations": "None", "comprehensiveIncomeNetOfTax": "None", "ebit": "1007548000", "ebitda": "1183672000", "netIncome": "546277000"}], "quarterlyReports": [{"fiscalDateEnding": "2024-12-31", "reportedCurrency": "USD", "grossProfit": "858000000", "totalRevenue": "2621000000", "costOfRevenue": "1763000000", "costofGoodsAndServicesSold": "1763000000", "operatingIncome": "361000000", "sellingGeneralAndAdministrative": "466000000", "researchAndDevelopment": "None", "operatingExpenses": "497000000", "investmentIncomeNet": "None", "netInterestIncome": "-65000000", "interestIncome": "7000000", "interestExpense": "72000000", "nonInterestIncome": "None", "otherNonOperatingIncome": "None", "depreciation": "None", "depreciationAndAmortization": "135000000", "incomeBeforeTax": "299000000", "incomeTaxExpense": "68000000", "interestAndDebtExpense": "None", "netIncomeFromContinuingOperations": "236000000", "comprehensiveIncomeNetOfTax": "None", "ebit": "372000000", "ebitda": "507000000", "netIncome": "222000000"}, {"fiscalDateEnding": "2024-09-30", "reportedCurrency": "USD", "grossProfit": "811000000", "totalRevenue": "2488000000", "costOfRevenue": "1677000000", "costofGoodsAndServicesSold": "1677000000", "operatingIncome": "330000000", "sellingGeneralAndAdministrative": "448000000", "researchAndDevelopment": "None", "operatingExpenses": "481000000", "investmentIncomeNet": "None", "netInterestIncome": "-49000000", "interestIncome": "9000000", "interestExpense": "58000000", "nonInterestIncome": "None", "otherNonOperatingIncome": "None", "depreciation": "None", "depreciationAndAmortization": "125000000", "incomeBeforeTax": "296000000", "incomeTaxExpense": "65000000", "interestAndDebtExpense": "None", "netIncomeFromContinuingOperations": "237000000", "comprehensiveIncomeNetOfTax": "None", "ebit": "354000000", "ebitda": "479000000", "netIncome": "226000000"}, {"fiscalDateEnding": "2024-06-30", "reportedCurrency": "USD", "grossProfit": "776000000", "totalRevenue": "2397000000", "costOfRevenue": "1621000000", "costofGoodsAndServicesSold": "1621000000", "operatingIncome": "370000000", "sellingGeneralAndAdministrative": "416000000", "researchAndDevelopment": "None", "operatingExpenses": "406000000", "investmentIncomeNet": "None", "netInterestIncome": "-44000000", "interestIncome": "3000000", "interestExpense": "47000000", "nonInterestIncome": "None", "otherNonOperatingIncome": "None", "depreciation": "None", "depreciationAndAmortization": "117000000", "incomeBeforeTax": "314000000", "incomeTaxExpense": "74000000", "interestAndDebtExpense": "None", "netIncomeFromContinuingOperations": "240000000", "comprehensiveIncomeNetOfTax": "None", "ebit": "361000000", "ebitda": "478000000", "netIncome": "229000000"}, {"fiscalDateEnding": "2024-03-31", "reportedCurrency": "USD", "grossProfit": "755000000", "totalRevenue": "2366000000", "costOfRevenue": "1611000000", "costofGoodsAndServicesSold": "1611000000", "operatingIncome": "319000000", "sellingGeneralAndAdministrative": "440000000", "researchAndDevelopment": "None", "operatingExpenses": "436000000", "investmentIncomeNet": "None", "netInterestIncome": "-43000000", "interestIncome": "6000000", "interestExpense": "49000000", "nonInterestIncome": "None", "otherNonOperatingIncome": "None", "depreciation": "None", "depreciationAndAmortization": "116000000", "incomeBeforeTax": "266000000", "incomeTaxExpense": "66000000", "interestAndDebtExpense": "None", "netIncomeFromContinuingOperations": "208000000", "comprehensiveIncomeNetOfTax": "None", "ebit": "315000000", "ebitda": "431000000", "netIncome": "194000000"}, {"fiscalDateEnding": "2023-12-31", "reportedCurrency": "USD", "grossProfit": "740000000", "totalRevenue": "2288000000", "costOfRevenue": "1548000000", "costofGoodsAndServicesSold": "1548000000", "operatingIncome": "311000000", "sellingGeneralAndAdministrative": "407000000", "researchAndDevelopment": "None", "operatingExpenses": "429000000", "investmentIncomeNet": "None", "netInterestIncome": "-40000000", "interestIncome": "6000000", "interestExpense": "40000000", "nonInterestIncome": "None", "otherNonOperatingIncome": "None", "depreciation": "None", "depreciationAndAmortization": "109000000", "incomeBeforeTax": "237000000", "incomeTaxExpense": "40000000", "interestAndDebtExpense": "None", "netIncomeFromContinuingOperations": "205000000", "comprehensiveIncomeNetOfTax": "None", "ebit": "283000000", "ebitda": "392000000", "netIncome": "192000000"}, {"fiscalDateEnding": "2023-09-30", "reportedCurrency": "USD", "grossProfit": "754000000", "totalRevenue": "2295000000", "costOfRevenue": "1541000000", "costofGoodsAndServicesSold": "1541000000", "operatingIncome": "342000000", "sellingGeneralAndAdministrative": "376000000", "researchAndDevelopment": "None", "operatingExpenses": "412000000", "investmentIncomeNet": "None", "netInterestIncome": "-40000000", "interestIncome": "40000000", "interestExpense": "40000000", "nonInterestIncome": "None", "otherNonOperatingIncome": "None", "depreciation": "None", "depreciationAndAmortization": "111000000", "incomeBeforeTax": "299000000", "incomeTaxExpense": "68000000", "interestAndDebtExpense": "None", "netIncomeFromContinuingOperations": "237000000", "comprehensiveIncomeNetOfTax": "None", "ebit": "340000000", "ebitda": "451000000", "netIncome": "225000000"}, {"fiscalDateEnding": "2023-06-30", "reportedCurrency": "USD", "grossProfit": "792000000", "totalRevenue": "2338000000", "costOfRevenue": "1546000000", "costofGoodsAndServicesSold": "1546000000", "operatingIncome": "348000000", "sellingGeneralAndAdministrative": "416000000", "researchAndDevelopment": "None", "operatingExpenses": "444000000", "investmentIncomeNet": "None", "netInterestIncome": "-37000000", "interestIncome": "37000000", "interestExpense": "37000000", "nonInterestIncome": "None", "otherNonOperatingIncome": "13000000", "depreciation": "None", "depreciationAndAmortization": "112000000", "incomeBeforeTax": "317000000", "incomeTaxExpense": "75000000", "interestAndDebtExpense": "None", "netIncomeFromContinuingOperations": "249000000", "comprehensiveIncomeNetOfTax": "None", "ebit": "356000000", "ebitda": "468000000", "netIncome": "235000000"}, {"fiscalDateEnding": "2023-03-31", "reportedCurrency": "USD", "grossProfit": "771000000", "totalRevenue": "2331000000", "costOfRevenue": "1560000000", "costofGoodsAndServicesSold": "1560000000", "operatingIncome": "305000000", "sellingGeneralAndAdministrative": "439000000", "researchAndDevelopment": "None", "operatingExpenses": "466000000", "investmentIncomeNet": "None", "netInterestIncome": "-35000000", "interestIncome": "35000000", "interestExpense": "35000000", "nonInterestIncome": "None", "otherNonOperatingIncome": "12000000", "depreciation": "None", "depreciationAndAmortization": "107000000", "incomeBeforeTax": "277000000", "incomeTaxExpense": "65000000", "interestAndDebtExpense": "None", "netIncomeFromContinuingOperations": "212000000", "comprehensiveIncomeNetOfTax": "None", "ebit": "314000000", "ebitda": "421000000", "netIncome": "202000000"}, {"fiscalDateEnding": "2022-12-31", "reportedCurrency": "USD", "grossProfit": "758000000", "totalRevenue": "2333000000", "costOfRevenue": "1575000000", "costofGoodsAndServicesSold": "1575000000", "operatingIncome": "135000000", "sellingGeneralAndAdministrative": "531000000", "researchAndDevelopment": "None", "operatingExpenses": "623000000", "investmentIncomeNet": "None", "netInterestIncome": "-32000000", "interestIncome": "32000000", "interestExpense": "36000000", "nonInterestIncome": "None", "otherNonOperatingIncome": "9000000", "depreciation": "None", "depreciationAndAmortization": "116000000", "incomeBeforeTax": "112000000", "incomeTaxExpense": "-4000000", "interestAndDebtExpense": "None", "netIncomeFromContinuingOperations": "116000000", "comprehensiveIncomeNetOfTax": "None", "ebit": "145000000", "ebitda": "261000000", "netIncome": "101000000"}, {"fiscalDateEnding": "2022-09-30", "reportedCurrency": "USD", "grossProfit": "868000000", "totalRevenue": "2486000000", "costOfRevenue": "1618000000", "costofGoodsAndServicesSold": "1618000000", "operatingIncome": "392000000", "sellingGeneralAndAdministrative": "464000000", "researchAndDevelopment": "None", "operatingExpenses": "476000000", "investmentIncomeNet": "None", "netInterestIncome": "-33000000", "interestIncome": "33000000", "interestExpense": "33000000", "nonInterestIncome": "None", "otherNonOperatingIncome": "-2000000", "depreciation": "None", "depreciationAndAmortization": "108000000", "incomeBeforeTax": "351000000", "incomeTaxExpense": "81000000", "interestAndDebtExpense": "None", "netIncomeFromContinuingOperations": "276000000", "comprehensiveIncomeNetOfTax": "None", "ebit": "388000000", "ebitda": "496000000", "netIncome": "254000000"}, {"fiscalDateEnding": "2022-06-30", "reportedCurrency": "USD", "grossProfit": "842000000", "totalRevenue": "2453000000", "costOfRevenue": "1611000000", "costofGoodsAndServicesSold": "1611000000", "operatingIncome": "388000000", "sellingGeneralAndAdministrative": "422000000", "researchAndDevelopment": "None", "operatingExpenses": "454000000", "investmentIncomeNet": "None", "netInterestIncome": "-36000000", "interestIncome": "36000000", "interestExpense": "36000000", "nonInterestIncome": "None", "otherNonOperatingIncome": "-25000000", "depreciation": "None", "depreciationAndAmortization": "107000000", "incomeBeforeTax": "323000000", "incomeTaxExpense": "77000000", "interestAndDebtExpense": "None", "netIncomeFromContinuingOperations": "250000000", "comprehensiveIncomeNetOfTax": "None", "ebit": "359000000", "ebitda": "466000000", "netIncome": "233000000"}, {"fiscalDateEnding": "2022-03-31", "reportedCurrency": "USD", "grossProfit": "965000000", "totalRevenue": "2611000000", "costOfRevenue": "1646000000", "costofGoodsAndServicesSold": "1646000000", "operatingIncome": "513000000", "sellingGeneralAndAdministrative": "425000000", "researchAndDevelopment": "None", "operatingExpenses": "452000000", "investmentIncomeNet": "None", "netInterestIncome": "-37000000", "interestIncome": "37000000", "interestExpense": "37000000", "nonInterestIncome": "None", "otherNonOperatingIncome": "7000000", "depreciation": "None", "depreciationAndAmortization": "106000000", "incomeBeforeTax": "452000000", "incomeTaxExpense": "110000000", "interestAndDebtExpense": "None", "netIncomeFromContinuingOperations": "373000000", "comprehensiveIncomeNetOfTax": "None", "ebit": "489000000", "ebitda": "595000000", "netIncome": "354000000"}, {"fiscalDateEnding": "2021-12-31", "reportedCurrency": "USD", "grossProfit": "1026000000", "totalRevenue": "2744000000", "costOfRevenue": "1718000000", "costofGoodsAndServicesSold": "1718000000", "operatingIncome": "536000000", "sellingGeneralAndAdministrative": "464000000", "researchAndDevelopment": "None", "operatingExpenses": "490000000", "investmentIncomeNet": "None", "netInterestIncome": "-37000000", "interestIncome": "37000000", "interestExpense": "37000000", "nonInterestIncome": "None", "otherNonOperatingIncome": "28000000", "depreciation": "None", "depreciationAndAmortization": "106000000", "incomeBeforeTax": "502000000", "incomeTaxExpense": "114000000", "interestAndDebtExpense": "None", "netIncomeFromContinuingOperations": "413000000", "comprehensiveIncomeNetOfTax": "None", "ebit": "540000000", "ebitda": "646000000", "netIncome": "389000000"}, {"fiscalDateEnding": "2021-09-30", "reportedCurrency": "USD", "grossProfit": "1104000000", "totalRevenue": "2774000000", "costOfRevenue": "1670000000", "costofGoodsAndServicesSold": "1670000000", "operatingIncome": "652000000", "sellingGeneralAndAdministrative": "427000000", "researchAndDevelopment": "None", "operatingExpenses": "452000000", "investmentIncomeNet": "None", "netInterestIncome": "-38000000", "interestIncome": "38000000", "interestExpense": "38000000", "nonInterestIncome": "None", "otherNonOperatingIncome": "66000000", "depreciation": "None", "depreciationAndAmortization": "101000000", "incomeBeforeTax": "654000000", "incomeTaxExpense": "153000000", "interestAndDebtExpense": "None", "netIncomeFromContinuingOperations": "527000000", "comprehensiveIncomeNetOfTax": "None", "ebit": "692000000", "ebitda": "793000000", "netIncome": "503000000"}, {"fiscalDateEnding": "2021-06-30", "reportedCurrency": "USD", "grossProfit": "985000000", "totalRevenue": "2550000000", "costOfRevenue": "1565000000", "costofGoodsAndServicesSold": "1565000000", "operatingIncome": "533000000", "sellingGeneralAndAdministrative": "429000000", "researchAndDevelopment": "None", "operatingExpenses": "452000000", "investmentIncomeNet": "None", "netInterestIncome": "-38000000", "interestIncome": "38000000", "interestExpense": "38000000", "nonInterestIncome": "None", "otherNonOperatingIncome": "332000000", "depreciation": "None", "depreciationAndAmortization": "100000000", "incomeBeforeTax": "817000000", "incomeTaxExpense": "177000000", "interestAndDebtExpense": "None", "netIncomeFromContinuingOperations": "650000000", "comprehensiveIncomeNetOfTax": "None", "ebit": "855000000", "ebitda": "955000000", "netIncome": "628000000"}, {"fiscalDateEnding": "2021-03-31", "reportedCurrency": "USD", "grossProfit": "1094000000", "totalRevenue": "2720000000", "costOfRevenue": "1626000000", "costofGoodsAndServicesSold": "1626000000", "operatingIncome": "660000000", "sellingGeneralAndAdministrative": "407000000", "researchAndDevelopment": "None", "operatingExpenses": "434000000", "investmentIncomeNet": "None", "netInterestIncome": "-38000000", "interestIncome": "38000000", "interestExpense": "38000000", "nonInterestIncome": "None", "otherNonOperatingIncome": "21000000", "depreciation": "None", "depreciationAndAmortization": "101000000", "incomeBeforeTax": "626000000", "incomeTaxExpense": "153000000", "interestAndDebtExpense": "None", "netIncomeFromContinuingOperations": "473000000", "comprehensiveIncomeNetOfTax": "None", "ebit": "664000000", "ebitda": "765000000", "netIncome": "468000000"}, {"fiscalDateEnding": "2020-12-31", "reportedCurrency": "USD", "grossProfit": "1269000000", "totalRevenue": "3002000000", "costOfRevenue": "1733000000", "costofGoodsAndServicesSold": "1733000000", "operatingIncome": "795000000", "sellingGeneralAndAdministrative": "447000000", "researchAndDevelopment": "None", "operatingExpenses": "474000000", "investmentIncomeNet": "None", "netInterestIncome": "-39000000", "interestIncome": "39000000", "interestExpense": "39000000", "nonInterestIncome": "None", "otherNonOperatingIncome": "44000000", "depreciation": "None", "depreciationAndAmortization": "98000000", "incomeBeforeTax": "758000000", "incomeTaxExpense": "191000000", "interestAndDebtExpense": "None", "netIncomeFromContinuingOperations": "623000000", "comprehensiveIncomeNetOfTax": "None", "ebit": "798000000", "ebitda": "896000000", "netIncome": "576000000"}, {"fiscalDateEnding": "2020-09-30", "reportedCurrency": "USD", "grossProfit": "1206000000", "totalRevenue": "2786000000", "costOfRevenue": "1580000000", "costofGoodsAndServicesSold": "1580000000", "operatingIncome": "718000000", "sellingGeneralAndAdministrative": "396000000", "researchAndDevelopment": "None", "operatingExpenses": "488000000", "investmentIncomeNet": "None", "netInterestIncome": "-42000000", "interestIncome": "42000000", "interestExpense": "42000000", "nonInterestIncome": "None", "otherNonOperatingIncome": "92000000", "depreciation": "None", "depreciationAndAmortization": "89000000", "incomeBeforeTax": "753000000", "incomeTaxExpense": "177000000", "interestAndDebtExpense": "None", "netIncomeFromContinuingOperations": "591000000", "comprehensiveIncomeNetOfTax": "None", "ebit": "795000000", "ebitda": "884000000", "netIncome": "566000000"}, {"fiscalDateEnding": "2020-06-30", "reportedCurrency": "USD", "grossProfit": "606000000", "totalRevenue": "1827000000", "costOfRevenue": "1221000000", "costofGoodsAndServicesSold": "1221000000", "operatingIncome": "283000000", "sellingGeneralAndAdministrative": "360000000", "researchAndDevelopment": "None", "operatingExpenses": "323000000", "investmentIncomeNet": "None", "netInterestIncome": "-41000000", "interestIncome": "1000000", "interestExpense": "41000000", "nonInterestIncome": "None", "otherNonOperatingIncome": "17000000", "depreciation": "None", "depreciationAndAmortization": "89000000", "incomeBeforeTax": "255000000", "incomeTaxExpense": "66000000", "interestAndDebtExpense": "None", "netIncomeFromContinuingOperations": "193000000", "comprehensiveIncomeNetOfTax": "None", "ebit": "297000000", "ebitda": "386000000", "netIncome": "184000000"}, {"fiscalDateEnding": "2020-03-31", "reportedCurrency": "USD", "grossProfit": "552000000", "totalRevenue": "1822000000", "costOfRevenue": "1270000000", "costofGoodsAndServicesSold": "1270000000", "operatingIncome": "175000000", "sellingGeneralAndAdministrative": "347000000", "researchAndDevelopment": "None", "operatingExpenses": "377000000", "investmentIncomeNet": "None", "netInterestIncome": "-41000000", "interestIncome": "41000000", "interestExpense": "41000000", "nonInterestIncome": "None", "otherNonOperatingIncome": "-2000000", "depreciation": "None", "depreciationAndAmortization": "85000000", "incomeBeforeTax": "118000000", "incomeTaxExpense": "26000000", "interestAndDebtExpense": "None", "netIncomeFromContinuingOperations": "92000000", "comprehensiveIncomeNetOfTax": "None", "ebit": "160000000", "ebitda": "245000000", "netIncome": "99000000"}, {"fiscalDateEnding": "2019-12-31", "reportedCurrency": "USD", "grossProfit": "662000000", "totalRevenue": "1926000000", "costOfRevenue": "1264000000", "costofGoodsAndServicesSold": "1264000000", "operatingIncome": "363000000", "sellingGeneralAndAdministrative": "349000000", "researchAndDevelopment": "None", "operatingExpenses": "299000000", "investmentIncomeNet": "None", "netInterestIncome": "-42000000", "interestIncome": "2000000", "interestExpense": "42000000", "nonInterestIncome": "None", "otherNonOperatingIncome": "16000000", "depreciation": "None", "depreciationAndAmortization": "82000000", "incomeBeforeTax": "328000000", "incomeTaxExpense": "72000000", "interestAndDebtExpense": "None", "netIncomeFromContinuingOperations": "278000000", "comprehensiveIncomeNetOfTax": "None", "ebit": "372000000", "ebitda": "454000000", "netIncome": "253000000"}, {"fiscalDateEnding": "2019-09-30", "reportedCurrency": "USD", "grossProfit": "692000000", "totalRevenue": "1956000000", "costOfRevenue": "1264000000", "costofGoodsAndServicesSold": "1264000000", "operatingIncome": "313000000", "sellingGeneralAndAdministrative": "362000000", "researchAndDevelopment": "None", "operatingExpenses": "379000000", "investmentIncomeNet": "None", "netInterestIncome": "-44000000", "interestIncome": "1000000", "interestExpense": "44000000", "nonInterestIncome": "None", "otherNonOperatingIncome": "19000000", "depreciation": "None", "depreciationAndAmortization": "82000000", "incomeBeforeTax": "270000000", "incomeTaxExpense": "62000000", "interestAndDebtExpense": "None", "netIncomeFromContinuingOperations": "226000000", "comprehensiveIncomeNetOfTax": "None", "ebit": "315000000", "ebitda": "397000000", "netIncome": "214000000"}, {"fiscalDateEnding": "2019-06-30", "reportedCurrency": "USD", "grossProfit": "688000000", "totalRevenue": "1953000000", "costOfRevenue": "1265000000", "costofGoodsAndServicesSold": "1265000000", "operatingIncome": "307000000", "sellingGeneralAndAdministrative": "362000000", "researchAndDevelopment": "None", "operatingExpenses": "381000000", "investmentIncomeNet": "None", "netInterestIncome": "-45000000", "interestIncome": "1000000", "interestExpense": "45000000", "nonInterestIncome": "None", "otherNonOperatingIncome": "20000000", "depreciation": "None", "depreciationAndAmortization": "81000000", "incomeBeforeTax": "265000000", "incomeTaxExpense": "63000000", "interestAndDebtExpense": "None", "netIncomeFromContinuingOperations": "219000000", "comprehensiveIncomeNetOfTax": "None", "ebit": "311000000", "ebitda": "392000000", "netIncome": "206000000"}, {"fiscalDateEnding": "2019-03-31", "reportedCurrency": "USD", "grossProfit": "647000000", "totalRevenue": "1891000000", "costOfRevenue": "1244000000", "costofGoodsAndServicesSold": "1244000000", "operatingIncome": "248000000", "sellingGeneralAndAdministrative": "384000000", "researchAndDevelopment": "None", "operatingExpenses": "399000000", "investmentIncomeNet": "None", "netInterestIncome": "-44000000", "interestIncome": "1000000", "interestExpense": "44000000", "nonInterestIncome": "None", "otherNonOperatingIncome": "22000000", "depreciation": "None", "depreciationAndAmortization": "84000000", "incomeBeforeTax": "213000000", "incomeTaxExpense": "50000000", "interestAndDebtExpense": "None", "netIncomeFromContinuingOperations": "163000000", "comprehensiveIncomeNetOfTax": "None", "ebit": "258000000", "ebitda": "342000000", "netIncome": "163000000"}, {"fiscalDateEnding": "2018-12-31", "reportedCurrency": "USD", "grossProfit": "604000000", "totalRevenue": "1839000000", "costOfRevenue": "1235000000", "costofGoodsAndServicesSold": "1235000000", "operatingIncome": "220000000", "sellingGeneralAndAdministrative": "356000000", "researchAndDevelopment": "0", "operatingExpenses": "380000000", "investmentIncomeNet": "None", "netInterestIncome": "None", "interestIncome": "None", "interestExpense": "43000000", "nonInterestIncome": "None", "otherNonOperatingIncome": "2000000", "depreciation": "None", "depreciationAndAmortization": "81000000", "incomeBeforeTax": "167000000", "incomeTaxExpense": "40000000", "interestAndDebtExpense": "None", "netIncomeFromContinuingOperations": "127000000", "comprehensiveIncomeNetOfTax": "None", "ebit": "206000000", "ebitda": "287000000", "netIncome": "126000000"}, {"fiscalDateEnding": "2018-09-30", "reportedCurrency": "USD", "grossProfit": "667000000", "totalRevenue": "1889000000", "costOfRevenue": "1222000000", "costofGoodsAndServicesSold": "1222000000", "operatingIncome": "304000000", "sellingGeneralAndAdministrative": "354000000", "researchAndDevelopment": "0", "operatingExpenses": "363000000", "investmentIncomeNet": "None", "netInterestIncome": "None", "interestIncome": "None", "interestExpense": "41000000", "nonInterestIncome": "None", "otherNonOperatingIncome": "12000000", "depreciation": "None", "depreciationAndAmortization": "77000000", "incomeBeforeTax": "266000000", "incomeTaxExpense": "48000000", "interestAndDebtExpense": "None", "netIncomeFromContinuingOperations": "218000000", "comprehensiveIncomeNetOfTax": "None", "ebit": "307000000", "ebitda": "384000000", "netIncome": "212000000"}, {"fiscalDateEnding": "2018-06-30", "reportedCurrency": "USD", "grossProfit": "676000000", "totalRevenue": "1919000000", "costOfRevenue": "1243000000", "costofGoodsAndServicesSold": "1243000000", "operatingIncome": "305000000", "sellingGeneralAndAdministrative": "351000000", "researchAndDevelopment": "0", "operatingExpenses": "371000000", "investmentIncomeNet": "None", "netInterestIncome": "None", "interestIncome": "None", "interestExpense": "42000000", "nonInterestIncome": "None", "otherNonOperatingIncome": "12000000", "depreciation": "None", "depreciationAndAmortization": "77000000", "incomeBeforeTax": "264000000", "incomeTaxExpense": "42000000", "interestAndDebtExpense": "None", "netIncomeFromContinuingOperations": "222000000", "comprehensiveIncomeNetOfTax": "None", "ebit": "307000000", "ebitda": "384000000", "netIncome": "219000000"}, {"fiscalDateEnding": "2018-03-31", "reportedCurrency": "USD", "grossProfit": "658000000", "totalRevenue": "1884000000", "costOfRevenue": "1226000000", "costofGoodsAndServicesSold": "1226000000", "operatingIncome": "272000000", "sellingGeneralAndAdministrative": "363000000", "researchAndDevelopment": "0", "operatingExpenses": "386000000", "investmentIncomeNet": "None", "netInterestIncome": "None", "interestIncome": "None", "interestExpense": "41000000", "nonInterestIncome": "None", "otherNonOperatingIncome": "10000000", "depreciation": "None", "depreciationAndAmortization": "74000000", "incomeBeforeTax": "229000000", "incomeTaxExpense": "52000000", "interestAndDebtExpense": "None", "netIncomeFromContinuingOperations": "177000000", "comprehensiveIncomeNetOfTax": "None", "ebit": "270000000", "ebitda": "344000000", "netIncome": "176000000"}, {"fiscalDateEnding": "2017-12-31", "reportedCurrency": "USD", "grossProfit": "742000000", "totalRevenue": "1936000000", "costOfRevenue": "1194000000", "costofGoodsAndServicesSold": "1194000000", "operatingIncome": "269000000", "sellingGeneralAndAdministrative": "453000000", "researchAndDevelopment": "0", "operatingExpenses": "473000000", "investmentIncomeNet": "None", "netInterestIncome": "None", "interestIncome": "None", "interestExpense": "39000000", "nonInterestIncome": "None", "otherNonOperatingIncome": "14000000", "depreciation": "None", "depreciationAndAmortization": "73000000", "incomeBeforeTax": "234000000", "incomeTaxExpense": "-23000000", "interestAndDebtExpense": "None", "netIncomeFromContinuingOperations": "257000000", "comprehensiveIncomeNetOfTax": "None", "ebit": "274000000", "ebitda": "347000000", "netIncome": "253000000"}, {"fiscalDateEnding": "2017-09-30", "reportedCurrency": "USD", "grossProfit": "741000000", "totalRevenue": "1931000000", "costOfRevenue": "1190000000", "costofGoodsAndServicesSold": "1190000000", "operatingIncome": "298000000", "sellingGeneralAndAdministrative": "423000000", "researchAndDevelopment": "0", "operatingExpenses": "443000000", "investmentIncomeNet": "None", "netInterestIncome": "None", "interestIncome": "None", "interestExpense": "38000000", "nonInterestIncome": "None", "otherNonOperatingIncome": "7000000", "depreciation": "None", "depreciationAndAmortization": "19000000", "incomeBeforeTax": "258000000", "incomeTaxExpense": "92000000", "interestAndDebtExpense": "None", "netIncomeFromContinuingOperations": "166000000", "comprehensiveIncomeNetOfTax": "None", "ebit": "347000000", "ebitda": "366000000", "netIncome": "160000000"}, {"fiscalDateEnding": "2017-06-30", "reportedCurrency": "USD", "grossProfit": "773000000", "totalRevenue": "1943000000", "costOfRevenue": "1170000000", "costofGoodsAndServicesSold": "1170000000", "operatingIncome": "319000000", "sellingGeneralAndAdministrative": "437000000", "researchAndDevelopment": "0", "operatingExpenses": "454000000", "investmentIncomeNet": "None", "netInterestIncome": "None", "interestIncome": "None", "interestExpense": "38000000", "nonInterestIncome": "None", "otherNonOperatingIncome": "20000000", "depreciation": "None", "depreciationAndAmortization": "66000000", "incomeBeforeTax": "292000000", "incomeTaxExpense": "94000000", "interestAndDebtExpense": "None", "netIncomeFromContinuingOperations": "198000000", "comprehensiveIncomeNetOfTax": "None", "ebit": "330000000", "ebitda": "396000000", "netIncome": "193000000"}, {"fiscalDateEnding": "2017-03-31", "reportedCurrency": "USD", "grossProfit": "734000000", "totalRevenue": "1899000000", "costOfRevenue": "1165000000", "costofGoodsAndServicesSold": "1165000000", "operatingIncome": "279000000", "sellingGeneralAndAdministrative": "437000000", "researchAndDevelopment": "0", "operatingExpenses": "455000000", "investmentIncomeNet": "None", "netInterestIncome": "None", "interestIncome": "None", "interestExpense": "36000000", "nonInterestIncome": "None", "otherNonOperatingIncome": "10000000", "depreciation": "None", "depreciationAndAmortization": "62000000", "incomeBeforeTax": "246000000", "incomeTaxExpense": "78000000", "interestAndDebtExpense": "None", "netIncomeFromContinuingOperations": "168000000", "comprehensiveIncomeNetOfTax": "None", "ebit": "283000000", "ebitda": "345000000", "netIncome": "163000000"}, {"fiscalDateEnding": "2016-12-31", "reportedCurrency": "USD", "grossProfit": "701000000", "totalRevenue": "1861000000", "costOfRevenue": "1160000000", "costofGoodsAndServicesSold": "1160000000", "operatingIncome": "276000000", "sellingGeneralAndAdministrative": "400000000", "researchAndDevelopment": "0", "operatingExpenses": "425000000", "investmentIncomeNet": "None", "netInterestIncome": "None", "interestIncome": "None", "interestExpense": "36000000", "nonInterestIncome": "None", "otherNonOperatingIncome": "11000000", "depreciation": "None", "depreciationAndAmortization": "63000000", "incomeBeforeTax": "242000000", "incomeTaxExpense": "84000000", "interestAndDebtExpense": "None", "netIncomeFromContinuingOperations": "198000000", "comprehensiveIncomeNetOfTax": "None", "ebit": "278000000", "ebitda": "341000000", "netIncome": "155000000"}, {"fiscalDateEnding": "2016-09-30", "reportedCurrency": "USD", "grossProfit": "728000000", "totalRevenue": "1885000000", "costOfRevenue": "1157000000", "costofGoodsAndServicesSold": "1157000000", "operatingIncome": "322000000", "sellingGeneralAndAdministrative": "409000000", "researchAndDevelopment": "0", "operatingExpenses": "406000000", "investmentIncomeNet": "None", "netInterestIncome": "None", "interestIncome": "None", "interestExpense": "37000000", "nonInterestIncome": "None", "otherNonOperatingIncome": "15000000", "depreciation": "None", "depreciationAndAmortization": "63000000", "incomeBeforeTax": "289000000", "incomeTaxExpense": "95000000", "interestAndDebtExpense": "None", "netIncomeFromContinuingOperations": "194000000", "comprehensiveIncomeNetOfTax": "None", "ebit": "326000000", "ebitda": "389000000", "netIncome": "190000000"}, {"fiscalDateEnding": "2016-06-30", "reportedCurrency": "USD", "grossProfit": "751000000", "totalRevenue": "1906000000", "costOfRevenue": "1155000000", "costofGoodsAndServicesSold": "1155000000", "operatingIncome": "422000000", "sellingGeneralAndAdministrative": "430000000", "researchAndDevelopment": "0", "operatingExpenses": "447000000", "investmentIncomeNet": "None", "netInterestIncome": "None", "interestIncome": "None", "interestExpense": "34000000", "nonInterestIncome": "None", "otherNonOperatingIncome": "4000000", "depreciation": "None", "depreciationAndAmortization": "61000000", "incomeBeforeTax": "383000000", "incomeTaxExpense": "183000000", "interestAndDebtExpense": "None", "netIncomeFromContinuingOperations": "200000000", "comprehensiveIncomeNetOfTax": "None", "ebit": "418000000", "ebitda": "479000000", "netIncome": "194000000"}, {"fiscalDateEnding": "2016-03-31", "reportedCurrency": "USD", "grossProfit": "719000000", "totalRevenue": "1863000000", "costOfRevenue": "1144000000", "costofGoodsAndServicesSold": "1144000000", "operatingIncome": "257000000", "sellingGeneralAndAdministrative": "442000000", "researchAndDevelopment": "0", "operatingExpenses": "462000000", "investmentIncomeNet": "None", "netInterestIncome": "None", "interestIncome": "None", "interestExpense": "36000000", "nonInterestIncome": "None", "otherNonOperatingIncome": "-39000000", "depreciation": "None", "depreciationAndAmortization": "62000000", "incomeBeforeTax": "172000000", "incomeTaxExpense": "68000000", "interestAndDebtExpense": "None", "netIncomeFromContinuingOperations": "104000000", "comprehensiveIncomeNetOfTax": "None", "ebit": "208000000", "ebitda": "270000000", "netIncome": "103000000"}, {"fiscalDateEnding": "2015-12-31", "reportedCurrency": "USD", "grossProfit": "699000000", "totalRevenue": "1849000000", "costOfRevenue": "1150000000", "costofGoodsAndServicesSold": "1150000000", "operatingIncome": "239000000", "sellingGeneralAndAdministrative": "429000000", "researchAndDevelopment": "0", "operatingExpenses": "460000000", "investmentIncomeNet": "None", "netInterestIncome": "None", "interestIncome": "None", "interestExpense": "36000000", "nonInterestIncome": "None", "otherNonOperatingIncome": "11000000", "depreciation": "None", "depreciationAndAmortization": "74000000", "incomeBeforeTax": "206000000", "incomeTaxExpense": "14000000", "interestAndDebtExpense": "None", "netIncomeFromContinuingOperations": "201000000", "comprehensiveIncomeNetOfTax": "None", "ebit": "242000000", "ebitda": "316000000", "netIncome": "188000000"}, {"fiscalDateEnding": "2015-09-30", "reportedCurrency": "USD", "grossProfit": "718000000", "totalRevenue": "1880000000", "costOfRevenue": "1162000000", "costofGoodsAndServicesSold": "1162000000", "operatingIncome": "631000000", "sellingGeneralAndAdministrative": "402000000", "researchAndDevelopment": "0", "operatingExpenses": "421000000", "investmentIncomeNet": "None", "netInterestIncome": "None", "interestIncome": "None", "interestExpense": "35000000", "nonInterestIncome": "None", "otherNonOperatingIncome": "-3000000", "depreciation": "None", "depreciationAndAmortization": "77000000", "incomeBeforeTax": "592000000", "incomeTaxExpense": "239000000", "interestAndDebtExpense": "None", "netIncomeFromContinuingOperations": "353000000", "comprehensiveIncomeNetOfTax": "None", "ebit": "627000000", "ebitda": "704000000", "netIncome": "340000000"}, {"fiscalDateEnding": "2015-06-30", "reportedCurrency": "USD", "grossProfit": "743000000", "totalRevenue": "1925000000", "costOfRevenue": "1182000000", "costofGoodsAndServicesSold": "1182000000", "operatingIncome": "301000000", "sellingGeneralAndAdministrative": "429000000", "researchAndDevelopment": "0", "operatingExpenses": "442000000", "investmentIncomeNet": "None", "netInterestIncome": "None", "interestIncome": "None", "interestExpense": "37000000", "nonInterestIncome": "None", "otherNonOperatingIncome": "-57000000", "depreciation": "None", "depreciationAndAmortization": "75000000", "incomeBeforeTax": "207000000", "incomeTaxExpense": "78000000", "interestAndDebtExpense": "None", "netIncomeFromContinuingOperations": "129000000", "comprehensiveIncomeNetOfTax": "None", "ebit": "237000000", "ebitda": "312000000", "netIncome": "117000000"}, {"fiscalDateEnding": "2015-03-31", "reportedCurrency": "USD", "grossProfit": "676000000", "totalRevenue": "1839000000", "costOfRevenue": "1163000000", "costofGoodsAndServicesSold": "1163000000", "operatingIncome": "228000000", "sellingGeneralAndAdministrative": "419000000", "researchAndDevelopment": "0", "operatingExpenses": "448000000", "investmentIncomeNet": "None", "netInterestIncome": "None", "interestIncome": "None", "interestExpense": "45000000", "nonInterestIncome": "None", "otherNonOperatingIncome": "-71000000", "depreciation": "None", "depreciationAndAmortization": "78000000", "incomeBeforeTax": "112000000", "incomeTaxExpense": "42000000", "interestAndDebtExpense": "None", "netIncomeFromContinuingOperations": "70000000", "comprehensiveIncomeNetOfTax": "None", "ebit": "150000000", "ebitda": "228000000", "netIncome": "61000000"}, {"fiscalDateEnding": "2014-12-31", "reportedCurrency": "USD", "grossProfit": "699000000", "totalRevenue": "1883000000", "costOfRevenue": "1184000000", "costofGoodsAndServicesSold": "1184000000", "operatingIncome": "257000000", "sellingGeneralAndAdministrative": "427000000", "researchAndDevelopment": "0", "operatingExpenses": "442000000", "investmentIncomeNet": "None", "netInterestIncome": "None", "interestIncome": "None", "interestExpense": "42000000", "nonInterestIncome": "None", "otherNonOperatingIncome": "8000000", "depreciation": "None", "depreciationAndAmortization": "79000000", "incomeBeforeTax": "223000000", "incomeTaxExpense": "28000000", "interestAndDebtExpense": "None", "netIncomeFromContinuingOperations": "195000000", "comprehensiveIncomeNetOfTax": "None", "ebit": "266000000", "ebitda": "345000000", "netIncome": "190000000"}, {"fiscalDateEnding": "2014-09-30", "reportedCurrency": "USD", "grossProfit": "726000000", "totalRevenue": "1904000000", "costOfRevenue": "1178000000", "costofGoodsAndServicesSold": "1178000000", "operatingIncome": "256000000", "sellingGeneralAndAdministrative": "446000000", "researchAndDevelopment": "0", "operatingExpenses": "470000000", "investmentIncomeNet": "None", "netInterestIncome": "None", "interestIncome": "None", "interestExpense": "41000000", "nonInterestIncome": "None", "otherNonOperatingIncome": "6000000", "depreciation": "None", "depreciationAndAmortization": "79000000", "incomeBeforeTax": "221000000", "incomeTaxExpense": "82000000", "interestAndDebtExpense": "None", "netIncomeFromContinuingOperations": "139000000", "comprehensiveIncomeNetOfTax": "None", "ebit": "256000000", "ebitda": "335000000", "netIncome": "128000000"}, {"fiscalDateEnding": "2014-06-30", "reportedCurrency": "USD", "grossProfit": "728000000", "totalRevenue": "1902000000", "costOfRevenue": "1174000000", "costofGoodsAndServicesSold": "1174000000", "operatingIncome": "262000000", "sellingGeneralAndAdministrative": "440000000", "researchAndDevelopment": "0", "operatingExpenses": "466000000", "investmentIncomeNet": "None", "netInterestIncome": "None", "interestIncome": "None", "interestExpense": "42000000", "nonInterestIncome": "None", "otherNonOperatingIncome": "9000000", "depreciation": "None", "depreciationAndAmortization": "81000000", "incomeBeforeTax": "229000000", "incomeTaxExpense": "87000000", "interestAndDebtExpense": "None", "netIncomeFromContinuingOperations": "142000000", "comprehensiveIncomeNetOfTax": "None", "ebit": "271000000", "ebitda": "352000000", "netIncome": "133000000"}, {"fiscalDateEnding": "2014-03-31", "reportedCurrency": "USD", "grossProfit": "645000000", "totalRevenue": "1746000000", "costOfRevenue": "1101000000", "costofGoodsAndServicesSold": "1101000000", "operatingIncome": "208000000", "sellingGeneralAndAdministrative": "415000000", "researchAndDevelopment": "0", "operatingExpenses": "437000000", "investmentIncomeNet": "None", "netInterestIncome": "None", "interestIncome": "None", "interestExpense": "39000000", "nonInterestIncome": "None", "otherNonOperatingIncome": "7000000", "depreciation": "None", "depreciationAndAmortization": "75000000", "incomeBeforeTax": "176000000", "incomeTaxExpense": "65000000", "interestAndDebtExpense": "None", "netIncomeFromContinuingOperations": "111000000", "comprehensiveIncomeNetOfTax": "None", "ebit": "216000000", "ebitda": "291000000", "netIncome": "103000000"}, {"fiscalDateEnding": "2013-12-31", "reportedCurrency": "USD", "grossProfit": "705000000", "totalRevenue": "1756000000", "costOfRevenue": "1051000000", "costofGoodsAndServicesSold": "1051000000", "operatingIncome": "270000000", "sellingGeneralAndAdministrative": "414630000", "researchAndDevelopment": "0", "operatingExpenses": "435000000", "investmentIncomeNet": "None", "netInterestIncome": "None", "interestIncome": "None", "interestExpense": "39000000", "nonInterestIncome": "None", "otherNonOperatingIncome": "7126000", "depreciation": "None", "depreciationAndAmortization": "72000000", "incomeBeforeTax": "238000000", "incomeTaxExpense": "87000000", "interestAndDebtExpense": "None", "netIncomeFromContinuingOperations": "151390000", "comprehensiveIncomeNetOfTax": "None", "ebit": "277983000", "ebitda": "349983000", "netIncome": "142020000"}, {"fiscalDateEnding": "2013-09-30", "reportedCurrency": "USD", "grossProfit": "698600000", "totalRevenue": "1787100000", "costOfRevenue": "1088500000", "costofGoodsAndServicesSold": "1088500000", "operatingIncome": "689500000", "sellingGeneralAndAdministrative": "422963000", "researchAndDevelopment": "0", "operatingExpenses": "483200000", "investmentIncomeNet": "None", "netInterestIncome": "None", "interestIncome": "None", "interestExpense": "40000000", "nonInterestIncome": "None", "otherNonOperatingIncome": "7826000", "depreciation": "None", "depreciationAndAmortization": "69000000", "incomeBeforeTax": "657400000", "incomeTaxExpense": "245900000", "interestAndDebtExpense": "None", "netIncomeFromContinuingOperations": "411461000", "comprehensiveIncomeNetOfTax": "None", "ebit": "698000000", "ebitda": "767000000", "netIncome": "404000000"}, {"fiscalDateEnding": "2013-06-30", "reportedCurrency": "USD", "grossProfit": "722000000", "totalRevenue": "1815700000", "costOfRevenue": "1093700000", "costofGoodsAndServicesSold": "1093700000", "operatingIncome": "288700000", "sellingGeneralAndAdministrative": "418548000", "researchAndDevelopment": "0", "operatingExpenses": "433300000", "investmentIncomeNet": "None", "netInterestIncome": "None", "interestIncome": "None", "interestExpense": "39900000", "nonInterestIncome": "None", "otherNonOperatingIncome": "7511000", "depreciation": "None", "depreciationAndAmortization": "71800000", "incomeBeforeTax": "256400000", "incomeTaxExpense": "94500000", "interestAndDebtExpense": "None", "netIncomeFromContinuingOperations": "161820000", "comprehensiveIncomeNetOfTax": "None", "ebit": "296200000", "ebitda": "368000000", "netIncome": "165000000"}, {"fiscalDateEnding": "2013-03-31", "reportedCurrency": "USD", "grossProfit": "694800000", "totalRevenue": "1786600000", "costOfRevenue": "1091800000", "costofGoodsAndServicesSold": "1091800000", "operatingIncome": "227000000", "sellingGeneralAndAdministrative": "447869000", "researchAndDevelopment": "0", "operatingExpenses": "467800000", "investmentIncomeNet": "None", "netInterestIncome": "None", "interestIncome": "None", "interestExpense": "39900000", "nonInterestIncome": "None", "otherNonOperatingIncome": "9537000", "depreciation": "None", "depreciationAndAmortization": "70200000", "incomeBeforeTax": "196600000", "incomeTaxExpense": "73300000", "interestAndDebtExpense": "None", "netIncomeFromContinuingOperations": "123329000", "comprehensiveIncomeNetOfTax": "None", "ebit": "237800000", "ebitda": "308000000", "netIncome": "135000000"}, {"fiscalDateEnding": "2012-12-31", "reportedCurrency": "USD", "grossProfit": "701200000", "totalRevenue": "1773800000", "costOfRevenue": "1072600000", "costofGoodsAndServicesSold": "1072600000", "operatingIncome": "265000000", "sellingGeneralAndAdministrative": "371144000", "researchAndDevelopment": "0", "operatingExpenses": "436200000", "investmentIncomeNet": "None", "netInterestIncome": "None", "interestIncome": "None", "interestExpense": "40000000", "nonInterestIncome": "None", "otherNonOperatingIncome": "6671000", "depreciation": "None", "depreciationAndAmortization": "71300000", "incomeBeforeTax": "231600000", "incomeTaxExpense": "81600000", "interestAndDebtExpense": "None", "netIncomeFromContinuingOperations": "140230000", "comprehensiveIncomeNetOfTax": "None", "ebit": "265389000", "ebitda": "336689000", "netIncome": "55816000"}, {"fiscalDateEnding": "2012-09-30", "reportedCurrency": "USD", "grossProfit": "761700000", "totalRevenue": "1851400000", "costOfRevenue": "1089700000", "costofGoodsAndServicesSold": "1089700000", "operatingIncome": "308700000", "sellingGeneralAndAdministrative": "432627000", "researchAndDevelopment": "0", "operatingExpenses": "453000000", "investmentIncomeNet": "None", "netInterestIncome": "None", "interestIncome": "None", "interestExpense": "41685000", "nonInterestIncome": "None", "otherNonOperatingIncome": "7134000", "depreciation": "None", "depreciationAndAmortization": "71300000", "incomeBeforeTax": "274900000", "incomeTaxExpense": "103300000", "interestAndDebtExpense": "None", "netIncomeFromContinuingOperations": "171499000", "comprehensiveIncomeNetOfTax": "None", "ebit": "312397000", "ebitda": "383697000", "netIncome": "162437000"}, {"fiscalDateEnding": "2012-06-30", "reportedCurrency": "USD", "grossProfit": "796300000", "totalRevenue": "1906800000", "costOfRevenue": "1110500000", "costofGoodsAndServicesSold": "1110500000", "operatingIncome": "334700000", "sellingGeneralAndAdministrative": "440788000", "researchAndDevelopment": "0", "operatingExpenses": "461600000", "investmentIncomeNet": "None", "netInterestIncome": "None", "interestIncome": "None", "interestExpense": "41900000", "nonInterestIncome": "None", "otherNonOperatingIncome": "6116000", "depreciation": "None", "depreciationAndAmortization": "71800000", "incomeBeforeTax": "298900000", "incomeTaxExpense": "112400000", "interestAndDebtExpense": "None", "netIncomeFromContinuingOperations": "186528000", "comprehensiveIncomeNetOfTax": "None", "ebit": "340145000", "ebitda": "411945000", "netIncome": "176993000"}, {"fiscalDateEnding": "2012-03-31", "reportedCurrency": "USD", "grossProfit": "820000000", "totalRevenue": "1936500000", "costOfRevenue": "1116500000", "costofGoodsAndServicesSold": "1116500000", "operatingIncome": "299600000", "sellingGeneralAndAdministrative": "500641000", "researchAndDevelopment": "0", "operatingExpenses": "520400000", "investmentIncomeNet": "None", "netInterestIncome": "None", "interestIncome": "None", "interestExpense": "42300000", "nonInterestIncome": "None", "otherNonOperatingIncome": "12366000", "depreciation": "None", "depreciationAndAmortization": "72200000", "incomeBeforeTax": "269600000", "incomeTaxExpense": "101400000", "interestAndDebtExpense": "None", "netIncomeFromContinuingOperations": "168241000", "comprehensiveIncomeNetOfTax": "None", "ebit": "310817000", "ebitda": "383017000", "netIncome": "158524000"}, {"fiscalDateEnding": "2011-12-31", "reportedCurrency": "USD", "grossProfit": "801940000", "totalRevenue": "1879307000", "costOfRevenue": "1077367000", "costofGoodsAndServicesSold": "1077367000", "operatingIncome": "325181000", "sellingGeneralAndAdministrative": "457073000", "researchAndDevelopment": "0", "operatingExpenses": "476759000", "investmentIncomeNet": "None", "netInterestIncome": "None", "interestIncome": "None", "interestExpense": "43779000", "nonInterestIncome": "None", "otherNonOperatingIncome": "9713000", "depreciation": "None", "depreciationAndAmortization": "71671000", "incomeBeforeTax": "292229000", "incomeTaxExpense": "92886000", "interestAndDebtExpense": "None", "netIncomeFromContinuingOperations": "199343000", "comprehensiveIncomeNetOfTax": "None", "ebit": "336008000", "ebitda": "407679000", "netIncome": "189437000"}, {"fiscalDateEnding": "2011-09-30", "reportedCurrency": "USD", "grossProfit": "789800000", "totalRevenue": "1906400000", "costOfRevenue": "1116600000", "costofGoodsAndServicesSold": "1116600000", "operatingIncome": "322100000", "sellingGeneralAndAdministrative": "446595000", "researchAndDevelopment": "0", "operatingExpenses": "467700000", "investmentIncomeNet": "None", "netInterestIncome": "None", "interestIncome": "None", "interestExpense": "44059000", "nonInterestIncome": "None", "otherNonOperatingIncome": "4624000", "depreciation": "None", "depreciationAndAmortization": "73300000", "incomeBeforeTax": "283200000", "incomeTaxExpense": "101100000", "interestAndDebtExpense": "None", "netIncomeFromContinuingOperations": "182143000", "comprehensiveIncomeNetOfTax": "None", "ebit": "327375000", "ebitda": "400675000", "netIncome": "171848000"}, {"fiscalDateEnding": "2011-06-30", "reportedCurrency": "USD", "grossProfit": "798800000", "totalRevenue": "1903200000", "costOfRevenue": "1104400000", "costofGoodsAndServicesSold": "1104400000", "operatingIncome": "316800000", "sellingGeneralAndAdministrative": "462789000", "researchAndDevelopment": "0", "operatingExpenses": "482000000", "investmentIncomeNet": "None", "netInterestIncome": "None", "interestIncome": "None", "interestExpense": "46600000", "nonInterestIncome": "None", "otherNonOperatingIncome": "7523000", "depreciation": "None", "depreciationAndAmortization": "72700000", "incomeBeforeTax": "277800000", "incomeTaxExpense": "105800000", "interestAndDebtExpense": "None", "netIncomeFromContinuingOperations": "172034000", "comprehensiveIncomeNetOfTax": "None", "ebit": "324396000", "ebitda": "397096000", "netIncome": "163143000"}, {"fiscalDateEnding": "2011-03-31", "reportedCurrency": "USD", "grossProfit": "724600000", "totalRevenue": "1821600000", "costOfRevenue": "1097000000", "costofGoodsAndServicesSold": "1097000000", "operatingIncome": "267000000", "sellingGeneralAndAdministrative": "447858000", "researchAndDevelopment": "0", "operatingExpenses": "457600000", "investmentIncomeNet": "None", "netInterestIncome": "None", "interestIncome": "None", "interestExpense": "38280000", "nonInterestIncome": "None", "otherNonOperatingIncome": "9907000", "depreciation": "None", "depreciationAndAmortization": "63400000", "incomeBeforeTax": "239000000", "incomeTaxExpense": "90600000", "interestAndDebtExpense": "None", "netIncomeFromContinuingOperations": "-46288000", "comprehensiveIncomeNetOfTax": "None", "ebit": "41183000", "ebitda": "104583000", "netIncome": "140800000"}, {"fiscalDateEnding": "2010-12-31", "reportedCurrency": "USD", "grossProfit": "743602000", "totalRevenue": "1824040000", "costOfRevenue": "1080438000", "costofGoodsAndServicesSold": "1080438000", "operatingIncome": "294212000", "sellingGeneralAndAdministrative": "430966000", "researchAndDevelopment": "0", "operatingExpenses": "449390000", "investmentIncomeNet": "None", "netInterestIncome": "None", "interestIncome": "None", "interestExpense": "37860000", "nonInterestIncome": "None", "otherNonOperatingIncome": "10295000", "depreciation": "None", "depreciationAndAmortization": "63520000", "incomeBeforeTax": "266941000", "incomeTaxExpense": "91600000", "interestAndDebtExpense": "None", "netIncomeFromContinuingOperations": "175341000", "comprehensiveIncomeNetOfTax": "None", "ebit": "304801000", "ebitda": "368321000", "netIncome": "165756000"}, {"fiscalDateEnding": "2010-09-30", "reportedCurrency": "USD", "grossProfit": "773200000", "totalRevenue": "1864700000", "costOfRevenue": "1091500000", "costofGoodsAndServicesSold": "1091500000", "operatingIncome": "336800000", "sellingGeneralAndAdministrative": "426562000", "researchAndDevelopment": "0", "operatingExpenses": "436400000", "investmentIncomeNet": "None", "netInterestIncome": "None", "interestIncome": "None", "interestExpense": "36472000", "nonInterestIncome": "None", "otherNonOperatingIncome": "10351000", "depreciation": "None", "depreciationAndAmortization": "64100000", "incomeBeforeTax": "311000000", "incomeTaxExpense": "102900000", "interestAndDebtExpense": "None", "netIncomeFromContinuingOperations": "208116000", "comprehensiveIncomeNetOfTax": "None", "ebit": "333600000", "ebitda": "397700000", "netIncome": "198075000"}, {"fiscalDateEnding": "2010-06-30", "reportedCurrency": "USD", "grossProfit": "795800000", "totalRevenue": "1874700000", "costOfRevenue": "1078900000", "costofGoodsAndServicesSold": "1078900000", "operatingIncome": "365900000", "sellingGeneralAndAdministrative": "419412000", "researchAndDevelopment": "0", "operatingExpenses": "429900000", "investmentIncomeNet": "None", "netInterestIncome": "None", "interestIncome": "None", "interestExpense": "36640000", "nonInterestIncome": "None", "otherNonOperatingIncome": "266000", "depreciation": "None", "depreciationAndAmortization": "63000000", "incomeBeforeTax": "329800000", "incomeTaxExpense": "125600000", "interestAndDebtExpense": "None", "netIncomeFromContinuingOperations": "204142000", "comprehensiveIncomeNetOfTax": "None", "ebit": "366407000", "ebitda": "429407000", "netIncome": "194615000"}, {"fiscalDateEnding": "2010-03-31", "reportedCurrency": "USD", "grossProfit": "739100000", "totalRevenue": "1805500000", "costOfRevenue": "1066400000", "costofGoodsAndServicesSold": "1066400000", "operatingIncome": "298600000", "sellingGeneralAndAdministrative": "430733000", "researchAndDevelopment": "0", "operatingExpenses": "440500000", "investmentIncomeNet": "None", "netInterestIncome": "None", "interestIncome": "None", "interestExpense": "36000000", "nonInterestIncome": "None", "otherNonOperatingIncome": "13976000", "depreciation": "None", "depreciationAndAmortization": "63300000", "incomeBeforeTax": "276600000", "incomeTaxExpense": "105400000", "interestAndDebtExpense": "None", "netIncomeFromContinuingOperations": "171205000", "comprehensiveIncomeNetOfTax": "None", "ebit": "313146000", "ebitda": "376446000", "netIncome": "162448000"}, {"fiscalDateEnding": "2009-12-31", "reportedCurrency": "USD", "grossProfit": "778034000", "totalRevenue": "1848273000", "costOfRevenue": "1070239000", "costofGoodsAndServicesSold": "1070239000", "operatingIncome": "330393000", "sellingGeneralAndAdministrative": "432992000", "researchAndDevelopment": "0", "operatingExpenses": "447641000", "investmentIncomeNet": "None", "netInterestIncome": "None", "interestIncome": "None", "interestExpense": "35024000", "nonInterestIncome": "None", "otherNonOperatingIncome": "None", "depreciation": "None", "depreciationAndAmortization": "63025000", "incomeBeforeTax": "292363000", "incomeTaxExpense": "101605000", "interestAndDebtExpense": "None", "netIncomeFromContinuingOperations": "0", "comprehensiveIncomeNetOfTax": "None", "ebit": "327387000", "ebitda": "390412000", "netIncome": "181590000"}, {"fiscalDateEnding": "2009-09-30", "reportedCurrency": "USD", "grossProfit": "799700000", "totalRevenue": "1897200000", "costOfRevenue": "1097500000", "costofGoodsAndServicesSold": "1097500000", "operatingIncome": "348300000", "sellingGeneralAndAdministrative": "441569000", "researchAndDevelopment": "0", "operatingExpenses": "451400000", "investmentIncomeNet": "None", "netInterestIncome": "None", "interestIncome": "None", "interestExpense": "33000000", "nonInterestIncome": "None", "otherNonOperatingIncome": "11022000", "depreciation": "None", "depreciationAndAmortization": "9200000", "incomeBeforeTax": "326300000", "incomeTaxExpense": "125200000", "interestAndDebtExpense": "None", "netIncomeFromContinuingOperations": "201092000", "comprehensiveIncomeNetOfTax": "None", "ebit": "356900000", "ebitda": "366100000", "netIncome": "192219000"}, {"fiscalDateEnding": "2009-06-30", "reportedCurrency": "USD", "grossProfit": "801606000", "totalRevenue": "1901818000", "costOfRevenue": "1100212000", "costofGoodsAndServicesSold": "1100212000", "operatingIncome": "359375000", "sellingGeneralAndAdministrative": "448756000", "researchAndDevelopment": "0", "operatingExpenses": "442231000", "investmentIncomeNet": "None", "netInterestIncome": "None", "interestIncome": "None", "interestExpense": "36961000", "nonInterestIncome": "None", "otherNonOperatingIncome": "-713000", "depreciation": "None", "depreciationAndAmortization": "65187000", "incomeBeforeTax": "321816000", "incomeTaxExpense": "123535000", "interestAndDebtExpense": "None", "netIncomeFromContinuingOperations": "198281000", "comprehensiveIncomeNetOfTax": "None", "ebit": "358777000", "ebitda": "423964000", "netIncome": "188200000"}, {"fiscalDateEnding": "2009-03-31", "reportedCurrency": "USD", "grossProfit": "754517000", "totalRevenue": "1808006000", "costOfRevenue": "1053489000", "costofGoodsAndServicesSold": "1053489000", "operatingIncome": "321063000", "sellingGeneralAndAdministrative": "424301000", "researchAndDevelopment": "0", "operatingExpenses": "433454000", "investmentIncomeNet": "None", "netInterestIncome": "None", "interestIncome": "None", "interestExpense": "39844000", "nonInterestIncome": "None", "otherNonOperatingIncome": "None", "depreciation": "None", "depreciationAndAmortization": "64860000", "incomeBeforeTax": "287516000", "incomeTaxExpense": "110189000", "interestAndDebtExpense": "None", "netIncomeFromContinuingOperations": "0", "comprehensiveIncomeNetOfTax": "None", "ebit": "327360000", "ebitda": "392220000", "netIncome": "167102000"}, {"fiscalDateEnding": "2008-12-31", "reportedCurrency": "USD", "grossProfit": "759381000", "totalRevenue": "1800306000", "costOfRevenue": "1040925000", "costofGoodsAndServicesSold": "1040925000", "operatingIncome": "317057000", "sellingGeneralAndAdministrative": "435640000", "researchAndDevelopment": "0", "operatingExpenses": "442324000", "investmentIncomeNet": "None", "netInterestIncome": "None", "interestIncome": "None", "interestExpense": "44577000", "nonInterestIncome": "None", "otherNonOperatingIncome": "None", "depreciation": "None", "depreciationAndAmortization": "65765000", "incomeBeforeTax": "263077000", "incomeTaxExpense": "93481000", "interestAndDebtExpense": "None", "netIncomeFromContinuingOperations": "0", "comprehensiveIncomeNetOfTax": "None", "ebit": "299109000", "ebitda": "364874000", "netIncome": "169813000"}, {"fiscalDateEnding": "2008-09-30", "reportedCurrency": "USD", "grossProfit": "753480000", "totalRevenue": "1826603000", "costOfRevenue": "1073123000", "costofGoodsAndServicesSold": "1073123000", "operatingIncome": "316935000", "sellingGeneralAndAdministrative": "428179000", "researchAndDevelopment": "0", "operatingExpenses": "436545000", "investmentIncomeNet": "None", "netInterestIncome": "None", "interestIncome": "None", "interestExpense": "43134000", "nonInterestIncome": "None", "otherNonOperatingIncome": "None", "depreciation": "None", "depreciationAndAmortization": "66144000", "incomeBeforeTax": "260318000", "incomeTaxExpense": "100642000", "interestAndDebtExpense": "None", "netIncomeFromContinuingOperations": "0", "comprehensiveIncomeNetOfTax": "None", "ebit": "250791000", "ebitda": "316935000", "netIncome": "110742000"}, {"fiscalDateEnding": "2008-06-30", "reportedCurrency": "USD", "grossProfit": "754420000", "totalRevenue": "1837901000", "costOfRevenue": "1083481000", "costofGoodsAndServicesSold": "1083481000", "operatingIncome": "308123000", "sellingGeneralAndAdministrative": "438037000", "researchAndDevelopment": "0", "operatingExpenses": "446297000", "investmentIncomeNet": "None", "netInterestIncome": "None", "interestIncome": "None", "interestExpense": "46876000", "nonInterestIncome": "None", "otherNonOperatingIncome": "None", "depreciation": "None", "depreciationAndAmortization": "67425000", "incomeBeforeTax": "263005000", "incomeTaxExpense": "100787000", "interestAndDebtExpense": "None", "netIncomeFromContinuingOperations": "0", "comprehensiveIncomeNetOfTax": "None", "ebit": "317707000", "ebitda": "385132000", "netIncome": "161328000"}, {"fiscalDateEnding": "2008-03-31", "reportedCurrency": "USD", "grossProfit": "726010000", "totalRevenue": "1784637000", "costOfRevenue": "1058627000", "costofGoodsAndServicesSold": "1058627000", "operatingIncome": "280261000", "sellingGeneralAndAdministrative": "436485000", "researchAndDevelopment": "0", "operatingExpenses": "445749000", "investmentIncomeNet": "None", "netInterestIncome": "None", "interestIncome": "None", "interestExpense": "47617000", "nonInterestIncome": "None", "otherNonOperatingIncome": "None", "depreciation": "None", "depreciationAndAmortization": "65259000", "incomeBeforeTax": "232552000", "incomeTaxExpense": "91858000", "interestAndDebtExpense": "None", "netIncomeFromContinuingOperations": "0", "comprehensiveIncomeNetOfTax": "None", "ebit": "215002000", "ebitda": "280261000", "netIncome": "139607000"}, {"fiscalDateEnding": "2007-12-31", "reportedCurrency": "USD", "grossProfit": "727750000", "totalRevenue": "1770473000", "costOfRevenue": "1042723000", "costofGoodsAndServicesSold": "1042723000", "operatingIncome": "312065000", "sellingGeneralAndAdministrative": "408626000", "researchAndDevelopment": "0", "operatingExpenses": "415685000", "investmentIncomeNet": "None", "netInterestIncome": "None", "interestIncome": "None", "interestExpense": "56293000", "nonInterestIncome": "None", "otherNonOperatingIncome": "None", "depreciation": "None", "depreciationAndAmortization": "68622000", "incomeBeforeTax": "253720000", "incomeTaxExpense": "99711000", "interestAndDebtExpense": "None", "netIncomeFromContinuingOperations": "0", "comprehensiveIncomeNetOfTax": "None", "ebit": "312065000", "ebitda": "380687000", "netIncome": "-5251000"}, {"fiscalDateEnding": "2007-09-30", "reportedCurrency": "USD", "grossProfit": "740472000", "totalRevenue": "1767070000", "costOfRevenue": "1026598000", "costofGoodsAndServicesSold": "1026598000", "operatingIncome": "305992000", "sellingGeneralAndAdministrative": "424334000", "researchAndDevelopment": "0", "operatingExpenses": "434480000", "investmentIncomeNet": "None", "netInterestIncome": "None", "interestIncome": "None", "interestExpense": "58687000", "nonInterestIncome": "None", "otherNonOperatingIncome": "None", "depreciation": "None", "depreciationAndAmortization": "64024000", "incomeBeforeTax": "247725000", "incomeTaxExpense": "97400000", "interestAndDebtExpense": "None", "netIncomeFromContinuingOperations": "0", "comprehensiveIncomeNetOfTax": "None", "ebit": "241968000", "ebitda": "305992000", "netIncome": "97965000"}, {"fiscalDateEnding": "2007-06-30", "reportedCurrency": "USD", "grossProfit": "672414000", "totalRevenue": "1641156000", "costOfRevenue": "968742000", "costofGoodsAndServicesSold": "968742000", "operatingIncome": "272409000", "sellingGeneralAndAdministrative": "395105000", "researchAndDevelopment": "0", "operatingExpenses": "400005000", "investmentIncomeNet": "None", "netInterestIncome": "None", "interestIncome": "None", "interestExpense": "39158000", "nonInterestIncome": "None", "otherNonOperatingIncome": "None", "depreciation": "None", "depreciationAndAmortization": "54898000", "incomeBeforeTax": "233832000", "incomeTaxExpense": "91853000", "interestAndDebtExpense": "None", "netIncomeFromContinuingOperations": "0", "comprehensiveIncomeNetOfTax": "None", "ebit": "217511000", "ebitda": "272409000", "netIncome": "141332000"}, {"fiscalDateEnding": "2007-03-31", "reportedCurrency": "USD", "grossProfit": "594423000", "totalRevenue": "1526208000", "costOfRevenue": "931785000", "costofGoodsAndServicesSold": "931785000", "operatingIncome": "200870000", "sellingGeneralAndAdministrative": "389093000", "researchAndDevelopment": "0", "operatingExpenses": "393553000", "investmentIncomeNet": "None", "netInterestIncome": "None", "interestIncome": "None", "interestExpense": "26527000", "nonInterestIncome": "None", "otherNonOperatingIncome": "None", "depreciation": "None", "depreciationAndAmortization": "50335000", "incomeBeforeTax": "177125000", "incomeTaxExpense": "69610000", "interestAndDebtExpense": "None", "netIncomeFromContinuingOperations": "0", "comprehensiveIncomeNetOfTax": "None", "ebit": "150535000", "ebitda": "200870000", "netIncome": "105893000"}, {"fiscalDateEnding": "2006-12-31", "reportedCurrency": "USD", "grossProfit": "629856000", "totalRevenue": "1549270000", "costOfRevenue": "919414000", "costofGoodsAndServicesSold": "919414000", "operatingIncome": "279102000", "sellingGeneralAndAdministrative": "372726000", "researchAndDevelopment": "0", "operatingExpenses": "350754000", "investmentIncomeNet": "None", "netInterestIncome": "None", "interestIncome": "None", "interestExpense": "23605000", "nonInterestIncome": "None", "otherNonOperatingIncome": "None", "depreciation": "None", "depreciationAndAmortization": "49390000", "incomeBeforeTax": "247949000", "incomeTaxExpense": "96674000", "interestAndDebtExpense": "None", "netIncomeFromContinuingOperations": "0", "comprehensiveIncomeNetOfTax": "None", "ebit": "279102000", "ebitda": "328492000", "netIncome": "149286000"}, {"fiscalDateEnding": "2006-09-30", "reportedCurrency": "USD", "grossProfit": "649467000", "totalRevenue": "1583202000", "costOfRevenue": "933735000", "costofGoodsAndServicesSold": "933735000", "operatingIncome": "292861000", "sellingGeneralAndAdministrative": "354631000", "researchAndDevelopment": "0", "operatingExpenses": "356606000", "investmentIncomeNet": "None", "netInterestIncome": "None", "interestIncome": "None", "interestExpense": "22801000", "nonInterestIncome": "None", "otherNonOperatingIncome": "None", "depreciation": "None", "depreciationAndAmortization": "49388000", "incomeBeforeTax": "267266000", "incomeTaxExpense": "103413000", "interestAndDebtExpense": "None", "netIncomeFromContinuingOperations": "0", "comprehensiveIncomeNetOfTax": "None", "ebit": "243473000", "ebitda": "292861000", "netIncome": "160522000"}, {"fiscalDateEnding": "2006-06-30", "reportedCurrency": "USD", "grossProfit": "647903000", "totalRevenue": "1584335000", "costOfRevenue": "936432000", "costofGoodsAndServicesSold": "936432000", "operatingIncome": "262625000", "sellingGeneralAndAdministrative": "383021000", "researchAndDevelopment": "0", "operatingExpenses": "385278000", "investmentIncomeNet": "None", "netInterestIncome": "None", "interestIncome": "None", "interestExpense": "22662000", "nonInterestIncome": "None", "otherNonOperatingIncome": "None", "depreciation": "None", "depreciationAndAmortization": "49560000", "incomeBeforeTax": "228059000", "incomeTaxExpense": "96082000", "interestAndDebtExpense": "None", "netIncomeFromContinuingOperations": "0", "comprehensiveIncomeNetOfTax": "None", "ebit": "297326000", "ebitda": "346886000", "netIncome": "131977000"}, {"fiscalDateEnding": "2006-03-31", "reportedCurrency": "USD", "grossProfit": "632424000", "totalRevenue": "1555408000", "costOfRevenue": "922984000", "costofGoodsAndServicesSold": "922984000", "operatingIncome": "244541000", "sellingGeneralAndAdministrative": "358190000", "researchAndDevelopment": "0", "operatingExpenses": "387883000", "investmentIncomeNet": "None", "netInterestIncome": "None", "interestIncome": "None", "interestExpense": "23524000", "nonInterestIncome": "None", "otherNonOperatingIncome": "None", "depreciation": "None", "depreciationAndAmortization": "49060000", "incomeBeforeTax": "241061000", "incomeTaxExpense": "96425000", "interestAndDebtExpense": "None", "netIncomeFromContinuingOperations": "0", "comprehensiveIncomeNetOfTax": "None", "ebit": "258718000", "ebitda": "307778000", "netIncome": "144636000"}, {"fiscalDateEnding": "2005-12-31", "reportedCurrency": "USD", "grossProfit": "563321000", "totalRevenue": "1434876000", "costOfRevenue": "871555000", "costofGoodsAndServicesSold": "871555000", "operatingIncome": "233849000", "sellingGeneralAndAdministrative": "320327000", "researchAndDevelopment": "0", "operatingExpenses": "329472000", "investmentIncomeNet": "None", "netInterestIncome": "None", "interestIncome": "None", "interestExpense": "21835000", "nonInterestIncome": "None", "otherNonOperatingIncome": "None", "depreciation": "None", "depreciationAndAmortization": "47138000", "incomeBeforeTax": "214992000", "incomeTaxExpense": "84663000", "interestAndDebtExpense": "None", "netIncomeFromContinuingOperations": "0", "comprehensiveIncomeNetOfTax": "None", "ebit": "233849000", "ebitda": "280987000", "netIncome": "130329000"}, {"fiscalDateEnding": "2005-09-30", "reportedCurrency": "USD", "grossProfit": "564801000", "totalRevenue": "1371821000", "costOfRevenue": "807020000", "costofGoodsAndServicesSold": "807020000", "operatingIncome": "243196000", "sellingGeneralAndAdministrative": "313426000", "researchAndDevelopment": "0", "operatingExpenses": "321605000", "investmentIncomeNet": "None", "netInterestIncome": "None", "interestIncome": "None", "interestExpense": "11840000", "nonInterestIncome": "None", "otherNonOperatingIncome": "None", "depreciation": "None", "depreciationAndAmortization": "43455000", "incomeBeforeTax": "226039000", "incomeTaxExpense": "90791000", "interestAndDebtExpense": "None", "netIncomeFromContinuingOperations": "0", "comprehensiveIncomeNetOfTax": "None", "ebit": "250355000", "ebitda": "293810000", "netIncome": "135248000"}, {"fiscalDateEnding": "2005-06-30", "reportedCurrency": "USD", "grossProfit": "578851000", "totalRevenue": "1377529000", "costOfRevenue": "798678000", "costofGoodsAndServicesSold": "798678000", "operatingIncome": "261200000", "sellingGeneralAndAdministrative": "316765000", "researchAndDevelopment": "0", "operatingExpenses": "317651000", "investmentIncomeNet": "None", "netInterestIncome": "None", "interestIncome": "None", "interestExpense": "12640000", "nonInterestIncome": "None", "otherNonOperatingIncome": "None", "depreciation": "None", "depreciationAndAmortization": "43003000", "incomeBeforeTax": "249337000", "incomeTaxExpense": "100248000", "interestAndDebtExpense": "None", "netIncomeFromContinuingOperations": "0", "comprehensiveIncomeNetOfTax": "None", "ebit": "261200000", "ebitda": "304203000", "netIncome": "149089000"}, {"fiscalDateEnding": "2005-03-31", "reportedCurrency": "USD", "grossProfit": "539403000", "totalRevenue": "1319485000", "costOfRevenue": "780082000", "costofGoodsAndServicesSold": "780082000", "operatingIncome": "229913000", "sellingGeneralAndAdministrative": "308348000", "researchAndDevelopment": "0", "operatingExpenses": "309490000", "investmentIncomeNet": "None", "netInterestIncome": "None", "interestIncome": "None", "interestExpense": "12783000", "nonInterestIncome": "None", "otherNonOperatingIncome": "None", "depreciation": "None", "depreciationAndAmortization": "42528000", "incomeBeforeTax": "220086000", "incomeTaxExpense": "88475000", "interestAndDebtExpense": "None", "netIncomeFromContinuingOperations": "0", "comprehensiveIncomeNetOfTax": "None", "ebit": "187385000", "ebitda": "229913000", "netIncome": "131611000"}, {"fiscalDateEnding": "2004-12-31", "reportedCurrency": "USD", "grossProfit": "525858000", "totalRevenue": "1283288000", "costOfRevenue": "757430000", "costofGoodsAndServicesSold": "757430000", "operatingIncome": "230839000", "sellingGeneralAndAdministrative": "304551000", "researchAndDevelopment": "0", "operatingExpenses": "295019000", "investmentIncomeNet": "None", "netInterestIncome": "None", "interestIncome": "None", "interestExpense": "14269000", "nonInterestIncome": "None", "otherNonOperatingIncome": "None", "depreciation": "None", "depreciationAndAmortization": "42271000", "incomeBeforeTax": "208030000", "incomeTaxExpense": "81957000", "interestAndDebtExpense": "None", "netIncomeFromContinuingOperations": "0", "comprehensiveIncomeNetOfTax": "None", "ebit": "230839000", "ebitda": "273110000", "netIncome": "126073000"}]}