{"symbol": "SWK", "annualReports": [{"fiscalDateEnding": "2024-12-31", "reportedCurrency": "USD", "grossProfit": "4514400000", "totalRevenue": "15365700000", "costOfRevenue": "10851300000", "costofGoodsAndServicesSold": "10851300000", "operatingIncome": "1181700000", "sellingGeneralAndAdministrative": "3310500000", "researchAndDevelopment": "None", "operatingExpenses": "3332700000", "investmentIncomeNet": "None", "netInterestIncome": "-319500000", "interestIncome": "179100000", "interestExpense": "498600000", "nonInterestIncome": "None", "otherNonOperatingIncome": "None", "depreciation": "None", "depreciationAndAmortization": "589500000", "incomeBeforeTax": "241100000", "incomeTaxExpense": "-45200000", "interestAndDebtExpense": "None", "netIncomeFromContinuingOperations": "286300000", "comprehensiveIncomeNetOfTax": "None", "ebit": "739700000", "ebitda": "1329200000", "netIncome": "294300000"}, {"fiscalDateEnding": "2023-12-31", "reportedCurrency": "USD", "grossProfit": "4098000000", "totalRevenue": "15781100000", "costOfRevenue": "11683100000", "costofGoodsAndServicesSold": "11683100000", "operatingIncome": "620300000", "sellingGeneralAndAdministrative": "2691000000", "researchAndDevelopment": "362000000", "operatingExpenses": "3191300000", "investmentIncomeNet": "None", "netInterestIncome": "-368800000", "interestIncome": "165200000", "interestExpense": "559400000", "nonInterestIncome": "None", "otherNonOperatingIncome": "None", "depreciation": "None", "depreciationAndAmortization": "625100000", "incomeBeforeTax": "-375700000", "incomeTaxExpense": "-94000000", "interestAndDebtExpense": "None", "netIncomeFromContinuingOperations": "-106000000", "comprehensiveIncomeNetOfTax": "None", "ebit": "177600000", "ebitda": "802700000", "netIncome": "-310500000"}, {"fiscalDateEnding": "2022-12-31", "reportedCurrency": "USD", "grossProfit": "4284100000", "totalRevenue": "16947400000", "costOfRevenue": "12663300000", "costofGoodsAndServicesSold": "12663300000", "operatingIncome": "956900000", "sellingGeneralAndAdministrative": "3219300000", "researchAndDevelopment": "357400000", "operatingExpenses": "3644800000", "investmentIncomeNet": "None", "netInterestIncome": "-283800000", "interestIncome": "283800000", "interestExpense": "338500000", "nonInterestIncome": "None", "otherNonOperatingIncome": "46300000", "depreciation": "None", "depreciationAndAmortization": "572200000", "incomeBeforeTax": "37900000", "incomeTaxExpense": "-132400000", "interestAndDebtExpense": "None", "netIncomeFromContinuingOperations": "170300000", "comprehensiveIncomeNetOfTax": "None", "ebit": "370600000", "ebitda": "942800000", "netIncome": "170300000"}, {"fiscalDateEnding": "2021-12-31", "reportedCurrency": "USD", "grossProfit": "5194200000", "totalRevenue": "15617200000", "costOfRevenue": "10423000000", "costofGoodsAndServicesSold": "10423000000", "operatingIncome": "1816600000", "sellingGeneralAndAdministrative": "3122300000", "researchAndDevelopment": "276300000", "operatingExpenses": "3362500000", "investmentIncomeNet": "None", "netInterestIncome": "-175600000", "interestIncome": "175600000", "interestExpense": "175600000", "nonInterestIncome": "None", "otherNonOperatingIncome": "28200000", "depreciation": "None", "depreciationAndAmortization": "577100000", "incomeBeforeTax": "1641000000", "incomeTaxExpense": "61400000", "interestAndDebtExpense": "None", "netIncomeFromContinuingOperations": "1598600000", "comprehensiveIncomeNetOfTax": "None", "ebit": "1768400000", "ebitda": "2345500000", "netIncome": "1689200000"}, {"fiscalDateEnding": "2020-12-31", "reportedCurrency": "USD", "grossProfit": "4967900000", "totalRevenue": "14534600000", "costOfRevenue": "9566700000", "costofGoodsAndServicesSold": "9566700000", "operatingIncome": "1472100000", "sellingGeneralAndAdministrative": "2997200000", "researchAndDevelopment": "200000000", "operatingExpenses": "3399300000", "investmentIncomeNet": "None", "netInterestIncome": "-205100000", "interestIncome": "205100000", "interestExpense": "223100000", "nonInterestIncome": "None", "otherNonOperatingIncome": "-33300000", "depreciation": "None", "depreciationAndAmortization": "578100000", "incomeBeforeTax": "1267000000", "incomeTaxExpense": "41400000", "interestAndDebtExpense": "None", "netIncomeFromContinuingOperations": "1234700000", "comprehensiveIncomeNetOfTax": "None", "ebit": "1665100000", "ebitda": "2243200000", "netIncome": "1233800000"}, {"fiscalDateEnding": "2019-12-31", "reportedCurrency": "USD", "grossProfit": "4805500000", "totalRevenue": "14442200000", "costOfRevenue": "9636700000", "costofGoodsAndServicesSold": "9636700000", "operatingIncome": "1360400000", "sellingGeneralAndAdministrative": "2944900000", "researchAndDevelopment": "240800000", "operatingExpenses": "3308000000", "investmentIncomeNet": "None", "netInterestIncome": "-230400000", "interestIncome": "53900000", "interestExpense": "284300000", "nonInterestIncome": "None", "otherNonOperatingIncome": "70900000", "depreciation": "None", "depreciationAndAmortization": "560200000", "incomeBeforeTax": "1130000000", "incomeTaxExpense": "160800000", "interestAndDebtExpense": "None", "netIncomeFromContinuingOperations": "958000000", "comprehensiveIncomeNetOfTax": "None", "ebit": "1360400000", "ebitda": "1920600000", "netIncome": "955800000"}, {"fiscalDateEnding": "2018-12-31", "reportedCurrency": "USD", "grossProfit": "4901900000", "totalRevenue": "13982400000", "costOfRevenue": "9080500000", "costofGoodsAndServicesSold": "9080500000", "operatingIncome": "1282100000", "sellingGeneralAndAdministrative": "3065000000", "researchAndDevelopment": "275800000", "operatingExpenses": "3171700000", "investmentIncomeNet": "None", "netInterestIncome": "-209200000", "interestIncome": "68700000", "interestExpense": "277900000", "nonInterestIncome": "None", "otherNonOperatingIncome": "67900000", "depreciation": "None", "depreciationAndAmortization": "506500000", "incomeBeforeTax": "1072900000", "incomeTaxExpense": "427000000", "interestAndDebtExpense": "None", "netIncomeFromContinuingOperations": "605800000", "comprehensiveIncomeNetOfTax": "None", "ebit": "1284700000", "ebitda": "1791200000", "netIncome": "645300000"}, {"fiscalDateEnding": "2017-12-31", "reportedCurrency": "USD", "grossProfit": "4778000000", "totalRevenue": "12747200000", "costOfRevenue": "7969200000", "costofGoodsAndServicesSold": "7969200000", "operatingIncome": "1708600000", "sellingGeneralAndAdministrative": "2850700000", "researchAndDevelopment": "252300000", "operatingExpenses": "2980100000", "investmentIncomeNet": "None", "netInterestIncome": "-182500000", "interestIncome": "40100000", "interestExpense": "222600000", "nonInterestIncome": "None", "otherNonOperatingIncome": "304200000", "depreciation": "None", "depreciationAndAmortization": "460700000", "incomeBeforeTax": "1526100000", "incomeTaxExpense": "300500000", "interestAndDebtExpense": "None", "netIncomeFromContinuingOperations": "1225600000", "comprehensiveIncomeNetOfTax": "None", "ebit": "1735300000", "ebitda": "2196000000", "netIncome": "1226000000"}, {"fiscalDateEnding": "2016-12-31", "reportedCurrency": "USD", "grossProfit": "4267200000", "totalRevenue": "11406900000", "costOfRevenue": "7139700000", "costofGoodsAndServicesSold": "7139700000", "operatingIncome": "1397400000", "sellingGeneralAndAdministrative": "2493200001", "researchAndDevelopment": "204400000", "operatingExpenses": "2623900000", "investmentIncomeNet": "None", "netInterestIncome": "-171300000", "interestIncome": "23200000", "interestExpense": "194500000", "nonInterestIncome": "None", "otherNonOperatingIncome": "23200000", "depreciation": "None", "depreciationAndAmortization": "408000000", "incomeBeforeTax": "1226100000", "incomeTaxExpense": "261200000", "interestAndDebtExpense": "None", "netIncomeFromContinuingOperations": "964900000", "comprehensiveIncomeNetOfTax": "None", "ebit": "1402200000", "ebitda": "1810200000", "netIncome": "965300000"}, {"fiscalDateEnding": "2015-12-31", "reportedCurrency": "USD", "grossProfit": "4072000000", "totalRevenue": "11171800000", "costOfRevenue": "7099800000", "costofGoodsAndServicesSold": "7099800000", "operatingIncome": "1316000000", "sellingGeneralAndAdministrative": "2378300000", "researchAndDevelopment": "188000000", "operatingExpenses": "2486400000", "investmentIncomeNet": "None", "netInterestIncome": "None", "interestIncome": "165200000", "interestExpense": "180400000", "nonInterestIncome": "None", "otherNonOperatingIncome": "15200000", "depreciation": "None", "depreciationAndAmortization": "414000000", "incomeBeforeTax": "1150800000", "incomeTaxExpense": "248600000", "interestAndDebtExpense": "None", "netIncomeFromContinuingOperations": "902200000", "comprehensiveIncomeNetOfTax": "None", "ebit": "1327900000", "ebitda": "1741900000", "netIncome": "883700000"}, {"fiscalDateEnding": "2014-12-31", "reportedCurrency": "USD", "grossProfit": "4102700000", "totalRevenue": "11338600000", "costOfRevenue": "7235900000", "costofGoodsAndServicesSold": "7235900000", "operatingIncome": "1248400000", "sellingGeneralAndAdministrative": "2468200000", "researchAndDevelopment": "174600000", "operatingExpenses": "2595900000", "investmentIncomeNet": "None", "netInterestIncome": "None", "interestIncome": "None", "interestExpense": "177200000", "nonInterestIncome": "None", "otherNonOperatingIncome": "-13700000", "depreciation": "None", "depreciationAndAmortization": "449800000", "incomeBeforeTax": "1084800000", "incomeTaxExpense": "227100000", "interestAndDebtExpense": "None", "netIncomeFromContinuingOperations": "857700000", "comprehensiveIncomeNetOfTax": "None", "ebit": "1525600000", "ebitda": "1975400000", "netIncome": "760900000"}, {"fiscalDateEnding": "2013-12-31", "reportedCurrency": "USD", "grossProfit": "3932900000", "totalRevenue": "11001200000", "costOfRevenue": "7068300000", "costofGoodsAndServicesSold": "7068300000", "operatingIncome": "734200000", "sellingGeneralAndAdministrative": "2587500000", "researchAndDevelopment": "170700000", "operatingExpenses": "2714600000", "investmentIncomeNet": "None", "netInterestIncome": "None", "interestIncome": "None", "interestExpense": "160400000", "nonInterestIncome": "None", "otherNonOperatingIncome": "None", "depreciation": "None", "depreciationAndAmortization": "441300000", "incomeBeforeTax": "586600000", "incomeTaxExpense": "69300000", "interestAndDebtExpense": "None", "netIncomeFromContinuingOperations": "None", "comprehensiveIncomeNetOfTax": "None", "ebit": "1394400000", "ebitda": "1835700000", "netIncome": "490300000"}, {"fiscalDateEnding": "2012-12-31", "reportedCurrency": "USD", "grossProfit": "3704600000", "totalRevenue": "10190500000", "costOfRevenue": "6485900000", "costofGoodsAndServicesSold": "6485900000", "operatingIncome": "661700000", "sellingGeneralAndAdministrative": "2394600000", "researchAndDevelopment": "151400000", "operatingExpenses": "2520400000", "investmentIncomeNet": "None", "netInterestIncome": "None", "interestIncome": "None", "interestExpense": "144200000", "nonInterestIncome": "None", "otherNonOperatingIncome": "-35400000", "depreciation": "None", "depreciationAndAmortization": "445300000", "incomeBeforeTax": "527600000", "incomeTaxExpense": "78900000", "interestAndDebtExpense": "None", "netIncomeFromContinuingOperations": "448700000", "comprehensiveIncomeNetOfTax": "None", "ebit": "1359300000", "ebitda": "1804600000", "netIncome": "883800000"}, {"fiscalDateEnding": "2011-12-31", "reportedCurrency": "USD", "grossProfit": "3793500000", "totalRevenue": "10376400000", "costOfRevenue": "6582900000", "costofGoodsAndServicesSold": "6582900000", "operatingIncome": "893100000", "sellingGeneralAndAdministrative": "2536000000", "researchAndDevelopment": "147200000", "operatingExpenses": "2829400000", "investmentIncomeNet": "None", "netInterestIncome": "None", "interestIncome": "None", "interestExpense": "140300000", "nonInterestIncome": "None", "otherNonOperatingIncome": "None", "depreciation": "None", "depreciationAndAmortization": "410100000", "incomeBeforeTax": "779800000", "incomeTaxExpense": "88600000", "interestAndDebtExpense": "None", "netIncomeFromContinuingOperations": "None", "comprehensiveIncomeNetOfTax": "None", "ebit": "939400000", "ebitda": "1349500000", "netIncome": "674600000"}, {"fiscalDateEnding": "2010-12-31", "reportedCurrency": "USD", "grossProfit": "3144200000", "totalRevenue": "8409600000", "costOfRevenue": "5265400000", "costofGoodsAndServicesSold": "5265400000", "operatingIncome": "876100000", "sellingGeneralAndAdministrative": "2169000000", "researchAndDevelopment": "131400000", "operatingExpenses": "2249800000", "investmentIncomeNet": "None", "netInterestIncome": "None", "interestIncome": "None", "interestExpense": "100600000", "nonInterestIncome": "None", "otherNonOperatingIncome": "9400000", "depreciation": "None", "depreciationAndAmortization": "334800000", "incomeBeforeTax": "775500000", "incomeTaxExpense": "156200000", "interestAndDebtExpense": "None", "netIncomeFromContinuingOperations": "198200000", "comprehensiveIncomeNetOfTax": "None", "ebit": "372100000", "ebitda": "706900000", "netIncome": "619300000"}, {"fiscalDateEnding": "2009-12-31", "reportedCurrency": "USD", "grossProfit": "2948800000", "totalRevenue": "8409600000", "costOfRevenue": "5460800000", "costofGoodsAndServicesSold": "5460800000", "operatingIncome": "384600000", "sellingGeneralAndAdministrative": "1028000000", "researchAndDevelopment": "18300000", "operatingExpenses": "2368500000", "investmentIncomeNet": "None", "netInterestIncome": "None", "interestIncome": "None", "interestExpense": "110000000", "nonInterestIncome": "None", "otherNonOperatingIncome": "None", "depreciation": "None", "depreciationAndAmortization": "348700000", "incomeBeforeTax": "237100000", "incomeTaxExpense": "38900000", "interestAndDebtExpense": "None", "netIncomeFromContinuingOperations": "None", "comprehensiveIncomeNetOfTax": "None", "ebit": "198400000", "ebitda": "547100000", "netIncome": "198200000"}, {"fiscalDateEnding": "2008-12-31", "reportedCurrency": "USD", "grossProfit": "1671400000", "totalRevenue": "4426200000", "costOfRevenue": "2754800000", "costofGoodsAndServicesSold": "2754800000", "operatingIncome": "374100000", "sellingGeneralAndAdministrative": "1108000000", "researchAndDevelopment": "25400000", "operatingExpenses": "1382800000", "investmentIncomeNet": "None", "netInterestIncome": "None", "interestIncome": "None", "interestExpense": "82000000", "nonInterestIncome": "None", "otherNonOperatingIncome": "None", "depreciation": "None", "depreciationAndAmortization": "183000000", "incomeBeforeTax": "301300000", "incomeTaxExpense": "75900000", "interestAndDebtExpense": "None", "netIncomeFromContinuingOperations": "None", "comprehensiveIncomeNetOfTax": "None", "ebit": "385300000", "ebitda": "568300000", "netIncome": "313300000"}, {"fiscalDateEnding": "2007-12-31", "reportedCurrency": "USD", "grossProfit": "1692200000", "totalRevenue": "4483800000", "costOfRevenue": "2791600000", "costofGoodsAndServicesSold": "2791600000", "operatingIncome": "633800000", "sellingGeneralAndAdministrative": "1058000000", "researchAndDevelopment": "25400000", "operatingExpenses": "1058400000", "investmentIncomeNet": "None", "netInterestIncome": "None", "interestIncome": "None", "interestExpense": "85200000", "nonInterestIncome": "None", "otherNonOperatingIncome": "None", "depreciation": "None", "depreciationAndAmortization": "162200000", "incomeBeforeTax": "451100000", "incomeTaxExpense": "114500000", "interestAndDebtExpense": "None", "netIncomeFromContinuingOperations": "None", "comprehensiveIncomeNetOfTax": "None", "ebit": "536300000", "ebitda": "698500000", "netIncome": "336600000"}, {"fiscalDateEnding": "2006-12-31", "reportedCurrency": "USD", "grossProfit": "1458500000", "totalRevenue": "4018600000", "costOfRevenue": "2560100000", "costofGoodsAndServicesSold": "2560100000", "operatingIncome": "503300000", "sellingGeneralAndAdministrative": "955000000", "researchAndDevelopment": "15300000", "operatingExpenses": "955200000", "investmentIncomeNet": "None", "netInterestIncome": "None", "interestIncome": "None", "interestExpense": "0", "nonInterestIncome": "None", "otherNonOperatingIncome": "None", "depreciation": "None", "depreciationAndAmortization": "121200000", "incomeBeforeTax": "367100000", "incomeTaxExpense": "76400000", "interestAndDebtExpense": "None", "netIncomeFromContinuingOperations": "None", "comprehensiveIncomeNetOfTax": "None", "ebit": "503300000", "ebitda": "624500000", "netIncome": "289500000"}, {"fiscalDateEnding": "2005-12-31", "reportedCurrency": "USD", "grossProfit": "1181300000", "totalRevenue": "3285300000", "costOfRevenue": "2104000000", "costofGoodsAndServicesSold": "2104000000", "operatingIncome": "444500000", "sellingGeneralAndAdministrative": "736800000", "researchAndDevelopment": "14500000", "operatingExpenses": "736800000", "investmentIncomeNet": "None", "netInterestIncome": "None", "interestIncome": "None", "interestExpense": "0", "nonInterestIncome": "None", "otherNonOperatingIncome": "None", "depreciation": "None", "depreciationAndAmortization": "96500000", "incomeBeforeTax": "358200000", "incomeTaxExpense": "86500000", "interestAndDebtExpense": "None", "netIncomeFromContinuingOperations": "None", "comprehensiveIncomeNetOfTax": "None", "ebit": "444500000", "ebitda": "541000000", "netIncome": "269600000"}], "quarterlyReports": [{"fiscalDateEnding": "2024-12-31", "reportedCurrency": "USD", "grossProfit": "1144100000", "totalRevenue": "3720500000", "costOfRevenue": "2576400000", "costofGoodsAndServicesSold": "2576400000", "operatingIncome": "288900000", "sellingGeneralAndAdministrative": "842700000", "researchAndDevelopment": "None", "operatingExpenses": "855200000", "investmentIncomeNet": "None", "netInterestIncome": "-74600000", "interestIncome": "39800000", "interestExpense": "114400000", "nonInterestIncome": "None", "otherNonOperatingIncome": "None", "depreciation": "None", "depreciationAndAmortization": "139600000", "incomeBeforeTax": "125400000", "incomeTaxExpense": "-69500000", "interestAndDebtExpense": "None", "netIncomeFromContinuingOperations": "194900000", "comprehensiveIncomeNetOfTax": "None", "ebit": "239800000", "ebitda": "379400000", "netIncome": "194900000"}, {"fiscalDateEnding": "2024-09-30", "reportedCurrency": "USD", "grossProfit": "1120600000", "totalRevenue": "3751300000", "costOfRevenue": "2630700000", "costofGoodsAndServicesSold": "2630700000", "operatingIncome": "323500000", "sellingGeneralAndAdministrative": "790000000", "researchAndDevelopment": "None", "operatingExpenses": "1120600000", "investmentIncomeNet": "None", "netInterestIncome": "-78600000", "interestIncome": "52800000", "interestExpense": "131400000", "nonInterestIncome": "None", "otherNonOperatingIncome": "None", "depreciation": "None", "depreciationAndAmortization": "154700000", "incomeBeforeTax": "89500000", "incomeTaxExpense": "-1600000", "interestAndDebtExpense": "None", "netIncomeFromContinuingOperations": "91100000", "comprehensiveIncomeNetOfTax": "None", "ebit": "219400000", "ebitda": "374100000", "netIncome": "91100000"}, {"fiscalDateEnding": "2024-06-30", "reportedCurrency": "USD", "grossProfit": "1174600000", "totalRevenue": "4024400000", "costOfRevenue": "2849800000", "costofGoodsAndServicesSold": "2849800000", "operatingIncome": "373600000", "sellingGeneralAndAdministrative": "825800000", "researchAndDevelopment": "None", "operatingExpenses": "801000000", "investmentIncomeNet": "None", "netInterestIncome": "-78400000", "interestIncome": "42900000", "interestExpense": "121300000", "nonInterestIncome": "None", "otherNonOperatingIncome": "None", "depreciation": "None", "depreciationAndAmortization": "155000000", "incomeBeforeTax": "-22100000", "incomeTaxExpense": "-2900000", "interestAndDebtExpense": "None", "netIncomeFromContinuingOperations": "-19200000", "comprehensiveIncomeNetOfTax": "None", "ebit": "97600000", "ebitda": "252600000", "netIncome": "-19200000"}, {"fiscalDateEnding": "2024-03-31", "reportedCurrency": "USD", "grossProfit": "1092400000", "totalRevenue": "3869500000", "costOfRevenue": "2777100000", "costofGoodsAndServicesSold": "2777100000", "operatingIncome": "260700000", "sellingGeneralAndAdministrative": "852000000", "researchAndDevelopment": "None", "operatingExpenses": "831700000", "investmentIncomeNet": "None", "netInterestIncome": "-87900000", "interestIncome": "43600000", "interestExpense": "131500000", "nonInterestIncome": "None", "otherNonOperatingIncome": "None", "depreciation": "None", "depreciationAndAmortization": "140200000", "incomeBeforeTax": "48300000", "incomeTaxExpense": "28800000", "interestAndDebtExpense": "None", "netIncomeFromContinuingOperations": "19500000", "comprehensiveIncomeNetOfTax": "None", "ebit": "178300000", "ebitda": "318500000", "netIncome": "19500000"}, {"fiscalDateEnding": "2023-12-31", "reportedCurrency": "USD", "grossProfit": "1104400000", "totalRevenue": "3736500000", "costOfRevenue": "2632100000", "costofGoodsAndServicesSold": "2632100000", "operatingIncome": "184200000", "sellingGeneralAndAdministrative": "686100000", "researchAndDevelopment": "362000000", "operatingExpenses": "920200000", "investmentIncomeNet": "None", "netInterestIncome": "-87600000", "interestIncome": "51700000", "interestExpense": "87600000", "nonInterestIncome": "None", "otherNonOperatingIncome": "None", "depreciation": "None", "depreciationAndAmortization": "148400000", "incomeBeforeTax": "-78800000", "incomeTaxExpense": "197300000", "interestAndDebtExpense": "None", "netIncomeFromContinuingOperations": "-276100000", "comprehensiveIncomeNetOfTax": "None", "ebit": "59000000", "ebitda": "207400000", "netIncome": "-304400000"}, {"fiscalDateEnding": "2023-09-30", "reportedCurrency": "USD", "grossProfit": "1060600000", "totalRevenue": "3953900000", "costOfRevenue": "2893300000", "costofGoodsAndServicesSold": "2893300000", "operatingIncome": "37400000", "sellingGeneralAndAdministrative": "794300000", "researchAndDevelopment": "None", "operatingExpenses": "794300000", "investmentIncomeNet": "None", "netInterestIncome": "-94400000", "interestIncome": "94400000", "interestExpense": "144600000", "nonInterestIncome": "None", "otherNonOperatingIncome": "None", "depreciation": "None", "depreciationAndAmortization": "151100000", "incomeBeforeTax": "-57000000", "incomeTaxExpense": "-61700000", "interestAndDebtExpense": "None", "netIncomeFromContinuingOperations": "4700000", "comprehensiveIncomeNetOfTax": "None", "ebit": "86100000", "ebitda": "237200000", "netIncome": "4700000"}, {"fiscalDateEnding": "2023-06-30", "reportedCurrency": "USD", "grossProfit": "932100000", "totalRevenue": "4158900000", "costOfRevenue": "3226800000", "costofGoodsAndServicesSold": "3226800000", "operatingIncome": "94800000", "sellingGeneralAndAdministrative": "901000000", "researchAndDevelopment": "None", "operatingExpenses": "837300000", "investmentIncomeNet": "None", "netInterestIncome": "-99400000", "interestIncome": "99400000", "interestExpense": "144600000", "nonInterestIncome": "None", "otherNonOperatingIncome": "45200000", "depreciation": "None", "depreciationAndAmortization": "164400000", "incomeBeforeTax": "-75800000", "incomeTaxExpense": "-253300000", "interestAndDebtExpense": "None", "netIncomeFromContinuingOperations": "177500000", "comprehensiveIncomeNetOfTax": "None", "ebit": "67200000", "ebitda": "231600000", "netIncome": "177000000"}, {"fiscalDateEnding": "2023-03-31", "reportedCurrency": "USD", "grossProfit": "835500000", "totalRevenue": "3931800000", "costOfRevenue": "3096300000", "costofGoodsAndServicesSold": "3096300000", "operatingIncome": "-33600000", "sellingGeneralAndAdministrative": "886700000", "researchAndDevelopment": "None", "operatingExpenses": "888800000", "investmentIncomeNet": "None", "netInterestIncome": "-91100000", "interestIncome": "91100000", "interestExpense": "130500000", "nonInterestIncome": "None", "otherNonOperatingIncome": "32200000", "depreciation": "None", "depreciationAndAmortization": "161200000", "incomeBeforeTax": "-164100000", "incomeTaxExpense": "23700000", "interestAndDebtExpense": "None", "netIncomeFromContinuingOperations": "-187800000", "comprehensiveIncomeNetOfTax": "None", "ebit": "-34700000", "ebitda": "126500000", "netIncome": "-187800000"}, {"fiscalDateEnding": "2022-12-31", "reportedCurrency": "USD", "grossProfit": "753500000", "totalRevenue": "3986800000", "costOfRevenue": "3233300000", "costofGoodsAndServicesSold": "3233300000", "operatingIncome": "-68300000", "sellingGeneralAndAdministrative": "606500000", "researchAndDevelopment": "357400000", "operatingExpenses": "821800000", "investmentIncomeNet": "None", "netInterestIncome": "-83900000", "interestIncome": "83900000", "interestExpense": "113900000", "nonInterestIncome": "None", "otherNonOperatingIncome": "30000000", "depreciation": "None", "depreciationAndAmortization": "147100000", "incomeBeforeTax": "-152200000", "incomeTaxExpense": "-51600000", "interestAndDebtExpense": "None", "netIncomeFromContinuingOperations": "-100600000", "comprehensiveIncomeNetOfTax": "None", "ebit": "-38300000", "ebitda": "108800000", "netIncome": "-100600000"}, {"fiscalDateEnding": "2022-09-30", "reportedCurrency": "USD", "grossProfit": "1018100000", "totalRevenue": "4119600000", "costOfRevenue": "3101500000", "costofGoodsAndServicesSold": "3101500000", "operatingIncome": "-4300000", "sellingGeneralAndAdministrative": "868100000", "researchAndDevelopment": "None", "operatingExpenses": "4123900000", "investmentIncomeNet": "None", "netInterestIncome": "-76300000", "interestIncome": "76300000", "interestExpense": "91700000", "nonInterestIncome": "None", "otherNonOperatingIncome": "6800000", "depreciation": "None", "depreciationAndAmortization": "138000000", "incomeBeforeTax": "1204900000", "incomeTaxExpense": "40900000", "interestAndDebtExpense": "None", "netIncomeFromContinuingOperations": "36600000", "comprehensiveIncomeNetOfTax": "None", "ebit": "977200000", "ebitda": "1115200000", "netIncome": "844600000"}, {"fiscalDateEnding": "2022-06-30", "reportedCurrency": "USD", "grossProfit": "1207100000", "totalRevenue": "4393000000", "costOfRevenue": "3185900000", "costofGoodsAndServicesSold": "3185900000", "operatingIncome": "15900000", "sellingGeneralAndAdministrative": "928500000", "researchAndDevelopment": "None", "operatingExpenses": "4377100000", "investmentIncomeNet": "None", "netInterestIncome": "-71700000", "interestIncome": "6500000", "interestExpense": "78200000", "nonInterestIncome": "None", "otherNonOperatingIncome": "6700000", "depreciation": "None", "depreciationAndAmortization": "143400000", "incomeBeforeTax": "15900000", "incomeTaxExpense": "15900000", "interestAndDebtExpense": "None", "netIncomeFromContinuingOperations": "78700000", "comprehensiveIncomeNetOfTax": "None", "ebit": "103000000", "ebitda": "246400000", "netIncome": "87600000"}, {"fiscalDateEnding": "2022-03-31", "reportedCurrency": "USD", "grossProfit": "1305400000", "totalRevenue": "4448000000", "costOfRevenue": "3142600000", "costofGoodsAndServicesSold": "3142600000", "operatingIncome": "178500000", "sellingGeneralAndAdministrative": "1011200000", "researchAndDevelopment": "None", "operatingExpenses": "4269500000", "investmentIncomeNet": "None", "netInterestIncome": "-51900000", "interestIncome": "2800000", "interestExpense": "54700000", "nonInterestIncome": "None", "otherNonOperatingIncome": "2800000", "depreciation": "None", "depreciationAndAmortization": "143700000", "incomeBeforeTax": "178500000", "incomeTaxExpense": "22900000", "interestAndDebtExpense": "None", "netIncomeFromContinuingOperations": "155600000", "comprehensiveIncomeNetOfTax": "None", "ebit": "252900000", "ebitda": "396600000", "netIncome": "175300000"}, {"fiscalDateEnding": "2021-12-31", "reportedCurrency": "USD", "grossProfit": "694800000", "totalRevenue": "4068300000", "costOfRevenue": "2161200000", "costofGoodsAndServicesSold": "2161200000", "operatingIncome": "-46400000", "sellingGeneralAndAdministrative": "946800000", "researchAndDevelopment": "276300000", "operatingExpenses": "4114700000", "investmentIncomeNet": "None", "netInterestIncome": "-43800000", "interestIncome": "43800000", "interestExpense": "45600000", "nonInterestIncome": "None", "otherNonOperatingIncome": "7900000", "depreciation": "None", "depreciationAndAmortization": "146500000", "incomeBeforeTax": "104800000", "incomeTaxExpense": "-131400000", "interestAndDebtExpense": "None", "netIncomeFromContinuingOperations": "291500000", "comprehensiveIncomeNetOfTax": "None", "ebit": "242300000", "ebitda": "388800000", "netIncome": "328100000"}, {"fiscalDateEnding": "2021-09-30", "reportedCurrency": "USD", "grossProfit": "1391500000", "totalRevenue": "3779700000", "costOfRevenue": "2871700000", "costofGoodsAndServicesSold": "2871700000", "operatingIncome": "369200000", "sellingGeneralAndAdministrative": "934700000", "researchAndDevelopment": "None", "operatingExpenses": "3410500000", "investmentIncomeNet": "None", "netInterestIncome": "-43500000", "interestIncome": "43500000", "interestExpense": "45800000", "nonInterestIncome": "None", "otherNonOperatingIncome": "12100000", "depreciation": "None", "depreciationAndAmortization": "144200000", "incomeBeforeTax": "403900000", "incomeTaxExpense": "-400000", "interestAndDebtExpense": "None", "netIncomeFromContinuingOperations": "414100000", "comprehensiveIncomeNetOfTax": "None", "ebit": "459600000", "ebitda": "603800000", "netIncome": "414200000"}, {"fiscalDateEnding": "2021-06-30", "reportedCurrency": "USD", "grossProfit": "1543600000", "totalRevenue": "4300900000", "costOfRevenue": "2757300000", "costofGoodsAndServicesSold": "2757300000", "operatingIncome": "997400000", "sellingGeneralAndAdministrative": "901600000", "researchAndDevelopment": "None", "operatingExpenses": "3303500000", "investmentIncomeNet": "None", "netInterestIncome": "-43800000", "interestIncome": "43800000", "interestExpense": "46500000", "nonInterestIncome": "None", "otherNonOperatingIncome": "4500000", "depreciation": "None", "depreciationAndAmortization": "142400000", "incomeBeforeTax": "527800000", "incomeTaxExpense": "73700000", "interestAndDebtExpense": "None", "netIncomeFromContinuingOperations": "458500000", "comprehensiveIncomeNetOfTax": "None", "ebit": "579700000", "ebitda": "722100000", "netIncome": "459500000"}, {"fiscalDateEnding": "2021-03-31", "reportedCurrency": "USD", "grossProfit": "1564300000", "totalRevenue": "4197100000", "costOfRevenue": "2632800000", "costofGoodsAndServicesSold": "2632800000", "operatingIncome": "1049600000", "sellingGeneralAndAdministrative": "906400000", "researchAndDevelopment": "None", "operatingExpenses": "3147500000", "investmentIncomeNet": "None", "netInterestIncome": "-44600000", "interestIncome": "2900000", "interestExpense": "47500000", "nonInterestIncome": "None", "otherNonOperatingIncome": "3700000", "depreciation": "None", "depreciationAndAmortization": "144000000", "incomeBeforeTax": "604500000", "incomeTaxExpense": "119500000", "interestAndDebtExpense": "None", "netIncomeFromContinuingOperations": "486800000", "comprehensiveIncomeNetOfTax": "None", "ebit": "654400000", "ebitda": "798400000", "netIncome": "487400000"}, {"fiscalDateEnding": "2020-12-31", "reportedCurrency": "USD", "grossProfit": "1555800000", "totalRevenue": "4407600000", "costOfRevenue": "2851800000", "costofGoodsAndServicesSold": "2851800000", "operatingIncome": "590100000", "sellingGeneralAndAdministrative": "893100000", "researchAndDevelopment": "None", "operatingExpenses": "870200000", "investmentIncomeNet": "None", "netInterestIncome": "-50000000", "interestIncome": "50000000", "interestExpense": "53400000", "nonInterestIncome": "None", "otherNonOperatingIncome": "-62000000", "depreciation": "None", "depreciationAndAmortization": "147000000", "incomeBeforeTax": "540100000", "incomeTaxExpense": "67400000", "interestAndDebtExpense": "None", "netIncomeFromContinuingOperations": "467700000", "comprehensiveIncomeNetOfTax": "None", "ebit": "590700000", "ebitda": "737700000", "netIncome": "458000000"}, {"fiscalDateEnding": "2020-09-30", "reportedCurrency": "USD", "grossProfit": "1376300000", "totalRevenue": "3850200000", "costOfRevenue": "2473900000", "costofGoodsAndServicesSold": "2473900000", "operatingIncome": "520300000", "sellingGeneralAndAdministrative": "731000000", "researchAndDevelopment": "None", "operatingExpenses": "738900000", "investmentIncomeNet": "None", "netInterestIncome": "-50700000", "interestIncome": "50700000", "interestExpense": "52700000", "nonInterestIncome": "None", "otherNonOperatingIncome": "6000000", "depreciation": "None", "depreciationAndAmortization": "145300000", "incomeBeforeTax": "469600000", "incomeTaxExpense": "78400000", "interestAndDebtExpense": "None", "netIncomeFromContinuingOperations": "395200000", "comprehensiveIncomeNetOfTax": "None", "ebit": "518000000", "ebitda": "663300000", "netIncome": "385600000"}, {"fiscalDateEnding": "2020-06-30", "reportedCurrency": "USD", "grossProfit": "1012700000", "totalRevenue": "3147400000", "costOfRevenue": "2134700000", "costofGoodsAndServicesSold": "2134700000", "operatingIncome": "165900000", "sellingGeneralAndAdministrative": "653000000", "researchAndDevelopment": "None", "operatingExpenses": "732000000", "investmentIncomeNet": "None", "netInterestIncome": "-54800000", "interestIncome": "2500000", "interestExpense": "57300000", "nonInterestIncome": "None", "otherNonOperatingIncome": "12800000", "depreciation": "None", "depreciationAndAmortization": "144700000", "incomeBeforeTax": "111100000", "incomeTaxExpense": "-117300000", "interestAndDebtExpense": "None", "netIncomeFromContinuingOperations": "238700000", "comprehensiveIncomeNetOfTax": "None", "ebit": "163700000", "ebitda": "308400000", "netIncome": "233700000"}, {"fiscalDateEnding": "2020-03-31", "reportedCurrency": "USD", "grossProfit": "1023100000", "totalRevenue": "3129400000", "costOfRevenue": "2106300000", "costofGoodsAndServicesSold": "2106300000", "operatingIncome": "195800000", "sellingGeneralAndAdministrative": "718500000", "researchAndDevelopment": "None", "operatingExpenses": "748500000", "investmentIncomeNet": "None", "netInterestIncome": "-49600000", "interestIncome": "10100000", "interestExpense": "59700000", "nonInterestIncome": "None", "otherNonOperatingIncome": "9900000", "depreciation": "None", "depreciationAndAmortization": "141100000", "incomeBeforeTax": "146200000", "incomeTaxExpense": "12900000", "interestAndDebtExpense": "None", "netIncomeFromContinuingOperations": "133100000", "comprehensiveIncomeNetOfTax": "None", "ebit": "205900000", "ebitda": "347000000", "netIncome": "133200000"}, {"fiscalDateEnding": "2019-12-31", "reportedCurrency": "USD", "grossProfit": "1160600000", "totalRevenue": "3714200000", "costOfRevenue": "2553600000", "costofGoodsAndServicesSold": "2553600000", "operatingIncome": "289400000", "sellingGeneralAndAdministrative": "626400000", "researchAndDevelopment": "255200000", "operatingExpenses": "723700000", "investmentIncomeNet": "None", "netInterestIncome": "-52600000", "interestIncome": "12500000", "interestExpense": "65100000", "nonInterestIncome": "None", "otherNonOperatingIncome": "45500000", "depreciation": "None", "depreciationAndAmortization": "139800000", "incomeBeforeTax": "236800000", "incomeTaxExpense": "25300000", "interestAndDebtExpense": "None", "netIncomeFromContinuingOperations": "199100000", "comprehensiveIncomeNetOfTax": "None", "ebit": "297900000", "ebitda": "437700000", "netIncome": "199100000"}, {"fiscalDateEnding": "2019-09-30", "reportedCurrency": "USD", "grossProfit": "1239500000", "totalRevenue": "3633100000", "costOfRevenue": "2393600000", "costofGoodsAndServicesSold": "2393600000", "operatingIncome": "354400000", "sellingGeneralAndAdministrative": "719100000", "researchAndDevelopment": "None", "operatingExpenses": "756100000", "investmentIncomeNet": "None", "netInterestIncome": "-59700000", "interestIncome": "12700000", "interestExpense": "72400000", "nonInterestIncome": "None", "otherNonOperatingIncome": "8300000", "depreciation": "None", "depreciationAndAmortization": "140900000", "incomeBeforeTax": "294700000", "incomeTaxExpense": "59200000", "interestAndDebtExpense": "None", "netIncomeFromContinuingOperations": "231100000", "comprehensiveIncomeNetOfTax": "None", "ebit": "363000000", "ebitda": "503900000", "netIncome": "230500000"}, {"fiscalDateEnding": "2019-06-30", "reportedCurrency": "USD", "grossProfit": "1299800000", "totalRevenue": "3761300000", "costOfRevenue": "2461500000", "costofGoodsAndServicesSold": "2461500000", "operatingIncome": "455300000", "sellingGeneralAndAdministrative": "755300000", "researchAndDevelopment": "None", "operatingExpenses": "844500000", "investmentIncomeNet": "None", "netInterestIncome": "-60300000", "interestIncome": "12100000", "interestExpense": "72400000", "nonInterestIncome": "None", "otherNonOperatingIncome": "200000", "depreciation": "None", "depreciationAndAmortization": "141700000", "incomeBeforeTax": "403700000", "incomeTaxExpense": "51600000", "interestAndDebtExpense": "None", "netIncomeFromContinuingOperations": "357400000", "comprehensiveIncomeNetOfTax": "None", "ebit": "472000000", "ebitda": "613700000", "netIncome": "356300000"}, {"fiscalDateEnding": "2019-03-31", "reportedCurrency": "USD", "grossProfit": "1105600000", "totalRevenue": "3333600000", "costOfRevenue": "2228000000", "costofGoodsAndServicesSold": "2228000000", "operatingIncome": "252600000", "sellingGeneralAndAdministrative": "755900000", "researchAndDevelopment": "None", "operatingExpenses": "778900000", "investmentIncomeNet": "None", "netInterestIncome": "-57800000", "interestIncome": "16600000", "interestExpense": "74400000", "nonInterestIncome": "None", "otherNonOperatingIncome": "16900000", "depreciation": "None", "depreciationAndAmortization": "137800000", "incomeBeforeTax": "194800000", "incomeTaxExpense": "24700000", "interestAndDebtExpense": "None", "netIncomeFromContinuingOperations": "170400000", "comprehensiveIncomeNetOfTax": "None", "ebit": "265200000", "ebitda": "403000000", "netIncome": "169900000"}, {"fiscalDateEnding": "2018-12-31", "reportedCurrency": "USD", "grossProfit": "1210700000", "totalRevenue": "3634700000", "costOfRevenue": "2424000000", "costofGoodsAndServicesSold": "2424000000", "operatingIncome": "276800000", "sellingGeneralAndAdministrative": "674700000", "researchAndDevelopment": "275800000", "operatingExpenses": "781400000", "investmentIncomeNet": "None", "netInterestIncome": "None", "interestIncome": "None", "interestExpense": "73600000", "nonInterestIncome": "None", "otherNonOperatingIncome": "18600000", "depreciation": "None", "depreciationAndAmortization": "125500000", "incomeBeforeTax": "221800000", "incomeTaxExpense": "287700000", "interestAndDebtExpense": "None", "netIncomeFromContinuingOperations": "-106000000", "comprehensiveIncomeNetOfTax": "None", "ebit": "280099999", "ebitda": "405599999", "netIncome": "-66700000"}, {"fiscalDateEnding": "2018-09-30", "reportedCurrency": "USD", "grossProfit": "1238400000", "totalRevenue": "3494800000", "costOfRevenue": "2256400000", "costofGoodsAndServicesSold": "2256400000", "operatingIncome": "358300000", "sellingGeneralAndAdministrative": "734900000", "researchAndDevelopment": "0", "operatingExpenses": "798900000", "investmentIncomeNet": "None", "netInterestIncome": "None", "interestIncome": "None", "interestExpense": "72100000", "nonInterestIncome": "None", "otherNonOperatingIncome": "18700000", "depreciation": "None", "depreciationAndAmortization": "129700000", "incomeBeforeTax": "304900000", "incomeTaxExpense": "56600000", "interestAndDebtExpense": "None", "netIncomeFromContinuingOperations": "248300000", "comprehensiveIncomeNetOfTax": "None", "ebit": "377000000", "ebitda": "506700000", "netIncome": "247800000"}, {"fiscalDateEnding": "2018-06-30", "reportedCurrency": "USD", "grossProfit": "1287100000", "totalRevenue": "3643600000", "costOfRevenue": "2356500000", "costofGoodsAndServicesSold": "2356500000", "operatingIncome": "362000000", "sellingGeneralAndAdministrative": "801800000", "researchAndDevelopment": "0", "operatingExpenses": "925100000", "investmentIncomeNet": "None", "netInterestIncome": "None", "interestIncome": "None", "interestExpense": "69000000", "nonInterestIncome": "None", "otherNonOperatingIncome": "14800000", "depreciation": "None", "depreciationAndAmortization": "127700000", "incomeBeforeTax": "294400000", "incomeTaxExpense": "1000000", "interestAndDebtExpense": "None", "netIncomeFromContinuingOperations": "293400000", "comprehensiveIncomeNetOfTax": "None", "ebit": "363399999", "ebitda": "491099999", "netIncome": "293600000"}, {"fiscalDateEnding": "2018-03-31", "reportedCurrency": "USD", "grossProfit": "1165700000", "totalRevenue": "3209300000", "costOfRevenue": "2043600000", "costofGoodsAndServicesSold": "2043600000", "operatingIncome": "299200000", "sellingGeneralAndAdministrative": "778800000", "researchAndDevelopment": "0", "operatingExpenses": "785600000", "investmentIncomeNet": "None", "netInterestIncome": "None", "interestIncome": "None", "interestExpense": "63200000", "nonInterestIncome": "None", "otherNonOperatingIncome": "15800000", "depreciation": "None", "depreciationAndAmortization": "123600000", "incomeBeforeTax": "251800000", "incomeTaxExpense": "81700000", "interestAndDebtExpense": "None", "netIncomeFromContinuingOperations": "170100000", "comprehensiveIncomeNetOfTax": "None", "ebit": "315000000", "ebitda": "438600000", "netIncome": "170600000"}, {"fiscalDateEnding": "2017-12-31", "reportedCurrency": "USD", "grossProfit": "1248400000", "totalRevenue": "3413500000", "costOfRevenue": "2165100000", "costofGoodsAndServicesSold": "2165100000", "operatingIncome": "388400000", "sellingGeneralAndAdministrative": "663900000", "researchAndDevelopment": "252300000", "operatingExpenses": "793300000", "investmentIncomeNet": "None", "netInterestIncome": "None", "interestIncome": "None", "interestExpense": "58100000", "nonInterestIncome": "None", "otherNonOperatingIncome": "10500000", "depreciation": "None", "depreciationAndAmortization": "122700000", "incomeBeforeTax": "341800000", "incomeTaxExpense": "60700000", "interestAndDebtExpense": "None", "netIncomeFromContinuingOperations": "281100000", "comprehensiveIncomeNetOfTax": "None", "ebit": "384800000", "ebitda": "507500000", "netIncome": "281500000"}, {"fiscalDateEnding": "2017-09-30", "reportedCurrency": "USD", "grossProfit": "1252100000", "totalRevenue": "3298600000", "costOfRevenue": "2046500000", "costofGoodsAndServicesSold": "2046500000", "operatingIncome": "400900000", "sellingGeneralAndAdministrative": "758400000", "researchAndDevelopment": "0", "operatingExpenses": "763400000", "investmentIncomeNet": "None", "netInterestIncome": "None", "interestIncome": "None", "interestExpense": "57200000", "nonInterestIncome": "None", "otherNonOperatingIncome": "7100000", "depreciation": "None", "depreciationAndAmortization": "120700000", "incomeBeforeTax": "354000000", "incomeTaxExpense": "79800000", "interestAndDebtExpense": "None", "netIncomeFromContinuingOperations": "274200000", "comprehensiveIncomeNetOfTax": "None", "ebit": "411200000", "ebitda": "531900000", "netIncome": "274500000"}, {"fiscalDateEnding": "2017-06-30", "reportedCurrency": "USD", "grossProfit": "1212200000", "totalRevenue": "3229500000", "costOfRevenue": "2017300000", "costofGoodsAndServicesSold": "2017300000", "operatingIncome": "404000000", "sellingGeneralAndAdministrative": "734200000", "researchAndDevelopment": "0", "operatingExpenses": "738700000", "investmentIncomeNet": "None", "netInterestIncome": "None", "interestIncome": "None", "interestExpense": "56000000", "nonInterestIncome": "None", "otherNonOperatingIncome": "8800000", "depreciation": "None", "depreciationAndAmortization": "115800000", "incomeBeforeTax": "357700000", "incomeTaxExpense": "80500000", "interestAndDebtExpense": "None", "netIncomeFromContinuingOperations": "277200000", "comprehensiveIncomeNetOfTax": "None", "ebit": "413700000", "ebitda": "529500000", "netIncome": "277600000"}, {"fiscalDateEnding": "2017-03-31", "reportedCurrency": "USD", "grossProfit": "1065300000", "totalRevenue": "2805600000", "costOfRevenue": "1740300000", "costofGoodsAndServicesSold": "1740300000", "operatingIncome": "274400000", "sellingGeneralAndAdministrative": "679300000", "researchAndDevelopment": "0", "operatingExpenses": "790900000", "investmentIncomeNet": "None", "netInterestIncome": "None", "interestIncome": "None", "interestExpense": "51300000", "nonInterestIncome": "None", "otherNonOperatingIncome": "277800000", "depreciation": "None", "depreciationAndAmortization": "101500000", "incomeBeforeTax": "472600000", "incomeTaxExpense": "79500000", "interestAndDebtExpense": "None", "netIncomeFromContinuingOperations": "393100000", "comprehensiveIncomeNetOfTax": "None", "ebit": "520100000", "ebitda": "621600000", "netIncome": "393700000"}, {"fiscalDateEnding": "2016-12-31", "reportedCurrency": "USD", "grossProfit": "1076600000", "totalRevenue": "2920400000", "costOfRevenue": "1843800000", "costofGoodsAndServicesSold": "1843800000", "operatingIncome": "324800000", "sellingGeneralAndAdministrative": "553100001", "researchAndDevelopment": "204400000", "operatingExpenses": "683800000", "investmentIncomeNet": "None", "netInterestIncome": "None", "interestIncome": "None", "interestExpense": "49300000", "nonInterestIncome": "None", "otherNonOperatingIncome": "None", "depreciation": "None", "depreciationAndAmortization": "102800000", "incomeBeforeTax": "282300000", "incomeTaxExpense": "26500000", "interestAndDebtExpense": "None", "netIncomeFromContinuingOperations": "1533200000", "comprehensiveIncomeNetOfTax": "None", "ebit": "327700000", "ebitda": "430500000", "netIncome": "255500000"}, {"fiscalDateEnding": "2016-09-30", "reportedCurrency": "USD", "grossProfit": "1084100000", "totalRevenue": "2882000000", "costOfRevenue": "1797900000", "costofGoodsAndServicesSold": "1797900000", "operatingIncome": "372800000", "sellingGeneralAndAdministrative": "645400000", "researchAndDevelopment": "0", "operatingExpenses": "645400000", "investmentIncomeNet": "None", "netInterestIncome": "None", "interestIncome": "None", "interestExpense": "50200000", "nonInterestIncome": "None", "otherNonOperatingIncome": "5100000", "depreciation": "None", "depreciationAndAmortization": "103100000", "incomeBeforeTax": "327700000", "incomeTaxExpense": "78700000", "interestAndDebtExpense": "None", "netIncomeFromContinuingOperations": "249000000", "comprehensiveIncomeNetOfTax": "None", "ebit": "377900000", "ebitda": "481000000", "netIncome": "248900000"}, {"fiscalDateEnding": "2016-06-30", "reportedCurrency": "USD", "grossProfit": "1128900000", "totalRevenue": "2932400000", "costOfRevenue": "1803500000", "costofGoodsAndServicesSold": "1803500000", "operatingIncome": "404200000", "sellingGeneralAndAdministrative": "666900000", "researchAndDevelopment": "0", "operatingExpenses": "666900000", "investmentIncomeNet": "None", "netInterestIncome": "None", "interestIncome": "None", "interestExpense": "47700000", "nonInterestIncome": "None", "otherNonOperatingIncome": "5500000", "depreciation": "None", "depreciationAndAmortization": "102000000", "incomeBeforeTax": "362000000", "incomeTaxExpense": "90500000", "interestAndDebtExpense": "None", "netIncomeFromContinuingOperations": "271500000", "comprehensiveIncomeNetOfTax": "None", "ebit": "409700000", "ebitda": "511700000", "netIncome": "271500000"}, {"fiscalDateEnding": "2016-03-31", "reportedCurrency": "USD", "grossProfit": "977600000", "totalRevenue": "2672100000", "costOfRevenue": "1694500000", "costofGoodsAndServicesSold": "1694500000", "operatingIncome": "295600000", "sellingGeneralAndAdministrative": "627800000", "researchAndDevelopment": "0", "operatingExpenses": "627800000", "investmentIncomeNet": "None", "netInterestIncome": "None", "interestIncome": "None", "interestExpense": "47300000", "nonInterestIncome": "None", "otherNonOperatingIncome": "-5800000", "depreciation": "None", "depreciationAndAmortization": "100100000", "incomeBeforeTax": "254100000", "incomeTaxExpense": "65500000", "interestAndDebtExpense": "None", "netIncomeFromContinuingOperations": "188600000", "comprehensiveIncomeNetOfTax": "None", "ebit": "357800000", "ebitda": "457900000", "netIncome": "189400000"}, {"fiscalDateEnding": "2015-12-31", "reportedCurrency": "USD", "grossProfit": "1014200000", "totalRevenue": "2845400000", "costOfRevenue": "1831200000", "costofGoodsAndServicesSold": "1831200000", "operatingIncome": "346100000", "sellingGeneralAndAdministrative": "502500000", "researchAndDevelopment": "188000000", "operatingExpenses": "610600000", "investmentIncomeNet": "None", "netInterestIncome": "None", "interestIncome": "None", "interestExpense": "44600000", "nonInterestIncome": "None", "otherNonOperatingIncome": "-10900000", "depreciation": "None", "depreciationAndAmortization": "105600000", "incomeBeforeTax": "306400000", "incomeTaxExpense": "39100000", "interestAndDebtExpense": "None", "netIncomeFromContinuingOperations": "267300000", "comprehensiveIncomeNetOfTax": "None", "ebit": "407300000", "ebitda": "512900000", "netIncome": "265500000"}, {"fiscalDateEnding": "2015-09-30", "reportedCurrency": "USD", "grossProfit": "1027000000", "totalRevenue": "2829500000", "costOfRevenue": "1802500000", "costofGoodsAndServicesSold": "1802500000", "operatingIncome": "350700000", "sellingGeneralAndAdministrative": "608300000", "researchAndDevelopment": "0", "operatingExpenses": "608300000", "investmentIncomeNet": "None", "netInterestIncome": "None", "interestIncome": "None", "interestExpense": "45200000", "nonInterestIncome": "None", "otherNonOperatingIncome": "-3600000", "depreciation": "None", "depreciationAndAmortization": "103900000", "incomeBeforeTax": "309100000", "incomeTaxExpense": "75700000", "interestAndDebtExpense": "None", "netIncomeFromContinuingOperations": "233400000", "comprehensiveIncomeNetOfTax": "None", "ebit": "354300000", "ebitda": "458200000", "netIncome": "228700000"}, {"fiscalDateEnding": "2015-06-30", "reportedCurrency": "USD", "grossProfit": "1057200000", "totalRevenue": "2866900000", "costOfRevenue": "1809700000", "costofGoodsAndServicesSold": "1809700000", "operatingIncome": "357200000", "sellingGeneralAndAdministrative": "644500000", "researchAndDevelopment": "0", "operatingExpenses": "644500000", "investmentIncomeNet": "None", "netInterestIncome": "None", "interestIncome": "None", "interestExpense": "46200000", "nonInterestIncome": "None", "otherNonOperatingIncome": "3000000", "depreciation": "None", "depreciationAndAmortization": "102000000", "incomeBeforeTax": "314000000", "incomeTaxExpense": "78500000", "interestAndDebtExpense": "None", "netIncomeFromContinuingOperations": "235500000", "comprehensiveIncomeNetOfTax": "None", "ebit": "360200000", "ebitda": "462200000", "netIncome": "227200000"}, {"fiscalDateEnding": "2015-03-31", "reportedCurrency": "USD", "grossProfit": "973600000", "totalRevenue": "2630000000", "costOfRevenue": "1656400000", "costofGoodsAndServicesSold": "1656400000", "operatingIncome": "262000000", "sellingGeneralAndAdministrative": "623000000", "researchAndDevelopment": "0", "operatingExpenses": "623000000", "investmentIncomeNet": "None", "netInterestIncome": "None", "interestIncome": "None", "interestExpense": "44400000", "nonInterestIncome": "None", "otherNonOperatingIncome": "-3700000", "depreciation": "None", "depreciationAndAmortization": "102500000", "incomeBeforeTax": "221300000", "incomeTaxExpense": "55300000", "interestAndDebtExpense": "None", "netIncomeFromContinuingOperations": "166000000", "comprehensiveIncomeNetOfTax": "None", "ebit": "375500000", "ebitda": "478000000", "netIncome": "162300000"}, {"fiscalDateEnding": "2014-12-31", "reportedCurrency": "USD", "grossProfit": "1051100000", "totalRevenue": "2982500000", "costOfRevenue": "1931400000", "costofGoodsAndServicesSold": "1931400000", "operatingIncome": "307900000", "sellingGeneralAndAdministrative": "635100000", "researchAndDevelopment": "174600000", "operatingExpenses": "658300000", "investmentIncomeNet": "None", "netInterestIncome": "None", "interestIncome": "None", "interestExpense": "46100000", "nonInterestIncome": "None", "otherNonOperatingIncome": "None", "depreciation": "None", "depreciationAndAmortization": "112400000", "incomeBeforeTax": "265700000", "incomeTaxExpense": "46700000", "interestAndDebtExpense": "None", "netIncomeFromContinuingOperations": "857700000", "comprehensiveIncomeNetOfTax": "None", "ebit": "417200000", "ebitda": "529600000", "netIncome": "145800000"}, {"fiscalDateEnding": "2014-09-30", "reportedCurrency": "USD", "grossProfit": "1050100000", "totalRevenue": "2902200000", "costOfRevenue": "1852100000", "costofGoodsAndServicesSold": "1852100000", "operatingIncome": "338300000", "sellingGeneralAndAdministrative": "641100000", "researchAndDevelopment": "0", "operatingExpenses": "650200000", "investmentIncomeNet": "None", "netInterestIncome": "None", "interestIncome": "None", "interestExpense": "43500000", "nonInterestIncome": "None", "otherNonOperatingIncome": "-3100000", "depreciation": "None", "depreciationAndAmortization": "112600000", "incomeBeforeTax": "297900000", "incomeTaxExpense": "56800000", "interestAndDebtExpense": "None", "netIncomeFromContinuingOperations": "241100000", "comprehensiveIncomeNetOfTax": "None", "ebit": "347900000", "ebitda": "460500000", "netIncome": "236700000"}, {"fiscalDateEnding": "2014-06-30", "reportedCurrency": "USD", "grossProfit": "1053300000", "totalRevenue": "2885500000", "costOfRevenue": "1832200000", "costofGoodsAndServicesSold": "1832200000", "operatingIncome": "333400000", "sellingGeneralAndAdministrative": "655900000", "researchAndDevelopment": "0", "operatingExpenses": "662900000", "investmentIncomeNet": "None", "netInterestIncome": "None", "interestIncome": "None", "interestExpense": "43300000", "nonInterestIncome": "None", "otherNonOperatingIncome": "3000000", "depreciation": "None", "depreciationAndAmortization": "114400000", "incomeBeforeTax": "293100000", "incomeTaxExpense": "73700000", "interestAndDebtExpense": "None", "netIncomeFromContinuingOperations": "219400000", "comprehensiveIncomeNetOfTax": "None", "ebit": "340100000", "ebitda": "454500000", "netIncome": "216500000"}, {"fiscalDateEnding": "2014-03-31", "reportedCurrency": "USD", "grossProfit": "960300000", "totalRevenue": "2640800000", "costOfRevenue": "1680500000", "costofGoodsAndServicesSold": "1680500000", "operatingIncome": "254700000", "sellingGeneralAndAdministrative": "640600000", "researchAndDevelopment": "0", "operatingExpenses": "647700000", "investmentIncomeNet": "None", "netInterestIncome": "None", "interestIncome": "None", "interestExpense": "44300000", "nonInterestIncome": "None", "otherNonOperatingIncome": "-3400000", "depreciation": "None", "depreciationAndAmortization": "110400000", "incomeBeforeTax": "213800000", "incomeTaxExpense": "46800000", "interestAndDebtExpense": "None", "netIncomeFromContinuingOperations": "167000000", "comprehensiveIncomeNetOfTax": "None", "ebit": "308900000", "ebitda": "419300000", "netIncome": "161900000"}, {"fiscalDateEnding": "2013-12-31", "reportedCurrency": "USD", "grossProfit": "1030700000", "totalRevenue": "2906000000", "costOfRevenue": "1875300000", "costofGoodsAndServicesSold": "1875300000", "operatingIncome": "92900000", "sellingGeneralAndAdministrative": "679100000", "researchAndDevelopment": "170700000", "operatingExpenses": "703100000", "investmentIncomeNet": "None", "netInterestIncome": "None", "interestIncome": "None", "interestExpense": "41800000", "nonInterestIncome": "None", "otherNonOperatingIncome": "None", "depreciation": "None", "depreciationAndAmortization": "118600000", "incomeBeforeTax": "54400000", "incomeTaxExpense": "-11200000", "interestAndDebtExpense": "None", "netIncomeFromContinuingOperations": "0", "comprehensiveIncomeNetOfTax": "None", "ebit": "463100000", "ebitda": "581700000", "netIncome": "56100000"}, {"fiscalDateEnding": "2013-09-30", "reportedCurrency": "USD", "grossProfit": "987700000", "totalRevenue": "2759300000", "costOfRevenue": "1771600000", "costofGoodsAndServicesSold": "1771600000", "operatingIncome": "223000000", "sellingGeneralAndAdministrative": "669600000", "researchAndDevelopment": "0", "operatingExpenses": "669600000", "investmentIncomeNet": "None", "netInterestIncome": "None", "interestIncome": "None", "interestExpense": "39100000", "nonInterestIncome": "None", "otherNonOperatingIncome": "-3000000", "depreciation": "None", "depreciationAndAmortization": "108800000", "incomeBeforeTax": "186900000", "incomeTaxExpense": "17300000", "interestAndDebtExpense": "None", "netIncomeFromContinuingOperations": "169600000", "comprehensiveIncomeNetOfTax": "None", "ebit": "346600000", "ebitda": "455400000", "netIncome": "166000000"}, {"fiscalDateEnding": "2013-06-30", "reportedCurrency": "USD", "grossProfit": "1007500000", "totalRevenue": "2869300000", "costOfRevenue": "1861800000", "costofGoodsAndServicesSold": "1861800000", "operatingIncome": "284200000", "sellingGeneralAndAdministrative": "677200000", "researchAndDevelopment": "0", "operatingExpenses": "682300000", "investmentIncomeNet": "None", "netInterestIncome": "None", "interestIncome": "None", "interestExpense": "39700000", "nonInterestIncome": "None", "otherNonOperatingIncome": "-3300000", "depreciation": "None", "depreciationAndAmortization": "108100000", "incomeBeforeTax": "247800000", "incomeTaxExpense": "53200000", "interestAndDebtExpense": "None", "netIncomeFromContinuingOperations": "194600000", "comprehensiveIncomeNetOfTax": "None", "ebit": "291300000", "ebitda": "399400000", "netIncome": "187100000"}, {"fiscalDateEnding": "2013-03-31", "reportedCurrency": "USD", "grossProfit": "910900000", "totalRevenue": "2487200000", "costOfRevenue": "1576300000", "costofGoodsAndServicesSold": "1576300000", "operatingIncome": "127100000", "sellingGeneralAndAdministrative": "664700000", "researchAndDevelopment": "0", "operatingExpenses": "669900000", "investmentIncomeNet": "None", "netInterestIncome": "None", "interestIncome": "None", "interestExpense": "39900000", "nonInterestIncome": "None", "otherNonOperatingIncome": "3200000", "depreciation": "None", "depreciationAndAmortization": "105800000", "incomeBeforeTax": "90400000", "incomeTaxExpense": "8800000", "interestAndDebtExpense": "None", "netIncomeFromContinuingOperations": "81600000", "comprehensiveIncomeNetOfTax": "None", "ebit": "283900000", "ebitda": "389700000", "netIncome": "81100000"}, {"fiscalDateEnding": "2012-12-31", "reportedCurrency": "USD", "grossProfit": "948200000", "totalRevenue": "2668500000", "costOfRevenue": "1720300000", "costofGoodsAndServicesSold": "1720300000", "operatingIncome": "164600000", "sellingGeneralAndAdministrative": "636600000", "researchAndDevelopment": "151400000", "operatingExpenses": "642200000", "investmentIncomeNet": "None", "netInterestIncome": "None", "interestIncome": "None", "interestExpense": "39100000", "nonInterestIncome": "None", "otherNonOperatingIncome": "38500000", "depreciation": "None", "depreciationAndAmortization": "114700000", "incomeBeforeTax": "128500000", "incomeTaxExpense": "-2000000", "interestAndDebtExpense": "None", "netIncomeFromContinuingOperations": "18200000", "comprehensiveIncomeNetOfTax": "None", "ebit": "363500000", "ebitda": "478200000", "netIncome": "492000000"}, {"fiscalDateEnding": "2012-09-30", "reportedCurrency": "USD", "grossProfit": "1009500000", "totalRevenue": "2786700000", "costOfRevenue": "1777200000", "costofGoodsAndServicesSold": "1777200000", "operatingIncome": "177900000", "sellingGeneralAndAdministrative": "609200000", "researchAndDevelopment": "0", "operatingExpenses": "778200000", "investmentIncomeNet": "None", "netInterestIncome": "None", "interestIncome": "None", "interestExpense": "34100000", "nonInterestIncome": "None", "otherNonOperatingIncome": "None", "depreciation": "None", "depreciationAndAmortization": "105800000", "incomeBeforeTax": "143800000", "incomeTaxExpense": "28800000", "interestAndDebtExpense": "None", "netIncomeFromContinuingOperations": "0", "comprehensiveIncomeNetOfTax": "None", "ebit": "231300000", "ebitda": "337100000", "netIncome": "115200000"}, {"fiscalDateEnding": "2012-06-30", "reportedCurrency": "USD", "grossProfit": "1022400000", "totalRevenue": "2814200000", "costOfRevenue": "1791800000", "costofGoodsAndServicesSold": "1791800000", "operatingIncome": "238100000", "sellingGeneralAndAdministrative": "666700000", "researchAndDevelopment": "0", "operatingExpenses": "761000000", "investmentIncomeNet": "None", "netInterestIncome": "None", "interestIncome": "None", "interestExpense": "32300000", "nonInterestIncome": "None", "otherNonOperatingIncome": "None", "depreciation": "None", "depreciationAndAmortization": "109000000", "incomeBeforeTax": "205800000", "incomeTaxExpense": "51300000", "interestAndDebtExpense": "None", "netIncomeFromContinuingOperations": "0", "comprehensiveIncomeNetOfTax": "None", "ebit": "261400000", "ebitda": "370400000", "netIncome": "154800000"}, {"fiscalDateEnding": "2012-03-31", "reportedCurrency": "USD", "grossProfit": "986000000", "totalRevenue": "2652900000", "costOfRevenue": "1666900000", "costofGoodsAndServicesSold": "1666900000", "operatingIncome": "188900000", "sellingGeneralAndAdministrative": "676600000", "researchAndDevelopment": "0", "operatingExpenses": "759700000", "investmentIncomeNet": "None", "netInterestIncome": "None", "interestIncome": "None", "interestExpense": "33900000", "nonInterestIncome": "None", "otherNonOperatingIncome": "None", "depreciation": "None", "depreciationAndAmortization": "115800000", "incomeBeforeTax": "157700000", "incomeTaxExpense": "36600000", "interestAndDebtExpense": "None", "netIncomeFromContinuingOperations": "0", "comprehensiveIncomeNetOfTax": "None", "ebit": "263700000", "ebitda": "379500000", "netIncome": "121800000"}, {"fiscalDateEnding": "2011-12-31", "reportedCurrency": "USD", "grossProfit": "969200000", "totalRevenue": "2736100000", "costOfRevenue": "1766900000", "costofGoodsAndServicesSold": "1766900000", "operatingIncome": "226800000", "sellingGeneralAndAdministrative": "663900000", "researchAndDevelopment": "147200000", "operatingExpenses": "742400000", "investmentIncomeNet": "None", "netInterestIncome": "None", "interestIncome": "None", "interestExpense": "36700000", "nonInterestIncome": "None", "otherNonOperatingIncome": "None", "depreciation": "None", "depreciationAndAmortization": "112100000", "incomeBeforeTax": "184400000", "incomeTaxExpense": "4200000", "interestAndDebtExpense": "None", "netIncomeFromContinuingOperations": "0", "comprehensiveIncomeNetOfTax": "None", "ebit": "221100000", "ebitda": "333200000", "netIncome": "164000000"}, {"fiscalDateEnding": "2011-09-30", "reportedCurrency": "USD", "grossProfit": "974400000", "totalRevenue": "2636400000", "costOfRevenue": "1662000000", "costofGoodsAndServicesSold": "1662000000", "operatingIncome": "215600000", "sellingGeneralAndAdministrative": "509300000", "researchAndDevelopment": "0", "operatingExpenses": "734500000", "investmentIncomeNet": "None", "netInterestIncome": "None", "interestIncome": "None", "interestExpense": "34900000", "nonInterestIncome": "None", "otherNonOperatingIncome": "8000000", "depreciation": "None", "depreciationAndAmortization": "100300000", "incomeBeforeTax": "188700000", "incomeTaxExpense": "33400000", "interestAndDebtExpense": "None", "netIncomeFromContinuingOperations": "155300000", "comprehensiveIncomeNetOfTax": "None", "ebit": "232100000", "ebitda": "332400000", "netIncome": "154600000"}, {"fiscalDateEnding": "2011-06-30", "reportedCurrency": "USD", "grossProfit": "967400000", "totalRevenue": "2623200000", "costOfRevenue": "1655800000", "costofGoodsAndServicesSold": "1655800000", "operatingIncome": "252000000", "sellingGeneralAndAdministrative": "630200000", "researchAndDevelopment": "0", "operatingExpenses": "694300000", "investmentIncomeNet": "None", "netInterestIncome": "None", "interestIncome": "None", "interestExpense": "34100000", "nonInterestIncome": "None", "otherNonOperatingIncome": "7300000", "depreciation": "None", "depreciationAndAmortization": "93800000", "incomeBeforeTax": "225200000", "incomeTaxExpense": "27900000", "interestAndDebtExpense": "None", "netIncomeFromContinuingOperations": "197300000", "comprehensiveIncomeNetOfTax": "None", "ebit": "259300000", "ebitda": "353100000", "netIncome": "197300000"}, {"fiscalDateEnding": "2011-03-31", "reportedCurrency": "USD", "grossProfit": "882500000", "totalRevenue": "2380700000", "costOfRevenue": "1498200000", "costofGoodsAndServicesSold": "1498200000", "operatingIncome": "211000000", "sellingGeneralAndAdministrative": "601700000", "researchAndDevelopment": "0", "operatingExpenses": "658200000", "investmentIncomeNet": "None", "netInterestIncome": "None", "interestIncome": "None", "interestExpense": "34600000", "nonInterestIncome": "None", "otherNonOperatingIncome": "5100000", "depreciation": "None", "depreciationAndAmortization": "103900000", "incomeBeforeTax": "181500000", "incomeTaxExpense": "23100000", "interestAndDebtExpense": "None", "netIncomeFromContinuingOperations": "158400000", "comprehensiveIncomeNetOfTax": "None", "ebit": "215000000", "ebitda": "318900000", "netIncome": "158700000"}, {"fiscalDateEnding": "2010-12-31", "reportedCurrency": "USD", "grossProfit": "869600000", "totalRevenue": "2412900000", "costOfRevenue": "1543300000", "costofGoodsAndServicesSold": "1543300000", "operatingIncome": "232700000", "sellingGeneralAndAdministrative": "594400000", "researchAndDevelopment": "0", "operatingExpenses": "636900000", "investmentIncomeNet": "None", "netInterestIncome": "None", "interestIncome": "None", "interestExpense": "34700000", "nonInterestIncome": "None", "otherNonOperatingIncome": "None", "depreciation": "None", "depreciationAndAmortization": "109900000", "incomeBeforeTax": "166900000", "incomeTaxExpense": "29600000", "interestAndDebtExpense": "None", "netIncomeFromContinuingOperations": "0", "comprehensiveIncomeNetOfTax": "None", "ebit": "236200000", "ebitda": "346100000", "netIncome": "137800000"}, {"fiscalDateEnding": "2010-09-30", "reportedCurrency": "USD", "grossProfit": "874200000", "totalRevenue": "2369100000", "costOfRevenue": "1494900000", "costofGoodsAndServicesSold": "1494900000", "operatingIncome": "252100000", "sellingGeneralAndAdministrative": "574600000", "researchAndDevelopment": "0", "operatingExpenses": "618800000", "investmentIncomeNet": "None", "netInterestIncome": "None", "interestIncome": "None", "interestExpense": "29200000", "nonInterestIncome": "None", "otherNonOperatingIncome": "None", "depreciation": "None", "depreciationAndAmortization": "86400000", "incomeBeforeTax": "225400000", "incomeTaxExpense": "60900000", "interestAndDebtExpense": "None", "netIncomeFromContinuingOperations": "0", "comprehensiveIncomeNetOfTax": "None", "ebit": "197100000", "ebitda": "283500000", "netIncome": "164600000"}, {"fiscalDateEnding": "2010-06-30", "reportedCurrency": "USD", "grossProfit": "-553700000", "totalRevenue": "919200000", "costOfRevenue": "1472900000", "costofGoodsAndServicesSold": "1472900000", "operatingIncome": "263300000", "sellingGeneralAndAdministrative": "568500000", "researchAndDevelopment": "0", "operatingExpenses": "622000000", "investmentIncomeNet": "None", "netInterestIncome": "None", "interestIncome": "None", "interestExpense": "26800000", "nonInterestIncome": "None", "otherNonOperatingIncome": "None", "depreciation": "None", "depreciationAndAmortization": "92700000", "incomeBeforeTax": "238700000", "incomeTaxExpense": "32100000", "interestAndDebtExpense": "None", "netIncomeFromContinuingOperations": "0", "comprehensiveIncomeNetOfTax": "None", "ebit": "36100000", "ebitda": "128800000", "netIncome": "206100000"}, {"fiscalDateEnding": "2010-03-31", "reportedCurrency": "USD", "grossProfit": "497500000", "totalRevenue": "1262000000", "costOfRevenue": "764500000", "costofGoodsAndServicesSold": "764500000", "operatingIncome": "123900000", "sellingGeneralAndAdministrative": "333500000", "researchAndDevelopment": "None", "operatingExpenses": "366400000", "investmentIncomeNet": "None", "netInterestIncome": "None", "interestIncome": "None", "interestExpense": "18100000", "nonInterestIncome": "None", "otherNonOperatingIncome": "None", "depreciation": "None", "depreciationAndAmortization": "59700000", "incomeBeforeTax": "105800000", "incomeTaxExpense": "35600000", "interestAndDebtExpense": "None", "netIncomeFromContinuingOperations": "None", "comprehensiveIncomeNetOfTax": "None", "ebit": "-87700000", "ebitda": "-28000000", "netIncome": "70100000"}, {"fiscalDateEnding": "2009-12-31", "reportedCurrency": "USD", "grossProfit": "394200000", "totalRevenue": "969400000", "costOfRevenue": "575200000", "costofGoodsAndServicesSold": "575200000", "operatingIncome": "29900000", "sellingGeneralAndAdministrative": "269000000", "researchAndDevelopment": "18300000", "operatingExpenses": "364300000", "investmentIncomeNet": "None", "netInterestIncome": "None", "interestIncome": "None", "interestExpense": "15000000", "nonInterestIncome": "None", "otherNonOperatingIncome": "None", "depreciation": "None", "depreciationAndAmortization": "51300000", "incomeBeforeTax": "52100000", "incomeTaxExpense": "-3600000", "interestAndDebtExpense": "None", "netIncomeFromContinuingOperations": "0", "comprehensiveIncomeNetOfTax": "None", "ebit": "67100000", "ebitda": "118400000", "netIncome": "56700000"}, {"fiscalDateEnding": "2009-09-30", "reportedCurrency": "USD", "grossProfit": "386400000", "totalRevenue": "935500000", "costOfRevenue": "549100000", "costofGoodsAndServicesSold": "549100000", "operatingIncome": "94800000", "sellingGeneralAndAdministrative": "251400000", "researchAndDevelopment": "0", "operatingExpenses": "285000000", "investmentIncomeNet": "None", "netInterestIncome": "None", "interestIncome": "None", "interestExpense": "15000000", "nonInterestIncome": "None", "otherNonOperatingIncome": "None", "depreciation": "None", "depreciationAndAmortization": "51900000", "incomeBeforeTax": "79800000", "incomeTaxExpense": "17700000", "interestAndDebtExpense": "None", "netIncomeFromContinuingOperations": "0", "comprehensiveIncomeNetOfTax": "None", "ebit": "95300000", "ebitda": "147200000", "netIncome": "60400000"}, {"fiscalDateEnding": "2009-06-30", "reportedCurrency": "USD", "grossProfit": "366600000", "totalRevenue": "919200000", "costOfRevenue": "552600000", "costofGoodsAndServicesSold": "552600000", "operatingIncome": "111300000", "sellingGeneralAndAdministrative": "255300000", "researchAndDevelopment": "0", "operatingExpenses": "255300000", "investmentIncomeNet": "None", "netInterestIncome": "None", "interestIncome": "None", "interestExpense": "16200000", "nonInterestIncome": "None", "otherNonOperatingIncome": "None", "depreciation": "None", "depreciationAndAmortization": "48900000", "incomeBeforeTax": "98700000", "incomeTaxExpense": "26700000", "interestAndDebtExpense": "None", "netIncomeFromContinuingOperations": "0", "comprehensiveIncomeNetOfTax": "None", "ebit": "114900000", "ebitda": "163800000", "netIncome": "69500000"}, {"fiscalDateEnding": "2009-03-31", "reportedCurrency": "USD", "grossProfit": "361100000", "totalRevenue": "913000000", "costOfRevenue": "551900000", "costofGoodsAndServicesSold": "551900000", "operatingIncome": "108400000", "sellingGeneralAndAdministrative": "252700000", "researchAndDevelopment": "0", "operatingExpenses": "252700000", "investmentIncomeNet": "None", "netInterestIncome": "None", "interestIncome": "None", "interestExpense": "17000000", "nonInterestIncome": "None", "otherNonOperatingIncome": "None", "depreciation": "None", "depreciationAndAmortization": "48000000", "incomeBeforeTax": "52700000", "incomeTaxExpense": "13700000", "interestAndDebtExpense": "None", "netIncomeFromContinuingOperations": "0", "comprehensiveIncomeNetOfTax": "None", "ebit": "69700000", "ebitda": "117700000", "netIncome": "37700000"}, {"fiscalDateEnding": "2008-12-31", "reportedCurrency": "USD", "grossProfit": "392100000", "totalRevenue": "1078600000", "costOfRevenue": "686500000", "costofGoodsAndServicesSold": "686500000", "operatingIncome": "13600000", "sellingGeneralAndAdministrative": "275300000", "researchAndDevelopment": "25400000", "operatingExpenses": "378500000", "investmentIncomeNet": "None", "netInterestIncome": "None", "interestIncome": "None", "interestExpense": "61000000", "nonInterestIncome": "None", "otherNonOperatingIncome": "None", "depreciation": "None", "depreciationAndAmortization": "54500000", "incomeBeforeTax": "4900000", "incomeTaxExpense": "-1000000", "interestAndDebtExpense": "None", "netIncomeFromContinuingOperations": "0", "comprehensiveIncomeNetOfTax": "None", "ebit": "-169600000", "ebitda": "-115100000", "netIncome": "1200000"}, {"fiscalDateEnding": "2008-09-30", "reportedCurrency": "USD", "grossProfit": "431400000", "totalRevenue": "1119700000", "costOfRevenue": "688300000", "costofGoodsAndServicesSold": "688300000", "operatingIncome": "156400000", "sellingGeneralAndAdministrative": "274800000", "researchAndDevelopment": "0", "operatingExpenses": "275000000", "investmentIncomeNet": "None", "netInterestIncome": "None", "interestIncome": "None", "interestExpense": "23500000", "nonInterestIncome": "None", "otherNonOperatingIncome": "None", "depreciation": "None", "depreciationAndAmortization": "47200000", "incomeBeforeTax": "104600000", "incomeTaxExpense": "26200000", "interestAndDebtExpense": "None", "netIncomeFromContinuingOperations": "0", "comprehensiveIncomeNetOfTax": "None", "ebit": "126600000", "ebitda": "173800000", "netIncome": "163000000"}, {"fiscalDateEnding": "2008-06-30", "reportedCurrency": "USD", "grossProfit": "441900000", "totalRevenue": "1154200000", "costOfRevenue": "712300000", "costofGoodsAndServicesSold": "712300000", "operatingIncome": "158700000", "sellingGeneralAndAdministrative": "282900000", "researchAndDevelopment": "0", "operatingExpenses": "283200000", "investmentIncomeNet": "None", "netInterestIncome": "None", "interestIncome": "None", "interestExpense": "24000000", "nonInterestIncome": "None", "otherNonOperatingIncome": "None", "depreciation": "None", "depreciationAndAmortization": "40500000", "incomeBeforeTax": "102800000", "incomeTaxExpense": "27100000", "interestAndDebtExpense": "None", "netIncomeFromContinuingOperations": "0", "comprehensiveIncomeNetOfTax": "None", "ebit": "124900000", "ebitda": "165400000", "netIncome": "78100000"}, {"fiscalDateEnding": "2008-03-31", "reportedCurrency": "USD", "grossProfit": "415000000", "totalRevenue": "1096900000", "costOfRevenue": "681900000", "costofGoodsAndServicesSold": "681900000", "operatingIncome": "135500000", "sellingGeneralAndAdministrative": "274600000", "researchAndDevelopment": "0", "operatingExpenses": "279500000", "investmentIncomeNet": "None", "netInterestIncome": "None", "interestIncome": "None", "interestExpense": "21900000", "nonInterestIncome": "None", "otherNonOperatingIncome": "None", "depreciation": "None", "depreciationAndAmortization": "40800000", "incomeBeforeTax": "93100000", "incomeTaxExpense": "25100000", "interestAndDebtExpense": "None", "netIncomeFromContinuingOperations": "0", "comprehensiveIncomeNetOfTax": "None", "ebit": "159500000", "ebitda": "200300000", "netIncome": "66500000"}, {"fiscalDateEnding": "2007-12-31", "reportedCurrency": "USD", "grossProfit": "433700000", "totalRevenue": "1167400000", "costOfRevenue": "733700000", "costofGoodsAndServicesSold": "733700000", "operatingIncome": "159000000", "sellingGeneralAndAdministrative": "268300000", "researchAndDevelopment": "24500000", "operatingExpenses": "274700000", "investmentIncomeNet": "None", "netInterestIncome": "None", "interestIncome": "None", "interestExpense": "64000000", "nonInterestIncome": "None", "otherNonOperatingIncome": "None", "depreciation": "None", "depreciationAndAmortization": "42100000", "incomeBeforeTax": "117300000", "incomeTaxExpense": "25000000", "interestAndDebtExpense": "None", "netIncomeFromContinuingOperations": "0", "comprehensiveIncomeNetOfTax": "None", "ebit": "159000000", "ebitda": "201100000", "netIncome": "92300000"}, {"fiscalDateEnding": "2007-09-30", "reportedCurrency": "USD", "grossProfit": "431100000", "totalRevenue": "1131300000", "costOfRevenue": "700200000", "costofGoodsAndServicesSold": "700200000", "operatingIncome": "174600000", "sellingGeneralAndAdministrative": "252400000", "researchAndDevelopment": "0", "operatingExpenses": "256500000", "investmentIncomeNet": "None", "netInterestIncome": "None", "interestIncome": "None", "interestExpense": "20200000", "nonInterestIncome": "None", "otherNonOperatingIncome": "None", "depreciation": "None", "depreciationAndAmortization": "42200000", "incomeBeforeTax": "125600000", "incomeTaxExpense": "34200000", "interestAndDebtExpense": "None", "netIncomeFromContinuingOperations": "0", "comprehensiveIncomeNetOfTax": "None", "ebit": "174600000", "ebitda": "216800000", "netIncome": "91400000"}, {"fiscalDateEnding": "2007-06-30", "reportedCurrency": "USD", "grossProfit": "432100000", "totalRevenue": "1123000000", "costOfRevenue": "690900000", "costofGoodsAndServicesSold": "690900000", "operatingIncome": "163900000", "sellingGeneralAndAdministrative": "268200000", "researchAndDevelopment": "0", "operatingExpenses": "268200000", "investmentIncomeNet": "None", "netInterestIncome": "None", "interestIncome": "None", "interestExpense": "21200000", "nonInterestIncome": "None", "otherNonOperatingIncome": "None", "depreciation": "None", "depreciationAndAmortization": "40700000", "incomeBeforeTax": "116000000", "incomeTaxExpense": "30700000", "interestAndDebtExpense": "None", "netIncomeFromContinuingOperations": "0", "comprehensiveIncomeNetOfTax": "None", "ebit": "159000000", "ebitda": "199700000", "netIncome": "85300000"}, {"fiscalDateEnding": "2007-03-31", "reportedCurrency": "USD", "grossProfit": "395300000", "totalRevenue": "1062100000", "costOfRevenue": "666800000", "costofGoodsAndServicesSold": "666800000", "operatingIncome": "136300000", "sellingGeneralAndAdministrative": "259000000", "researchAndDevelopment": "0", "operatingExpenses": "259000000", "investmentIncomeNet": "None", "netInterestIncome": "None", "interestIncome": "None", "interestExpense": "21300000", "nonInterestIncome": "None", "otherNonOperatingIncome": "None", "depreciation": "None", "depreciationAndAmortization": "37200000", "incomeBeforeTax": "92200000", "incomeTaxExpense": "24600000", "interestAndDebtExpense": "None", "netIncomeFromContinuingOperations": "0", "comprehensiveIncomeNetOfTax": "None", "ebit": "136300000", "ebitda": "173500000", "netIncome": "67600000"}, {"fiscalDateEnding": "2006-12-31", "reportedCurrency": "USD", "grossProfit": "372100000", "totalRevenue": "1019300000", "costOfRevenue": "647200000", "costofGoodsAndServicesSold": "647200000", "operatingIncome": "132200000", "sellingGeneralAndAdministrative": "239900000", "researchAndDevelopment": "15300000", "operatingExpenses": "239900000", "investmentIncomeNet": "None", "netInterestIncome": "None", "interestIncome": "None", "interestExpense": "15400000", "nonInterestIncome": "None", "otherNonOperatingIncome": "None", "depreciation": "None", "depreciationAndAmortization": "29900000", "incomeBeforeTax": "101100000", "incomeTaxExpense": "14100000", "interestAndDebtExpense": "None", "netIncomeFromContinuingOperations": "0", "comprehensiveIncomeNetOfTax": "None", "ebit": "132200000", "ebitda": "162100000", "netIncome": "86600000"}, {"fiscalDateEnding": "2006-09-30", "reportedCurrency": "USD", "grossProfit": "377800000", "totalRevenue": "1012700000", "costOfRevenue": "634900000", "costofGoodsAndServicesSold": "634900000", "operatingIncome": "145900000", "sellingGeneralAndAdministrative": "231900000", "researchAndDevelopment": "0", "operatingExpenses": "231900000", "investmentIncomeNet": "None", "netInterestIncome": "None", "interestIncome": "None", "interestExpense": "17600000", "nonInterestIncome": "None", "otherNonOperatingIncome": "None", "depreciation": "None", "depreciationAndAmortization": "30000000", "incomeBeforeTax": "113100000", "incomeTaxExpense": "22900000", "interestAndDebtExpense": "None", "netIncomeFromContinuingOperations": "0", "comprehensiveIncomeNetOfTax": "None", "ebit": "145900000", "ebitda": "175900000", "netIncome": "90500000"}, {"fiscalDateEnding": "2006-06-30", "reportedCurrency": "USD", "grossProfit": "376700000", "totalRevenue": "1017900000", "costOfRevenue": "641200000", "costofGoodsAndServicesSold": "641200000", "operatingIncome": "132100000", "sellingGeneralAndAdministrative": "244600000", "researchAndDevelopment": "0", "operatingExpenses": "244600000", "investmentIncomeNet": "None", "netInterestIncome": "None", "interestIncome": "None", "interestExpense": "2000000", "nonInterestIncome": "None", "otherNonOperatingIncome": "None", "depreciation": "None", "depreciationAndAmortization": "31000000", "incomeBeforeTax": "102000000", "incomeTaxExpense": "27000000", "interestAndDebtExpense": "None", "netIncomeFromContinuingOperations": "0", "comprehensiveIncomeNetOfTax": "None", "ebit": "132100000", "ebitda": "163100000", "netIncome": "74700000"}, {"fiscalDateEnding": "2006-03-31", "reportedCurrency": "USD", "grossProfit": "331900000", "totalRevenue": "968700000", "costOfRevenue": "636800000", "costofGoodsAndServicesSold": "636800000", "operatingIncome": "93100000", "sellingGeneralAndAdministrative": "238800000", "researchAndDevelopment": "0", "operatingExpenses": "238800000", "investmentIncomeNet": "None", "netInterestIncome": "None", "interestIncome": "None", "interestExpense": "16000000", "nonInterestIncome": "None", "otherNonOperatingIncome": "None", "depreciation": "None", "depreciationAndAmortization": "30300000", "incomeBeforeTax": "50900000", "incomeTaxExpense": "12400000", "interestAndDebtExpense": "None", "netIncomeFromContinuingOperations": "0", "comprehensiveIncomeNetOfTax": "None", "ebit": "93100000", "ebitda": "123400000", "netIncome": "37700000"}, {"fiscalDateEnding": "2005-12-31", "reportedCurrency": "USD", "grossProfit": "285100000", "totalRevenue": "810200000", "costOfRevenue": "525100000", "costofGoodsAndServicesSold": "525100000", "operatingIncome": "102400000", "sellingGeneralAndAdministrative": "182700000", "researchAndDevelopment": "14500000", "operatingExpenses": "182700000", "investmentIncomeNet": "None", "netInterestIncome": "None", "interestIncome": "None", "interestExpense": "12800000", "nonInterestIncome": "None", "otherNonOperatingIncome": "None", "depreciation": "None", "depreciationAndAmortization": "25800000", "incomeBeforeTax": "77600000", "incomeTaxExpense": "15500000", "interestAndDebtExpense": "None", "netIncomeFromContinuingOperations": "0", "comprehensiveIncomeNetOfTax": "None", "ebit": "102400000", "ebitda": "128200000", "netIncome": "60200000"}, {"fiscalDateEnding": "2005-09-30", "reportedCurrency": "USD", "grossProfit": "305100000", "totalRevenue": "844800000", "costOfRevenue": "539700000", "costofGoodsAndServicesSold": "539700000", "operatingIncome": "125300000", "sellingGeneralAndAdministrative": "179100000", "researchAndDevelopment": "0", "operatingExpenses": "179800000", "investmentIncomeNet": "None", "netInterestIncome": "None", "interestIncome": "None", "interestExpense": "8100000", "nonInterestIncome": "None", "otherNonOperatingIncome": "None", "depreciation": "None", "depreciationAndAmortization": "23400000", "incomeBeforeTax": "102600000", "incomeTaxExpense": "25700000", "interestAndDebtExpense": "None", "netIncomeFromContinuingOperations": "0", "comprehensiveIncomeNetOfTax": "None", "ebit": "125200000", "ebitda": "148600000", "netIncome": "76900000"}, {"fiscalDateEnding": "2005-06-30", "reportedCurrency": "USD", "grossProfit": "302200000", "totalRevenue": "824000000", "costOfRevenue": "521800000", "costofGoodsAndServicesSold": "521800000", "operatingIncome": "113100000", "sellingGeneralAndAdministrative": "188400000", "researchAndDevelopment": "0", "operatingExpenses": "189100000", "investmentIncomeNet": "None", "netInterestIncome": "None", "interestIncome": "None", "interestExpense": "1000000", "nonInterestIncome": "None", "otherNonOperatingIncome": "None", "depreciation": "None", "depreciationAndAmortization": "23900000", "incomeBeforeTax": "91400000", "incomeTaxExpense": "25400000", "interestAndDebtExpense": "None", "netIncomeFromContinuingOperations": "0", "comprehensiveIncomeNetOfTax": "None", "ebit": "112300000", "ebitda": "136200000", "netIncome": "65900000"}, {"fiscalDateEnding": "2005-03-31", "reportedCurrency": "USD", "grossProfit": "288900000", "totalRevenue": "806300000", "costOfRevenue": "517400000", "costofGoodsAndServicesSold": "517400000", "operatingIncome": "103700000", "sellingGeneralAndAdministrative": "184400000", "researchAndDevelopment": "0", "operatingExpenses": "185200000", "investmentIncomeNet": "None", "netInterestIncome": "None", "interestIncome": "None", "interestExpense": "29000000", "nonInterestIncome": "None", "otherNonOperatingIncome": "None", "depreciation": "None", "depreciationAndAmortization": "23400000", "incomeBeforeTax": "86600000", "incomeTaxExpense": "19900000", "interestAndDebtExpense": "None", "netIncomeFromContinuingOperations": "0", "comprehensiveIncomeNetOfTax": "None", "ebit": "102600000", "ebitda": "126000000", "netIncome": "66600000"}, {"fiscalDateEnding": "2004-12-31", "reportedCurrency": "USD", "grossProfit": "262500000", "totalRevenue": "678900000", "costOfRevenue": "416400000", "costofGoodsAndServicesSold": "416400000", "operatingIncome": "96700000", "sellingGeneralAndAdministrative": "182400000", "researchAndDevelopment": "13400000", "operatingExpenses": "165800000", "investmentIncomeNet": "None", "netInterestIncome": "None", "interestIncome": "None", "interestExpense": "29000000", "nonInterestIncome": "None", "otherNonOperatingIncome": "None", "depreciation": "None", "depreciationAndAmortization": "24700000", "incomeBeforeTax": "67800000", "incomeTaxExpense": "11400000", "interestAndDebtExpense": "None", "netIncomeFromContinuingOperations": "0", "comprehensiveIncomeNetOfTax": "None", "ebit": "96700000", "ebitda": "121400000", "netIncome": "88100000"}]}