{"symbol": "LDOS", "annualReports": [{"fiscalDateEnding": "2024-12-31", "reportedCurrency": "USD", "grossProfit": "2798000000", "totalRevenue": "16662000000", "costOfRevenue": "13864000000", "costofGoodsAndServicesSold": "13864000000", "operatingIncome": "1827000000", "sellingGeneralAndAdministrative": "983000000", "researchAndDevelopment": "None", "operatingExpenses": "983000000", "investmentIncomeNet": "None", "netInterestIncome": "-193000000", "interestIncome": "None", "interestExpense": "193000000", "nonInterestIncome": "None", "otherNonOperatingIncome": "None", "depreciation": "None", "depreciationAndAmortization": "None", "incomeBeforeTax": "1639000000", "incomeTaxExpense": "-388000000", "interestAndDebtExpense": "None", "netIncomeFromContinuingOperations": "1251000000", "comprehensiveIncomeNetOfTax": "None", "ebit": "None", "ebitda": "1827000000", "netIncome": "1254000000"}, {"fiscalDateEnding": "2023-12-31", "reportedCurrency": "USD", "grossProfit": "2244000000", "totalRevenue": "15438000000", "costOfRevenue": "13194000000", "costofGoodsAndServicesSold": "13194000000", "operatingIncome": "621000000", "sellingGeneralAndAdministrative": "942000000", "researchAndDevelopment": "128000000", "operatingExpenses": "1629000000", "investmentIncomeNet": "None", "netInterestIncome": "-212000000", "interestIncome": "None", "interestExpense": "212000000", "nonInterestIncome": "None", "otherNonOperatingIncome": "None", "depreciation": "None", "depreciationAndAmortization": "331000000", "incomeBeforeTax": "403000000", "incomeTaxExpense": "195000000", "interestAndDebtExpense": "None", "netIncomeFromContinuingOperations": "208000000", "comprehensiveIncomeNetOfTax": "None", "ebit": "600000000", "ebitda": "931000000", "netIncome": "199000000"}, {"fiscalDateEnding": "2022-12-31", "reportedCurrency": "USD", "grossProfit": "2084000000", "totalRevenue": "14396000000", "costOfRevenue": "12312000000", "costofGoodsAndServicesSold": "12312000000", "operatingIncome": "1088000000", "sellingGeneralAndAdministrative": "950000000", "researchAndDevelopment": "116000000", "operatingExpenses": "950000000", "investmentIncomeNet": "None", "netInterestIncome": "-199000000", "interestIncome": "None", "interestExpense": "199000000", "nonInterestIncome": "None", "otherNonOperatingIncome": "None", "depreciation": "None", "depreciationAndAmortization": "333000000", "incomeBeforeTax": "886000000", "incomeTaxExpense": "193000000", "interestAndDebtExpense": "None", "netIncomeFromContinuingOperations": "693000000", "comprehensiveIncomeNetOfTax": "None", "ebit": "1074000000", "ebitda": "1407000000", "netIncome": "685000000"}, {"fiscalDateEnding": "2021-12-31", "reportedCurrency": "USD", "grossProfit": "2014000000", "totalRevenue": "13737000000", "costOfRevenue": "11723000000", "costofGoodsAndServicesSold": "11723000000", "operatingIncome": "1152000000", "sellingGeneralAndAdministrative": "860000000", "researchAndDevelopment": "109000000", "operatingExpenses": "860000000", "investmentIncomeNet": "None", "netInterestIncome": "-184000000", "interestIncome": "1000000", "interestExpense": "184000000", "nonInterestIncome": "None", "otherNonOperatingIncome": "None", "depreciation": "None", "depreciationAndAmortization": "325000000", "incomeBeforeTax": "967000000", "incomeTaxExpense": "208000000", "interestAndDebtExpense": "None", "netIncomeFromContinuingOperations": "759000000", "comprehensiveIncomeNetOfTax": "None", "ebit": "1171000000", "ebitda": "1496000000", "netIncome": "753000000"}, {"fiscalDateEnding": "2020-12-31", "reportedCurrency": "USD", "grossProfit": "1737000000", "totalRevenue": "12297000000", "costOfRevenue": "10560000000", "costofGoodsAndServicesSold": "10560000000", "operatingIncome": "998000000", "sellingGeneralAndAdministrative": "770000000", "researchAndDevelopment": "73000000", "operatingExpenses": "770000000", "investmentIncomeNet": "None", "netInterestIncome": "-179000000", "interestIncome": "3000000", "interestExpense": "179000000", "nonInterestIncome": "None", "otherNonOperatingIncome": "-38000000", "depreciation": "None", "depreciationAndAmortization": "282000000", "incomeBeforeTax": "781000000", "incomeTaxExpense": "152000000", "interestAndDebtExpense": "None", "netIncomeFromContinuingOperations": "629000000", "comprehensiveIncomeNetOfTax": "None", "ebit": "977000000", "ebitda": "1259000000", "netIncome": "628000000"}, {"fiscalDateEnding": "2019-12-31", "reportedCurrency": "USD", "grossProfit": "1548000000", "totalRevenue": "11094000000", "costOfRevenue": "9546000000", "costofGoodsAndServicesSold": "9546000000", "operatingIncome": "912000000", "sellingGeneralAndAdministrative": "600000000", "researchAndDevelopment": "49000000", "operatingExpenses": "689000000", "investmentIncomeNet": "None", "netInterestIncome": "-133000000", "interestIncome": "14000000", "interestExpense": "133000000", "nonInterestIncome": "None", "otherNonOperatingIncome": "87000000", "depreciation": "None", "depreciationAndAmortization": "234000000", "incomeBeforeTax": "866000000", "incomeTaxExpense": "196000000", "interestAndDebtExpense": "None", "netIncomeFromContinuingOperations": "670000000", "comprehensiveIncomeNetOfTax": "None", "ebit": "1006000000", "ebitda": "1240000000", "netIncome": "667000000"}, {"fiscalDateEnding": "2018-12-31", "reportedCurrency": "USD", "grossProfit": "1504000000", "totalRevenue": "10194000000", "costOfRevenue": "8690000000", "costofGoodsAndServicesSold": "8690000000", "operatingIncome": "749000000", "sellingGeneralAndAdministrative": "683000000", "researchAndDevelopment": "46000000", "operatingExpenses": "729000000", "investmentIncomeNet": "None", "netInterestIncome": "-138000000", "interestIncome": "7000000", "interestExpense": "138000000", "nonInterestIncome": "None", "otherNonOperatingIncome": "-1000000", "depreciation": "None", "depreciationAndAmortization": "257000000", "incomeBeforeTax": "610000000", "incomeTaxExpense": "28000000", "interestAndDebtExpense": "None", "netIncomeFromContinuingOperations": "582000000", "comprehensiveIncomeNetOfTax": "None", "ebit": "749000000", "ebitda": "1006000000", "netIncome": "581000000"}, {"fiscalDateEnding": "2017-12-31", "reportedCurrency": "USD", "grossProfit": "1247000000", "totalRevenue": "10170000000", "costOfRevenue": "8923000000", "costofGoodsAndServicesSold": "8923000000", "operatingIncome": "559000000", "sellingGeneralAndAdministrative": "520000000", "researchAndDevelopment": "42000000", "operatingExpenses": "552000000", "investmentIncomeNet": "None", "netInterestIncome": "-140000000", "interestIncome": "8000000", "interestExpense": "148000000", "nonInterestIncome": "None", "otherNonOperatingIncome": "-18000000", "depreciation": "None", "depreciationAndAmortization": "336000000", "incomeBeforeTax": "393000000", "incomeTaxExpense": "29000000", "interestAndDebtExpense": "None", "netIncomeFromContinuingOperations": "364000000", "comprehensiveIncomeNetOfTax": "None", "ebit": "541000000", "ebitda": "877000000", "netIncome": "366000000"}, {"fiscalDateEnding": "2016-12-31", "reportedCurrency": "USD", "grossProfit": "852000000", "totalRevenue": "7043000000", "costOfRevenue": "6191000000", "costofGoodsAndServicesSold": "6191000000", "operatingIncome": "417000000", "sellingGeneralAndAdministrative": "293000000", "researchAndDevelopment": "44000000", "operatingExpenses": "334000000", "investmentIncomeNet": "None", "netInterestIncome": "-86000000", "interestIncome": "10000000", "interestExpense": "96000000", "nonInterestIncome": "None", "otherNonOperatingIncome": "-3000000", "depreciation": "None", "depreciationAndAmortization": "122000000", "incomeBeforeTax": "318000000", "incomeTaxExpense": "72000000", "interestAndDebtExpense": "None", "netIncomeFromContinuingOperations": "246000000", "comprehensiveIncomeNetOfTax": "None", "ebit": "414000000", "ebitda": "536000000", "netIncome": "244000000"}, {"fiscalDateEnding": "2015-12-31", "reportedCurrency": "USD", "grossProfit": "618000000", "totalRevenue": "5086000000", "costOfRevenue": "4468000000", "costofGoodsAndServicesSold": "4468000000", "operatingIncome": "298000000", "sellingGeneralAndAdministrative": "180000000", "researchAndDevelopment": "31636361", "operatingExpenses": "232000000", "investmentIncomeNet": "None", "netInterestIncome": "None", "interestIncome": "49000000", "interestExpense": "54000000", "nonInterestIncome": "None", "otherNonOperatingIncome": "-3000000", "depreciation": "None", "depreciationAndAmortization": "44000000", "incomeBeforeTax": "328000000", "incomeTaxExpense": "92000000", "interestAndDebtExpense": "None", "netIncomeFromContinuingOperations": "265090887", "comprehensiveIncomeNetOfTax": "None", "ebit": "405000000", "ebitda": "449000000", "netIncome": "254000000"}, {"fiscalDateEnding": "2014-12-31", "reportedCurrency": "USD", "grossProfit": "671000000", "totalRevenue": "5063000000", "costOfRevenue": "4392000000", "costofGoodsAndServicesSold": "4392000000", "operatingIncome": "-214000000", "sellingGeneralAndAdministrative": "278000000", "researchAndDevelopment": "37000000", "operatingExpenses": "310000000", "investmentIncomeNet": "None", "netInterestIncome": "None", "interestIncome": "None", "interestExpense": "75000000", "nonInterestIncome": "None", "otherNonOperatingIncome": "6000000", "depreciation": "None", "depreciationAndAmortization": "62000000", "incomeBeforeTax": "-283000000", "incomeTaxExpense": "47000000", "interestAndDebtExpense": "None", "netIncomeFromContinuingOperations": "-330000000", "comprehensiveIncomeNetOfTax": "None", "ebit": "-208000000", "ebitda": "-146000000", "netIncome": "-323000000"}, {"fiscalDateEnding": "2013-12-31", "reportedCurrency": "USD", "grossProfit": "766000000", "totalRevenue": "5772000000", "costOfRevenue": "5006000000", "costofGoodsAndServicesSold": "5006000000", "operatingIncome": "164000000", "sellingGeneralAndAdministrative": "442000000", "researchAndDevelopment": "45000000", "operatingExpenses": "442000000", "investmentIncomeNet": "None", "netInterestIncome": "None", "interestIncome": "None", "interestExpense": "83000000", "nonInterestIncome": "None", "otherNonOperatingIncome": "7000000", "depreciation": "None", "depreciationAndAmortization": "81000000", "incomeBeforeTax": "88000000", "incomeTaxExpense": "4000000", "interestAndDebtExpense": "None", "netIncomeFromContinuingOperations": "84000000", "comprehensiveIncomeNetOfTax": "None", "ebit": "171000000", "ebitda": "252000000", "netIncome": "164000000"}, {"fiscalDateEnding": "2012-12-31", "reportedCurrency": "USD", "grossProfit": "1364000000", "totalRevenue": "11173000000", "costOfRevenue": "9809000000", "costofGoodsAndServicesSold": "9809000000", "operatingIncome": "734000000", "sellingGeneralAndAdministrative": "592000000", "researchAndDevelopment": "47000000", "operatingExpenses": "592000000", "investmentIncomeNet": "None", "netInterestIncome": "None", "interestIncome": "None", "interestExpense": "93000000", "nonInterestIncome": "None", "otherNonOperatingIncome": "None", "depreciation": "None", "depreciationAndAmortization": "113000000", "incomeBeforeTax": "658000000", "incomeTaxExpense": "135000000", "interestAndDebtExpense": "None", "netIncomeFromContinuingOperations": "None", "comprehensiveIncomeNetOfTax": "None", "ebit": "751000000", "ebitda": "864000000", "netIncome": "525000000"}, {"fiscalDateEnding": "2011-12-31", "reportedCurrency": "USD", "grossProfit": "981000000", "totalRevenue": "10587000000", "costOfRevenue": "9606000000", "costofGoodsAndServicesSold": "9606000000", "operatingIncome": "311000000", "sellingGeneralAndAdministrative": "670000000", "researchAndDevelopment": "74000000", "operatingExpenses": "670000000", "investmentIncomeNet": "None", "netInterestIncome": "None", "interestIncome": "None", "interestExpense": "114000000", "nonInterestIncome": "None", "otherNonOperatingIncome": "None", "depreciation": "None", "depreciationAndAmortization": "114000000", "incomeBeforeTax": "207000000", "incomeTaxExpense": "215000000", "interestAndDebtExpense": "None", "netIncomeFromContinuingOperations": "None", "comprehensiveIncomeNetOfTax": "None", "ebit": "321000000", "ebitda": "435000000", "netIncome": "59000000"}, {"fiscalDateEnding": "2010-12-31", "reportedCurrency": "USD", "grossProfit": "1485000000", "totalRevenue": "11117000000", "costOfRevenue": "9632000000", "costofGoodsAndServicesSold": "9632000000", "operatingIncome": "958000000", "sellingGeneralAndAdministrative": "527000000", "researchAndDevelopment": "55000000", "operatingExpenses": "527000000", "investmentIncomeNet": "None", "netInterestIncome": "None", "interestIncome": "None", "interestExpense": "79000000", "nonInterestIncome": "None", "otherNonOperatingIncome": "4000000", "depreciation": "None", "depreciationAndAmortization": "111000000", "incomeBeforeTax": "883000000", "incomeTaxExpense": "314000000", "interestAndDebtExpense": "None", "netIncomeFromContinuingOperations": "569000000", "comprehensiveIncomeNetOfTax": "None", "ebit": "962000000", "ebitda": "1073000000", "netIncome": "618000000"}, {"fiscalDateEnding": "2009-12-31", "reportedCurrency": "USD", "grossProfit": "1503000000", "totalRevenue": "10846000000", "costOfRevenue": "9343000000", "costofGoodsAndServicesSold": "9343000000", "operatingIncome": "867000000", "sellingGeneralAndAdministrative": "636000000", "researchAndDevelopment": "49000000", "operatingExpenses": "636000000", "investmentIncomeNet": "None", "netInterestIncome": "None", "interestIncome": "None", "interestExpense": "76000000", "nonInterestIncome": "None", "otherNonOperatingIncome": "None", "depreciation": "None", "depreciationAndAmortization": "93000000", "incomeBeforeTax": "799000000", "incomeTaxExpense": "299000000", "interestAndDebtExpense": "None", "netIncomeFromContinuingOperations": "None", "comprehensiveIncomeNetOfTax": "None", "ebit": "875000000", "ebitda": "968000000", "netIncome": "497000000"}, {"fiscalDateEnding": "2008-12-31", "reportedCurrency": "USD", "grossProfit": "1378000000", "totalRevenue": "10070000000", "costOfRevenue": "8692000000", "costofGoodsAndServicesSold": "8692000000", "operatingIncome": "776000000", "sellingGeneralAndAdministrative": "602000000", "researchAndDevelopment": "46000000", "operatingExpenses": "602000000", "investmentIncomeNet": "None", "netInterestIncome": "None", "interestIncome": "None", "interestExpense": "74000000", "nonInterestIncome": "None", "otherNonOperatingIncome": "None", "depreciation": "None", "depreciationAndAmortization": "89000000", "incomeBeforeTax": "703000000", "incomeTaxExpense": "256000000", "interestAndDebtExpense": "None", "netIncomeFromContinuingOperations": "None", "comprehensiveIncomeNetOfTax": "None", "ebit": "781000000", "ebitda": "870000000", "netIncome": "452000000"}, {"fiscalDateEnding": "2007-12-31", "reportedCurrency": "USD", "grossProfit": "1237000000", "totalRevenue": "8935000000", "costOfRevenue": "7698000000", "costofGoodsAndServicesSold": "7698000000", "operatingIncome": "666000000", "sellingGeneralAndAdministrative": "571000000", "researchAndDevelopment": "49000000", "operatingExpenses": "571000000", "investmentIncomeNet": "None", "netInterestIncome": "None", "interestIncome": "None", "interestExpense": "20000000", "nonInterestIncome": "None", "otherNonOperatingIncome": "None", "depreciation": "None", "depreciationAndAmortization": "80000000", "incomeBeforeTax": "626000000", "incomeTaxExpense": "240000000", "interestAndDebtExpense": "None", "netIncomeFromContinuingOperations": "None", "comprehensiveIncomeNetOfTax": "None", "ebit": "670000000", "ebitda": "750000000", "netIncome": "415000000"}, {"fiscalDateEnding": "2006-12-31", "reportedCurrency": "USD", "grossProfit": "1110000000", "totalRevenue": "8294000000", "costOfRevenue": "7184000000", "costofGoodsAndServicesSold": "7184000000", "operatingIncome": "585000000", "sellingGeneralAndAdministrative": "525000000", "researchAndDevelopment": "34000000", "operatingExpenses": "525000000", "investmentIncomeNet": "None", "netInterestIncome": "None", "interestIncome": "None", "interestExpense": "43000000", "nonInterestIncome": "None", "otherNonOperatingIncome": "None", "depreciation": "None", "depreciationAndAmortization": "72000000", "incomeBeforeTax": "603000000", "incomeTaxExpense": "234000000", "interestAndDebtExpense": "None", "netIncomeFromContinuingOperations": "None", "comprehensiveIncomeNetOfTax": "None", "ebit": "707000000", "ebitda": "779000000", "netIncome": "391000000"}, {"fiscalDateEnding": "2005-12-31", "reportedCurrency": "USD", "grossProfit": "991000000", "totalRevenue": "7792000000", "costOfRevenue": "6801000000", "costofGoodsAndServicesSold": "6801000000", "operatingIncome": "497000000", "sellingGeneralAndAdministrative": "504000000", "researchAndDevelopment": "27000000", "operatingExpenses": "494000000", "investmentIncomeNet": "None", "netInterestIncome": "None", "interestIncome": "None", "interestExpense": "548000000", "nonInterestIncome": "None", "otherNonOperatingIncome": "None", "depreciation": "None", "depreciationAndAmortization": "70000000", "incomeBeforeTax": "484000000", "incomeTaxExpense": "139000000", "interestAndDebtExpense": "None", "netIncomeFromContinuingOperations": "None", "comprehensiveIncomeNetOfTax": "None", "ebit": "468000000", "ebitda": "538000000", "netIncome": "927000000"}], "quarterlyReports": [{"fiscalDateEnding": "2024-12-31", "reportedCurrency": "USD", "grossProfit": "693000000", "totalRevenue": "4365000000", "costOfRevenue": "3672000000", "costofGoodsAndServicesSold": "3672000000", "operatingIncome": "421000000", "sellingGeneralAndAdministrative": "279000000", "researchAndDevelopment": "None", "operatingExpenses": "272000000", "investmentIncomeNet": "None", "netInterestIncome": "-47000000", "interestIncome": "None", "interestExpense": "47000000", "nonInterestIncome": "None", "otherNonOperatingIncome": "None", "depreciation": "None", "depreciationAndAmortization": "-1000000", "incomeBeforeTax": "375000000", "incomeTaxExpense": "93000000", "interestAndDebtExpense": "None", "netIncomeFromContinuingOperations": "282000000", "comprehensiveIncomeNetOfTax": "None", "ebit": "422000000", "ebitda": "421000000", "netIncome": "284000000"}, {"fiscalDateEnding": "2024-09-30", "reportedCurrency": "USD", "grossProfit": "762000000", "totalRevenue": "4190000000", "costOfRevenue": "3428000000", "costofGoodsAndServicesSold": "3428000000", "operatingIncome": "516000000", "sellingGeneralAndAdministrative": "247000000", "researchAndDevelopment": "None", "operatingExpenses": "247000000", "investmentIncomeNet": "None", "netInterestIncome": "-46000000", "interestIncome": "None", "interestExpense": "46000000", "nonInterestIncome": "None", "otherNonOperatingIncome": "None", "depreciation": "None", "depreciationAndAmortization": "71000000", "incomeBeforeTax": "470000000", "incomeTaxExpense": "108000000", "interestAndDebtExpense": "None", "netIncomeFromContinuingOperations": "362000000", "comprehensiveIncomeNetOfTax": "None", "ebit": "519000000", "ebitda": "590000000", "netIncome": "364000000"}, {"fiscalDateEnding": "2024-06-30", "reportedCurrency": "USD", "grossProfit": "705000000", "totalRevenue": "4132000000", "costOfRevenue": "3427000000", "costofGoodsAndServicesSold": "3427000000", "operatingIncome": "474000000", "sellingGeneralAndAdministrative": "231000000", "researchAndDevelopment": "None", "operatingExpenses": "231000000", "investmentIncomeNet": "None", "netInterestIncome": "-51000000", "interestIncome": "None", "interestExpense": "51000000", "nonInterestIncome": "None", "otherNonOperatingIncome": "None", "depreciation": "None", "depreciationAndAmortization": "71000000", "incomeBeforeTax": "426000000", "incomeTaxExpense": "102000000", "interestAndDebtExpense": "None", "netIncomeFromContinuingOperations": "324000000", "comprehensiveIncomeNetOfTax": "None", "ebit": "474000000", "ebitda": "545000000", "netIncome": "322000000"}, {"fiscalDateEnding": "2024-03-31", "reportedCurrency": "USD", "grossProfit": "638000000", "totalRevenue": "3975000000", "costOfRevenue": "3337000000", "costofGoodsAndServicesSold": "3337000000", "operatingIncome": "415000000", "sellingGeneralAndAdministrative": "226000000", "researchAndDevelopment": "None", "operatingExpenses": "226000000", "investmentIncomeNet": "None", "netInterestIncome": "-49000000", "interestIncome": "None", "interestExpense": "49000000", "nonInterestIncome": "None", "otherNonOperatingIncome": "None", "depreciation": "None", "depreciationAndAmortization": "69000000", "incomeBeforeTax": "368000000", "incomeTaxExpense": "85000000", "interestAndDebtExpense": "None", "netIncomeFromContinuingOperations": "283000000", "comprehensiveIncomeNetOfTax": "None", "ebit": "414000000", "ebitda": "483000000", "netIncome": "284000000"}, {"fiscalDateEnding": "2023-12-31", "reportedCurrency": "USD", "grossProfit": "595000000", "totalRevenue": "3980000000", "costOfRevenue": "3385000000", "costofGoodsAndServicesSold": "3385000000", "operatingIncome": "361000000", "sellingGeneralAndAdministrative": "226000000", "researchAndDevelopment": "128000000", "operatingExpenses": "233000000", "investmentIncomeNet": "None", "netInterestIncome": "-49000000", "interestIncome": "None", "interestExpense": "49000000", "nonInterestIncome": "None", "otherNonOperatingIncome": "None", "depreciation": "None", "depreciationAndAmortization": "83000000", "incomeBeforeTax": "310000000", "incomeTaxExpense": "80000000", "interestAndDebtExpense": "None", "netIncomeFromContinuingOperations": "283000000", "comprehensiveIncomeNetOfTax": "None", "ebit": "356000000", "ebitda": "439000000", "netIncome": "229000000"}, {"fiscalDateEnding": "2023-09-30", "reportedCurrency": "USD", "grossProfit": "587000000", "totalRevenue": "3921000000", "costOfRevenue": "3334000000", "costofGoodsAndServicesSold": "3334000000", "operatingIncome": "-336000000", "sellingGeneralAndAdministrative": "239000000", "researchAndDevelopment": "None", "operatingExpenses": "239000000", "investmentIncomeNet": "None", "netInterestIncome": "-53000000", "interestIncome": "None", "interestExpense": "53000000", "nonInterestIncome": "None", "otherNonOperatingIncome": "None", "depreciation": "None", "depreciationAndAmortization": "82000000", "incomeBeforeTax": "-388000000", "incomeTaxExpense": "-8000000", "interestAndDebtExpense": "None", "netIncomeFromContinuingOperations": "-396000000", "comprehensiveIncomeNetOfTax": "None", "ebit": "-338000000", "ebitda": "-256000000", "netIncome": "-399000000"}, {"fiscalDateEnding": "2023-06-30", "reportedCurrency": "USD", "grossProfit": "567000000", "totalRevenue": "3838000000", "costOfRevenue": "3271000000", "costofGoodsAndServicesSold": "3271000000", "operatingIncome": "331000000", "sellingGeneralAndAdministrative": "239000000", "researchAndDevelopment": "None", "operatingExpenses": "237000000", "investmentIncomeNet": "None", "netInterestIncome": "-53000000", "interestIncome": "None", "interestExpense": "56000000", "nonInterestIncome": "None", "otherNonOperatingIncome": "None", "depreciation": "None", "depreciationAndAmortization": "84000000", "incomeBeforeTax": "274000000", "incomeTaxExpense": "64000000", "interestAndDebtExpense": "None", "netIncomeFromContinuingOperations": "-396000000", "comprehensiveIncomeNetOfTax": "None", "ebit": "336000000", "ebitda": "420000000", "netIncome": "207000000"}, {"fiscalDateEnding": "2023-03-31", "reportedCurrency": "USD", "grossProfit": "495000000", "totalRevenue": "3699000000", "costOfRevenue": "3204000000", "costofGoodsAndServicesSold": "3204000000", "operatingIncome": "265000000", "sellingGeneralAndAdministrative": "237000000", "researchAndDevelopment": "None", "operatingExpenses": "233000000", "investmentIncomeNet": "None", "netInterestIncome": "-56000000", "interestIncome": "None", "interestExpense": "54000000", "nonInterestIncome": "None", "otherNonOperatingIncome": "None", "depreciation": "None", "depreciationAndAmortization": "82000000", "incomeBeforeTax": "207000000", "incomeTaxExpense": "43000000", "interestAndDebtExpense": "None", "netIncomeFromContinuingOperations": "210000000", "comprehensiveIncomeNetOfTax": "None", "ebit": "257000000", "ebitda": "339000000", "netIncome": "162000000"}, {"fiscalDateEnding": "2022-12-31", "reportedCurrency": "USD", "grossProfit": "521000000", "totalRevenue": "3697000000", "costOfRevenue": "3176000000", "costofGoodsAndServicesSold": "3176000000", "operatingIncome": "265000000", "sellingGeneralAndAdministrative": "233000000", "researchAndDevelopment": "116000000", "operatingExpenses": "223000000", "investmentIncomeNet": "None", "netInterestIncome": "-54000000", "interestIncome": "None", "interestExpense": "51000000", "nonInterestIncome": "None", "otherNonOperatingIncome": "None", "depreciation": "None", "depreciationAndAmortization": "84000000", "incomeBeforeTax": "218000000", "incomeTaxExpense": "38000000", "interestAndDebtExpense": "None", "netIncomeFromContinuingOperations": "164000000", "comprehensiveIncomeNetOfTax": "None", "ebit": "269000000", "ebitda": "353000000", "netIncome": "177000000"}, {"fiscalDateEnding": "2022-09-30", "reportedCurrency": "USD", "grossProfit": "513000000", "totalRevenue": "3608000000", "costOfRevenue": "3095000000", "costofGoodsAndServicesSold": "3095000000", "operatingIncome": "281000000", "sellingGeneralAndAdministrative": "223000000", "researchAndDevelopment": "None", "operatingExpenses": "233000000", "investmentIncomeNet": "None", "netInterestIncome": "-51000000", "interestIncome": "None", "interestExpense": "50000000", "nonInterestIncome": "None", "otherNonOperatingIncome": "None", "depreciation": "None", "depreciationAndAmortization": "81000000", "incomeBeforeTax": "221000000", "incomeTaxExpense": "57000000", "interestAndDebtExpense": "None", "netIncomeFromContinuingOperations": "180000000", "comprehensiveIncomeNetOfTax": "None", "ebit": "269000000", "ebitda": "350000000", "netIncome": "162000000"}, {"fiscalDateEnding": "2022-06-30", "reportedCurrency": "USD", "grossProfit": "538000000", "totalRevenue": "3597000000", "costOfRevenue": "3059000000", "costofGoodsAndServicesSold": "3059000000", "operatingIncome": "271000000", "sellingGeneralAndAdministrative": "233000000", "researchAndDevelopment": "None", "operatingExpenses": "262000000", "investmentIncomeNet": "None", "netInterestIncome": "-50000000", "interestIncome": "None", "interestExpense": "50000000", "nonInterestIncome": "None", "otherNonOperatingIncome": "None", "depreciation": "None", "depreciationAndAmortization": "83000000", "incomeBeforeTax": "225000000", "incomeTaxExpense": "53000000", "interestAndDebtExpense": "None", "netIncomeFromContinuingOperations": "164000000", "comprehensiveIncomeNetOfTax": "None", "ebit": "270000000", "ebitda": "353000000", "netIncome": "171000000"}, {"fiscalDateEnding": "2022-03-31", "reportedCurrency": "USD", "grossProfit": "512000000", "totalRevenue": "3494000000", "costOfRevenue": "2982000000", "costofGoodsAndServicesSold": "2982000000", "operatingIncome": "271000000", "sellingGeneralAndAdministrative": "260000000", "researchAndDevelopment": "None", "operatingExpenses": "236000000", "investmentIncomeNet": "None", "netInterestIncome": "-50000000", "interestIncome": "None", "interestExpense": "48000000", "nonInterestIncome": "None", "otherNonOperatingIncome": "None", "depreciation": "None", "depreciationAndAmortization": "85000000", "incomeBeforeTax": "222000000", "incomeTaxExpense": "45000000", "interestAndDebtExpense": "None", "netIncomeFromContinuingOperations": "172000000", "comprehensiveIncomeNetOfTax": "None", "ebit": "264000000", "ebitda": "349000000", "netIncome": "175000000"}, {"fiscalDateEnding": "2021-12-31", "reportedCurrency": "USD", "grossProfit": "508000000", "totalRevenue": "3491000000", "costOfRevenue": "2983000000", "costofGoodsAndServicesSold": "2983000000", "operatingIncome": "270000000", "sellingGeneralAndAdministrative": "236000000", "researchAndDevelopment": "109000000", "operatingExpenses": "235000000", "investmentIncomeNet": "None", "netInterestIncome": "-48000000", "interestIncome": "None", "interestExpense": "46000000", "nonInterestIncome": "None", "otherNonOperatingIncome": "None", "depreciation": "None", "depreciationAndAmortization": "81000000", "incomeBeforeTax": "222000000", "incomeTaxExpense": "46000000", "interestAndDebtExpense": "None", "netIncomeFromContinuingOperations": "177000000", "comprehensiveIncomeNetOfTax": "None", "ebit": "273000000", "ebitda": "354000000", "netIncome": "174000000"}, {"fiscalDateEnding": "2021-09-30", "reportedCurrency": "USD", "grossProfit": "541000000", "totalRevenue": "3483000000", "costOfRevenue": "2942000000", "costofGoodsAndServicesSold": "2942000000", "operatingIncome": "305000000", "sellingGeneralAndAdministrative": "235000000", "researchAndDevelopment": "None", "operatingExpenses": "233000000", "investmentIncomeNet": "None", "netInterestIncome": "-46000000", "interestIncome": "None", "interestExpense": "47000000", "nonInterestIncome": "None", "otherNonOperatingIncome": "None", "depreciation": "None", "depreciationAndAmortization": "87000000", "incomeBeforeTax": "260000000", "incomeTaxExpense": "52000000", "interestAndDebtExpense": "None", "netIncomeFromContinuingOperations": "176000000", "comprehensiveIncomeNetOfTax": "None", "ebit": "302000000", "ebitda": "389000000", "netIncome": "205000000"}, {"fiscalDateEnding": "2021-06-30", "reportedCurrency": "USD", "grossProfit": "498000000", "totalRevenue": "3448000000", "costOfRevenue": "2950000000", "costofGoodsAndServicesSold": "2950000000", "operatingIncome": "269000000", "sellingGeneralAndAdministrative": "233000000", "researchAndDevelopment": "None", "operatingExpenses": "224000000", "investmentIncomeNet": "None", "netInterestIncome": "-47000000", "interestIncome": "None", "interestExpense": "46000000", "nonInterestIncome": "None", "otherNonOperatingIncome": "None", "depreciation": "None", "depreciationAndAmortization": "80000000", "incomeBeforeTax": "223000000", "incomeTaxExpense": "53000000", "interestAndDebtExpense": "None", "netIncomeFromContinuingOperations": "208000000", "comprehensiveIncomeNetOfTax": "None", "ebit": "269000000", "ebitda": "349000000", "netIncome": "169000000"}, {"fiscalDateEnding": "2021-03-31", "reportedCurrency": "USD", "grossProfit": "467000000", "totalRevenue": "3315000000", "costOfRevenue": "2848000000", "costofGoodsAndServicesSold": "2848000000", "operatingIncome": "308000000", "sellingGeneralAndAdministrative": "224000000", "researchAndDevelopment": "None", "operatingExpenses": "159000000", "investmentIncomeNet": "None", "netInterestIncome": "-46000000", "interestIncome": "None", "interestExpense": "45000000", "nonInterestIncome": "None", "otherNonOperatingIncome": "None", "depreciation": "None", "depreciationAndAmortization": "77000000", "incomeBeforeTax": "262000000", "incomeTaxExpense": "57000000", "interestAndDebtExpense": "None", "netIncomeFromContinuingOperations": "170000000", "comprehensiveIncomeNetOfTax": "None", "ebit": "302000000", "ebitda": "379000000", "netIncome": "205000000"}, {"fiscalDateEnding": "2020-12-31", "reportedCurrency": "USD", "grossProfit": "491000000", "totalRevenue": "3252000000", "costOfRevenue": "2761000000", "costofGoodsAndServicesSold": "2761000000", "operatingIncome": "299000000", "sellingGeneralAndAdministrative": "197000000", "researchAndDevelopment": "73000000", "operatingExpenses": "187000000", "investmentIncomeNet": "None", "netInterestIncome": "-45000000", "interestIncome": "None", "interestExpense": "46000000", "nonInterestIncome": "None", "otherNonOperatingIncome": "-8000000", "depreciation": "None", "depreciationAndAmortization": "68000000", "incomeBeforeTax": "245000000", "incomeTaxExpense": "48000000", "interestAndDebtExpense": "None", "netIncomeFromContinuingOperations": "197000000", "comprehensiveIncomeNetOfTax": "None", "ebit": "314000000", "ebitda": "382000000", "netIncome": "197000000"}, {"fiscalDateEnding": "2020-09-30", "reportedCurrency": "USD", "grossProfit": "468000000", "totalRevenue": "3242000000", "costOfRevenue": "2774000000", "costofGoodsAndServicesSold": "2774000000", "operatingIncome": "258000000", "sellingGeneralAndAdministrative": "200000000", "researchAndDevelopment": "None", "operatingExpenses": "200000000", "investmentIncomeNet": "None", "netInterestIncome": "-46000000", "interestIncome": "None", "interestExpense": "44000000", "nonInterestIncome": "None", "otherNonOperatingIncome": "None", "depreciation": "None", "depreciationAndAmortization": "82000000", "incomeBeforeTax": "214000000", "incomeTaxExpense": "51000000", "interestAndDebtExpense": "None", "netIncomeFromContinuingOperations": "197000000", "comprehensiveIncomeNetOfTax": "None", "ebit": "258000000", "ebitda": "340000000", "netIncome": "163000000"}, {"fiscalDateEnding": "2020-06-30", "reportedCurrency": "USD", "grossProfit": "383000000", "totalRevenue": "2914000000", "costOfRevenue": "2531000000", "costofGoodsAndServicesSold": "2531000000", "operatingIncome": "249000000", "sellingGeneralAndAdministrative": "114000000", "researchAndDevelopment": "None", "operatingExpenses": "195000000", "investmentIncomeNet": "None", "netInterestIncome": "-44000000", "interestIncome": "None", "interestExpense": "41000000", "nonInterestIncome": "None", "otherNonOperatingIncome": "-16000000", "depreciation": "None", "depreciationAndAmortization": "71000000", "incomeBeforeTax": "192000000", "incomeTaxExpense": "38000000", "interestAndDebtExpense": "None", "netIncomeFromContinuingOperations": "154000000", "comprehensiveIncomeNetOfTax": "None", "ebit": "233000000", "ebitda": "304000000", "netIncome": "153000000"}, {"fiscalDateEnding": "2020-03-31", "reportedCurrency": "USD", "grossProfit": "395000000", "totalRevenue": "2889000000", "costOfRevenue": "2494000000", "costofGoodsAndServicesSold": "2494000000", "operatingIncome": "192000000", "sellingGeneralAndAdministrative": "197000000", "researchAndDevelopment": "None", "operatingExpenses": "197000000", "investmentIncomeNet": "None", "netInterestIncome": "-41000000", "interestIncome": "None", "interestExpense": "48000000", "nonInterestIncome": "None", "otherNonOperatingIncome": "-14000000", "depreciation": "None", "depreciationAndAmortization": "61000000", "incomeBeforeTax": "130000000", "incomeTaxExpense": "15000000", "interestAndDebtExpense": "None", "netIncomeFromContinuingOperations": "115000000", "comprehensiveIncomeNetOfTax": "None", "ebit": "178000000", "ebitda": "239000000", "netIncome": "115000000"}, {"fiscalDateEnding": "2019-12-31", "reportedCurrency": "USD", "grossProfit": "427000000", "totalRevenue": "2954000000", "costOfRevenue": "2527000000", "costofGoodsAndServicesSold": "2527000000", "operatingIncome": "261000000", "sellingGeneralAndAdministrative": "166000000", "researchAndDevelopment": "49000000", "operatingExpenses": "171000000", "investmentIncomeNet": "None", "netInterestIncome": "-48000000", "interestIncome": "None", "interestExpense": "34000000", "nonInterestIncome": "None", "otherNonOperatingIncome": "None", "depreciation": "None", "depreciationAndAmortization": "60000000", "incomeBeforeTax": "227000000", "incomeTaxExpense": "46000000", "interestAndDebtExpense": "None", "netIncomeFromContinuingOperations": "181000000", "comprehensiveIncomeNetOfTax": "None", "ebit": "248000000", "ebitda": "308000000", "netIncome": "181000000"}, {"fiscalDateEnding": "2019-09-30", "reportedCurrency": "USD", "grossProfit": "385000000", "totalRevenue": "2835000000", "costOfRevenue": "2450000000", "costofGoodsAndServicesSold": "2450000000", "operatingIncome": "249000000", "sellingGeneralAndAdministrative": "142000000", "researchAndDevelopment": "None", "operatingExpenses": "177000000", "investmentIncomeNet": "None", "netInterestIncome": "-34000000", "interestIncome": "None", "interestExpense": "28000000", "nonInterestIncome": "None", "otherNonOperatingIncome": "-7000000", "depreciation": "None", "depreciationAndAmortization": "59000000", "incomeBeforeTax": "214000000", "incomeTaxExpense": "52000000", "interestAndDebtExpense": "None", "netIncomeFromContinuingOperations": "181000000", "comprehensiveIncomeNetOfTax": "None", "ebit": "244000000", "ebitda": "303000000", "netIncome": "161000000"}, {"fiscalDateEnding": "2019-06-30", "reportedCurrency": "USD", "grossProfit": "380000000", "totalRevenue": "2728000000", "costOfRevenue": "2348000000", "costofGoodsAndServicesSold": "2348000000", "operatingIncome": "210000000", "sellingGeneralAndAdministrative": "175000000", "researchAndDevelopment": "None", "operatingExpenses": "175000000", "investmentIncomeNet": "None", "netInterestIncome": "-33000000", "interestIncome": "None", "interestExpense": "33000000", "nonInterestIncome": "None", "otherNonOperatingIncome": "2000000", "depreciation": "None", "depreciationAndAmortization": "57000000", "incomeBeforeTax": "179000000", "incomeTaxExpense": "41000000", "interestAndDebtExpense": "None", "netIncomeFromContinuingOperations": "138000000", "comprehensiveIncomeNetOfTax": "None", "ebit": "214000000", "ebitda": "271000000", "netIncome": "136000000"}, {"fiscalDateEnding": "2019-03-31", "reportedCurrency": "None", "grossProfit": "356000000", "totalRevenue": "2577000000", "costOfRevenue": "2221000000", "costofGoodsAndServicesSold": "2221000000", "operatingIncome": "192000000", "sellingGeneralAndAdministrative": "166000000", "researchAndDevelopment": "None", "operatingExpenses": "166000000", "investmentIncomeNet": "None", "netInterestIncome": "None", "interestIncome": "None", "interestExpense": "38000000", "nonInterestIncome": "None", "otherNonOperatingIncome": "None", "depreciation": "None", "depreciationAndAmortization": "58000000", "incomeBeforeTax": "246000000", "incomeTaxExpense": "57000000", "interestAndDebtExpense": "None", "netIncomeFromContinuingOperations": "None", "comprehensiveIncomeNetOfTax": "None", "ebit": "286000000", "ebitda": "344000000", "netIncome": "189000000"}, {"fiscalDateEnding": "2018-12-31", "reportedCurrency": "USD", "grossProfit": "369000000", "totalRevenue": "2647000000", "costOfRevenue": "2278000000", "costofGoodsAndServicesSold": "2278000000", "operatingIncome": "188000000", "sellingGeneralAndAdministrative": "182000000", "researchAndDevelopment": "46000000", "operatingExpenses": "182000000", "investmentIncomeNet": "None", "netInterestIncome": "-38000000", "interestIncome": "None", "interestExpense": "34000000", "nonInterestIncome": "None", "otherNonOperatingIncome": "92000000", "depreciation": "None", "depreciationAndAmortization": "64000000", "incomeBeforeTax": "150000000", "incomeTaxExpense": "-38000000", "interestAndDebtExpense": "None", "netIncomeFromContinuingOperations": "189000000", "comprehensiveIncomeNetOfTax": "None", "ebit": "191000000", "ebitda": "255000000", "netIncome": "188000000"}, {"fiscalDateEnding": "2018-09-30", "reportedCurrency": "USD", "grossProfit": "401000000", "totalRevenue": "2575000000", "costOfRevenue": "2174000000", "costofGoodsAndServicesSold": "2174000000", "operatingIncome": "203000000", "sellingGeneralAndAdministrative": "195000000", "researchAndDevelopment": "46000000", "operatingExpenses": "195000000", "investmentIncomeNet": "None", "netInterestIncome": "None", "interestIncome": "None", "interestExpense": "35000000", "nonInterestIncome": "None", "otherNonOperatingIncome": "-4000000", "depreciation": "None", "depreciationAndAmortization": "64000000", "incomeBeforeTax": "170000000", "incomeTaxExpense": "23000000", "interestAndDebtExpense": "None", "netIncomeFromContinuingOperations": "188000000", "comprehensiveIncomeNetOfTax": "None", "ebit": "202000000", "ebitda": "266000000", "netIncome": "147000000"}, {"fiscalDateEnding": "2018-06-30", "reportedCurrency": "None", "grossProfit": "377000000", "totalRevenue": "2529000000", "costOfRevenue": "2152000000", "costofGoodsAndServicesSold": "2152000000", "operatingIncome": "199000000", "sellingGeneralAndAdministrative": "174000000", "researchAndDevelopment": "None", "operatingExpenses": "174000000", "investmentIncomeNet": "None", "netInterestIncome": "None", "interestIncome": "None", "interestExpense": "35000000", "nonInterestIncome": "None", "otherNonOperatingIncome": "None", "depreciation": "None", "depreciationAndAmortization": "66000000", "incomeBeforeTax": "165000000", "incomeTaxExpense": "20000000", "interestAndDebtExpense": "None", "netIncomeFromContinuingOperations": "None", "comprehensiveIncomeNetOfTax": "None", "ebit": "198000000", "ebitda": "264000000", "netIncome": "144000000"}, {"fiscalDateEnding": "2018-03-31", "reportedCurrency": "USD", "grossProfit": "357000000", "totalRevenue": "2443000000", "costOfRevenue": "2086000000", "costofGoodsAndServicesSold": "2086000000", "operatingIncome": "159000000", "sellingGeneralAndAdministrative": "178000000", "researchAndDevelopment": "0", "operatingExpenses": "178000000", "investmentIncomeNet": "None", "netInterestIncome": "None", "interestIncome": "None", "interestExpense": "34000000", "nonInterestIncome": "None", "otherNonOperatingIncome": "1000000", "depreciation": "None", "depreciationAndAmortization": "63000000", "incomeBeforeTax": "125000000", "incomeTaxExpense": "23000000", "interestAndDebtExpense": "None", "netIncomeFromContinuingOperations": "145000000", "comprehensiveIncomeNetOfTax": "None", "ebit": "159000000", "ebitda": "222000000", "netIncome": "102000000"}, {"fiscalDateEnding": "2017-12-31", "reportedCurrency": "USD", "grossProfit": "285000000", "totalRevenue": "2516000000", "costOfRevenue": "2231000000", "costofGoodsAndServicesSold": "2231000000", "operatingIncome": "101000000", "sellingGeneralAndAdministrative": "134000000", "researchAndDevelopment": "42000000", "operatingExpenses": "135000000", "investmentIncomeNet": "None", "netInterestIncome": "None", "interestIncome": "None", "interestExpense": "38000000", "nonInterestIncome": "None", "otherNonOperatingIncome": "None", "depreciation": "None", "depreciationAndAmortization": "82000000", "incomeBeforeTax": "34000000", "incomeTaxExpense": "-79000000", "interestAndDebtExpense": "None", "netIncomeFromContinuingOperations": "102000000", "comprehensiveIncomeNetOfTax": "None", "ebit": "71000000", "ebitda": "153000000", "netIncome": "114000000"}, {"fiscalDateEnding": "2017-09-30", "reportedCurrency": "USD", "grossProfit": "314000000", "totalRevenue": "2503000000", "costOfRevenue": "2189000000", "costofGoodsAndServicesSold": "2189000000", "operatingIncome": "151000000", "sellingGeneralAndAdministrative": "141000000", "researchAndDevelopment": "42000000", "operatingExpenses": "141000000", "investmentIncomeNet": "None", "netInterestIncome": "None", "interestIncome": "None", "interestExpense": "36000000", "nonInterestIncome": "None", "otherNonOperatingIncome": "-29000000", "depreciation": "None", "depreciationAndAmortization": "92000000", "incomeBeforeTax": "116000000", "incomeTaxExpense": "37000000", "interestAndDebtExpense": "None", "netIncomeFromContinuingOperations": "113000000", "comprehensiveIncomeNetOfTax": "None", "ebit": "151000000", "ebitda": "243000000", "netIncome": "82000000"}, {"fiscalDateEnding": "2017-06-30", "reportedCurrency": "USD", "grossProfit": "338000000", "totalRevenue": "2571000000", "costOfRevenue": "2233000000", "costofGoodsAndServicesSold": "2233000000", "operatingIncome": "166000000", "sellingGeneralAndAdministrative": "143000000", "researchAndDevelopment": "0", "operatingExpenses": "143000000", "investmentIncomeNet": "None", "netInterestIncome": "None", "interestIncome": "None", "interestExpense": "36000000", "nonInterestIncome": "None", "otherNonOperatingIncome": "1000000", "depreciation": "None", "depreciationAndAmortization": "80000000", "incomeBeforeTax": "135000000", "incomeTaxExpense": "37000000", "interestAndDebtExpense": "None", "netIncomeFromContinuingOperations": "79000000", "comprehensiveIncomeNetOfTax": "None", "ebit": "171000000", "ebitda": "251000000", "netIncome": "98000000"}, {"fiscalDateEnding": "2017-03-31", "reportedCurrency": "USD", "grossProfit": "310000000", "totalRevenue": "2580000000", "costOfRevenue": "2270000000", "costofGoodsAndServicesSold": "2270000000", "operatingIncome": "141000000", "sellingGeneralAndAdministrative": "144000000", "researchAndDevelopment": "0", "operatingExpenses": "144000000", "investmentIncomeNet": "None", "netInterestIncome": "None", "interestIncome": "None", "interestExpense": "38000000", "nonInterestIncome": "None", "otherNonOperatingIncome": "5000000", "depreciation": "None", "depreciationAndAmortization": "82000000", "incomeBeforeTax": "108000000", "incomeTaxExpense": "34000000", "interestAndDebtExpense": "None", "netIncomeFromContinuingOperations": "98000000", "comprehensiveIncomeNetOfTax": "None", "ebit": "147000000", "ebitda": "229000000", "netIncome": "72000000"}, {"fiscalDateEnding": "2016-12-31", "reportedCurrency": "USD", "grossProfit": "309000000", "totalRevenue": "2575000000", "costOfRevenue": "2266000000", "costofGoodsAndServicesSold": "2266000000", "operatingIncome": "152000000", "sellingGeneralAndAdministrative": "133000000", "researchAndDevelopment": "44000000", "operatingExpenses": "131000000", "investmentIncomeNet": "None", "netInterestIncome": "None", "interestIncome": "None", "interestExpense": "39000000", "nonInterestIncome": "None", "otherNonOperatingIncome": "5000000", "depreciation": "None", "depreciationAndAmortization": "68000000", "incomeBeforeTax": "105000000", "incomeTaxExpense": "45000000", "interestAndDebtExpense": "None", "netIncomeFromContinuingOperations": "74000000", "comprehensiveIncomeNetOfTax": "None", "ebit": "144000000", "ebitda": "212000000", "netIncome": "59000000"}, {"fiscalDateEnding": "2016-09-30", "reportedCurrency": "USD", "grossProfit": "238000000", "totalRevenue": "1868000000", "costOfRevenue": "1630000000", "costofGoodsAndServicesSold": "1630000000", "operatingIncome": "101000000", "sellingGeneralAndAdministrative": "87000000", "researchAndDevelopment": "44000000", "operatingExpenses": "87000000", "investmentIncomeNet": "None", "netInterestIncome": "None", "interestIncome": "None", "interestExpense": "28000000", "nonInterestIncome": "None", "otherNonOperatingIncome": "-3000000", "depreciation": "None", "depreciationAndAmortization": "37000000", "incomeBeforeTax": "75000000", "incomeTaxExpense": "-17000000", "interestAndDebtExpense": "None", "netIncomeFromContinuingOperations": "64000000", "comprehensiveIncomeNetOfTax": "None", "ebit": "104000000", "ebitda": "141000000", "netIncome": "91000000"}, {"fiscalDateEnding": "2016-06-30", "reportedCurrency": "USD", "grossProfit": "147000000", "totalRevenue": "1288000000", "costOfRevenue": "1141000000", "costofGoodsAndServicesSold": "1141000000", "operatingIncome": "75000000", "sellingGeneralAndAdministrative": "57000000", "researchAndDevelopment": "0", "operatingExpenses": "57000000", "investmentIncomeNet": "None", "netInterestIncome": "None", "interestIncome": "None", "interestExpense": "13000000", "nonInterestIncome": "None", "otherNonOperatingIncome": "2000000", "depreciation": "None", "depreciationAndAmortization": "9000000", "incomeBeforeTax": "60000000", "incomeTaxExpense": "19000000", "interestAndDebtExpense": "None", "netIncomeFromContinuingOperations": "92000000", "comprehensiveIncomeNetOfTax": "None", "ebit": "75000000", "ebitda": "84000000", "netIncome": "41000000"}, {"fiscalDateEnding": "2016-03-31", "reportedCurrency": "USD", "grossProfit": "158000000", "totalRevenue": "1312000000", "costOfRevenue": "1154000000", "costofGoodsAndServicesSold": "1154000000", "operatingIncome": "89000000", "sellingGeneralAndAdministrative": "60000000", "researchAndDevelopment": "0", "operatingExpenses": "60000000", "investmentIncomeNet": "None", "netInterestIncome": "None", "interestIncome": "None", "interestExpense": "11000000", "nonInterestIncome": "None", "otherNonOperatingIncome": "None", "depreciation": "None", "depreciationAndAmortization": "8000000", "incomeBeforeTax": "78000000", "incomeTaxExpense": "29000000", "interestAndDebtExpense": "None", "netIncomeFromContinuingOperations": "49000000", "comprehensiveIncomeNetOfTax": "None", "ebit": "89000000", "ebitda": "97000000", "netIncome": "49000000"}, {"fiscalDateEnding": "2015-12-31", "reportedCurrency": "None", "grossProfit": "157000000", "totalRevenue": "1281000000", "costOfRevenue": "1124000000", "costofGoodsAndServicesSold": "1124000000", "operatingIncome": "102000000", "sellingGeneralAndAdministrative": "None", "researchAndDevelopment": "8000000", "operatingExpenses": "53000000", "investmentIncomeNet": "None", "netInterestIncome": "None", "interestIncome": "None", "interestExpense": "12000000", "nonInterestIncome": "None", "otherNonOperatingIncome": "None", "depreciation": "None", "depreciationAndAmortization": "9000000", "incomeBeforeTax": "173000000", "incomeTaxExpense": "46000000", "interestAndDebtExpense": "None", "netIncomeFromContinuingOperations": "None", "comprehensiveIncomeNetOfTax": "None", "ebit": "106000000", "ebitda": "115000000", "netIncome": "127000000"}, {"fiscalDateEnding": "2015-09-30", "reportedCurrency": "USD", "grossProfit": "164000000", "totalRevenue": "1302000000", "costOfRevenue": "1138000000", "costofGoodsAndServicesSold": "1138000000", "operatingIncome": "94000000", "sellingGeneralAndAdministrative": "66000000", "researchAndDevelopment": "9000000", "operatingExpenses": "53000000", "investmentIncomeNet": "None", "netInterestIncome": "None", "interestIncome": "None", "interestExpense": "14000000", "nonInterestIncome": "None", "otherNonOperatingIncome": "None", "depreciation": "None", "depreciationAndAmortization": "11000000", "incomeBeforeTax": "80000000", "incomeTaxExpense": "31000000", "interestAndDebtExpense": "None", "netIncomeFromContinuingOperations": "49000000", "comprehensiveIncomeNetOfTax": "None", "ebit": "94000000", "ebitda": "105000000", "netIncome": "49000000"}, {"fiscalDateEnding": "2015-06-30", "reportedCurrency": "USD", "grossProfit": "144000000", "totalRevenue": "1257000000", "costOfRevenue": "1113000000", "costofGoodsAndServicesSold": "1113000000", "operatingIncome": "64000000", "sellingGeneralAndAdministrative": "51000000", "researchAndDevelopment": "11000000", "operatingExpenses": "51000000", "investmentIncomeNet": "None", "netInterestIncome": "None", "interestIncome": "None", "interestExpense": "14000000", "nonInterestIncome": "None", "otherNonOperatingIncome": "2000000", "depreciation": "None", "depreciationAndAmortization": "12000000", "incomeBeforeTax": "52000000", "incomeTaxExpense": "15000000", "interestAndDebtExpense": "None", "netIncomeFromContinuingOperations": "37000000", "comprehensiveIncomeNetOfTax": "None", "ebit": "66000000", "ebitda": "78000000", "netIncome": "37000000"}, {"fiscalDateEnding": "2015-03-31", "reportedCurrency": "USD", "grossProfit": "153000000", "totalRevenue": "1246000000", "costOfRevenue": "1093000000", "costofGoodsAndServicesSold": "1093000000", "operatingIncome": "38000000", "sellingGeneralAndAdministrative": "75000000", "researchAndDevelopment": "10000000", "operatingExpenses": "75000000", "investmentIncomeNet": "None", "netInterestIncome": "None", "interestIncome": "None", "interestExpense": "14000000", "nonInterestIncome": "None", "otherNonOperatingIncome": "-1000000", "depreciation": "None", "depreciationAndAmortization": "12000000", "incomeBeforeTax": "23000000", "incomeTaxExpense": "22000000", "interestAndDebtExpense": "None", "netIncomeFromContinuingOperations": "23000000", "comprehensiveIncomeNetOfTax": "None", "ebit": "37000000", "ebitda": "49000000", "netIncome": "41000000"}, {"fiscalDateEnding": "2014-12-31", "reportedCurrency": "USD", "grossProfit": "152000000", "totalRevenue": "1169000000", "costOfRevenue": "1017000000", "costofGoodsAndServicesSold": "1017000000", "operatingIncome": "37000000", "sellingGeneralAndAdministrative": "73000000", "researchAndDevelopment": "8000000", "operatingExpenses": "71000000", "investmentIncomeNet": "None", "netInterestIncome": "None", "interestIncome": "None", "interestExpense": "17000000", "nonInterestIncome": "None", "otherNonOperatingIncome": "4000000", "depreciation": "None", "depreciationAndAmortization": "12000000", "incomeBeforeTax": "24000000", "incomeTaxExpense": "-2000000", "interestAndDebtExpense": "None", "netIncomeFromContinuingOperations": "25000000", "comprehensiveIncomeNetOfTax": "None", "ebit": "41000000", "ebitda": "53000000", "netIncome": "44000000"}, {"fiscalDateEnding": "2014-09-30", "reportedCurrency": "USD", "grossProfit": "161000000", "totalRevenue": "1276000000", "costOfRevenue": "1115000000", "costofGoodsAndServicesSold": "1115000000", "operatingIncome": "72000000", "sellingGeneralAndAdministrative": "72000000", "researchAndDevelopment": "9000000", "operatingExpenses": "72000000", "investmentIncomeNet": "None", "netInterestIncome": "None", "interestIncome": "None", "interestExpense": "18000000", "nonInterestIncome": "None", "otherNonOperatingIncome": "None", "depreciation": "None", "depreciationAndAmortization": "16000000", "incomeBeforeTax": "54000000", "incomeTaxExpense": "16000000", "interestAndDebtExpense": "None", "netIncomeFromContinuingOperations": "38000000", "comprehensiveIncomeNetOfTax": "None", "ebit": "56000000", "ebitda": "72000000", "netIncome": "34000000"}, {"fiscalDateEnding": "2014-06-30", "reportedCurrency": "USD", "grossProfit": "187000000", "totalRevenue": "1306000000", "costOfRevenue": "1119000000", "costofGoodsAndServicesSold": "1119000000", "operatingIncome": "-410000000", "sellingGeneralAndAdministrative": "87000000", "researchAndDevelopment": "10000000", "operatingExpenses": "87000000", "investmentIncomeNet": "None", "netInterestIncome": "None", "interestIncome": "None", "interestExpense": "20000000", "nonInterestIncome": "None", "otherNonOperatingIncome": "None", "depreciation": "None", "depreciationAndAmortization": "15000000", "incomeBeforeTax": "-430000000", "incomeTaxExpense": "9000000", "interestAndDebtExpense": "None", "netIncomeFromContinuingOperations": "-439000000", "comprehensiveIncomeNetOfTax": "None", "ebit": "-410000000", "ebitda": "-395000000", "netIncome": "-438000000"}, {"fiscalDateEnding": "2014-03-31", "reportedCurrency": "USD", "grossProfit": "173000000", "totalRevenue": "1320000000", "costOfRevenue": "1147000000", "costofGoodsAndServicesSold": "1147000000", "operatingIncome": "89000000", "sellingGeneralAndAdministrative": "84000000", "researchAndDevelopment": "10000000", "operatingExpenses": "83000000", "investmentIncomeNet": "None", "netInterestIncome": "None", "interestIncome": "None", "interestExpense": "20000000", "nonInterestIncome": "None", "otherNonOperatingIncome": "2000000", "depreciation": "None", "depreciationAndAmortization": "19000000", "incomeBeforeTax": "71000000", "incomeTaxExpense": "25000000", "interestAndDebtExpense": "None", "netIncomeFromContinuingOperations": "46000000", "comprehensiveIncomeNetOfTax": "None", "ebit": "70000000", "ebitda": "89000000", "netIncome": "37000000"}, {"fiscalDateEnding": "2013-12-31", "reportedCurrency": "USD", "grossProfit": "183000000", "totalRevenue": "1286000000", "costOfRevenue": "1103000000", "costofGoodsAndServicesSold": "1103000000", "operatingIncome": "95000000", "sellingGeneralAndAdministrative": "105000000", "researchAndDevelopment": "10000000", "operatingExpenses": "82000000", "investmentIncomeNet": "None", "netInterestIncome": "None", "interestIncome": "None", "interestExpense": "24000000", "nonInterestIncome": "None", "otherNonOperatingIncome": "-11000000", "depreciation": "None", "depreciationAndAmortization": "15000000", "incomeBeforeTax": "60000000", "incomeTaxExpense": "5000000", "interestAndDebtExpense": "None", "netIncomeFromContinuingOperations": "-32000000", "comprehensiveIncomeNetOfTax": "None", "ebit": "84000000", "ebitda": "99000000", "netIncome": "44000000"}, {"fiscalDateEnding": "2013-09-30", "reportedCurrency": "USD", "grossProfit": "196000000", "totalRevenue": "1420000000", "costOfRevenue": "1224000000", "costofGoodsAndServicesSold": "1224000000", "operatingIncome": "-7000000", "sellingGeneralAndAdministrative": "127000000", "researchAndDevelopment": "14000000", "operatingExpenses": "116000000", "investmentIncomeNet": "None", "netInterestIncome": "None", "interestIncome": "None", "interestExpense": "21000000", "nonInterestIncome": "None", "otherNonOperatingIncome": "7000000", "depreciation": "None", "depreciationAndAmortization": "8000000", "incomeBeforeTax": "-21000000", "incomeTaxExpense": "-12000000", "interestAndDebtExpense": "None", "netIncomeFromContinuingOperations": "-9000000", "comprehensiveIncomeNetOfTax": "None", "ebit": "7000000", "ebitda": "15000000", "netIncome": "-3000000"}, {"fiscalDateEnding": "2013-06-30", "reportedCurrency": "USD", "grossProfit": "257000000", "totalRevenue": "2474000000", "costOfRevenue": "2217000000", "costofGoodsAndServicesSold": "2217000000", "operatingIncome": "75000000", "sellingGeneralAndAdministrative": "127000000", "researchAndDevelopment": "11000000", "operatingExpenses": "117000000", "investmentIncomeNet": "None", "netInterestIncome": "None", "interestIncome": "None", "interestExpense": "19000000", "nonInterestIncome": "None", "otherNonOperatingIncome": "6000000", "depreciation": "None", "depreciationAndAmortization": "28000000", "incomeBeforeTax": "62000000", "incomeTaxExpense": "18000000", "interestAndDebtExpense": "None", "netIncomeFromContinuingOperations": "44000000", "comprehensiveIncomeNetOfTax": "None", "ebit": "13000000", "ebitda": "41000000", "netIncome": "42000000"}, {"fiscalDateEnding": "2013-03-31", "reportedCurrency": "USD", "grossProfit": "329000000", "totalRevenue": "2707000000", "costOfRevenue": "2378000000", "costofGoodsAndServicesSold": "2378000000", "operatingIncome": "142000000", "sellingGeneralAndAdministrative": "127000000", "researchAndDevelopment": "10000000", "operatingExpenses": "154000000", "investmentIncomeNet": "None", "netInterestIncome": "None", "interestIncome": "None", "interestExpense": "20000000", "nonInterestIncome": "None", "otherNonOperatingIncome": "5000000", "depreciation": "None", "depreciationAndAmortization": "30000000", "incomeBeforeTax": "127000000", "incomeTaxExpense": "46000000", "interestAndDebtExpense": "None", "netIncomeFromContinuingOperations": "81000000", "comprehensiveIncomeNetOfTax": "None", "ebit": "77000000", "ebitda": "107000000", "netIncome": "81000000"}, {"fiscalDateEnding": "2012-12-31", "reportedCurrency": "USD", "grossProfit": "331000000", "totalRevenue": "2711000000", "costOfRevenue": "2380000000", "costofGoodsAndServicesSold": "2380000000", "operatingIncome": "145000000", "sellingGeneralAndAdministrative": "148000000", "researchAndDevelopment": "1000000", "operatingExpenses": "163000000", "investmentIncomeNet": "None", "netInterestIncome": "None", "interestIncome": "None", "interestExpense": "20000000", "nonInterestIncome": "None", "otherNonOperatingIncome": "None", "depreciation": "None", "depreciationAndAmortization": "28000000", "incomeBeforeTax": "128000000", "incomeTaxExpense": "-58000000", "interestAndDebtExpense": "None", "netIncomeFromContinuingOperations": "0", "comprehensiveIncomeNetOfTax": "None", "ebit": "148000000", "ebitda": "176000000", "netIncome": "186000000"}, {"fiscalDateEnding": "2012-09-30", "reportedCurrency": "USD", "grossProfit": "361000000", "totalRevenue": "2870000000", "costOfRevenue": "2509000000", "costofGoodsAndServicesSold": "2509000000", "operatingIncome": "193000000", "sellingGeneralAndAdministrative": "168000000", "researchAndDevelopment": "16000000", "operatingExpenses": "168000000", "investmentIncomeNet": "None", "netInterestIncome": "None", "interestIncome": "None", "interestExpense": "20000000", "nonInterestIncome": "None", "otherNonOperatingIncome": "None", "depreciation": "None", "depreciationAndAmortization": "30000000", "incomeBeforeTax": "177000000", "incomeTaxExpense": "65000000", "interestAndDebtExpense": "None", "netIncomeFromContinuingOperations": "0", "comprehensiveIncomeNetOfTax": "None", "ebit": "90000000", "ebitda": "120000000", "netIncome": "112000000"}, {"fiscalDateEnding": "2012-06-30", "reportedCurrency": "USD", "grossProfit": "344000000", "totalRevenue": "2848000000", "costOfRevenue": "2504000000", "costofGoodsAndServicesSold": "2504000000", "operatingIncome": "191000000", "sellingGeneralAndAdministrative": "153000000", "researchAndDevelopment": "16000000", "operatingExpenses": "153000000", "investmentIncomeNet": "None", "netInterestIncome": "None", "interestIncome": "None", "interestExpense": "24000000", "nonInterestIncome": "None", "otherNonOperatingIncome": "None", "depreciation": "None", "depreciationAndAmortization": "28000000", "incomeBeforeTax": "173000000", "incomeTaxExpense": "63000000", "interestAndDebtExpense": "None", "netIncomeFromContinuingOperations": "0", "comprehensiveIncomeNetOfTax": "None", "ebit": "196000000", "ebitda": "224000000", "netIncome": "110000000"}, {"fiscalDateEnding": "2012-03-31", "reportedCurrency": "USD", "grossProfit": "334000000", "totalRevenue": "2782000000", "costOfRevenue": "2448000000", "costofGoodsAndServicesSold": "2448000000", "operatingIncome": "208000000", "sellingGeneralAndAdministrative": "126000000", "researchAndDevelopment": "14000000", "operatingExpenses": "126000000", "investmentIncomeNet": "None", "netInterestIncome": "None", "interestIncome": "None", "interestExpense": "29000000", "nonInterestIncome": "None", "otherNonOperatingIncome": "None", "depreciation": "None", "depreciationAndAmortization": "27000000", "incomeBeforeTax": "183000000", "incomeTaxExpense": "66000000", "interestAndDebtExpense": "None", "netIncomeFromContinuingOperations": "0", "comprehensiveIncomeNetOfTax": "None", "ebit": "212000000", "ebitda": "239000000", "netIncome": "117000000"}, {"fiscalDateEnding": "2011-12-31", "reportedCurrency": "USD", "grossProfit": "-4000000", "totalRevenue": "2492000000", "costOfRevenue": "2496000000", "costofGoodsAndServicesSold": "2496000000", "operatingIncome": "-111000000", "sellingGeneralAndAdministrative": "107000000", "researchAndDevelopment": "30000000", "operatingExpenses": "107000000", "investmentIncomeNet": "None", "netInterestIncome": "None", "interestIncome": "None", "interestExpense": "29000000", "nonInterestIncome": "None", "otherNonOperatingIncome": "None", "depreciation": "None", "depreciationAndAmortization": "28000000", "incomeBeforeTax": "-136000000", "incomeTaxExpense": "24000000", "interestAndDebtExpense": "None", "netIncomeFromContinuingOperations": "0", "comprehensiveIncomeNetOfTax": "None", "ebit": "-107000000", "ebitda": "-79000000", "netIncome": "-161000000"}, {"fiscalDateEnding": "2011-09-30", "reportedCurrency": "USD", "grossProfit": "316000000", "totalRevenue": "2811000000", "costOfRevenue": "2495000000", "costofGoodsAndServicesSold": "2495000000", "operatingIncome": "-17000000", "sellingGeneralAndAdministrative": "333000000", "researchAndDevelopment": "26000000", "operatingExpenses": "333000000", "investmentIncomeNet": "None", "netInterestIncome": "None", "interestIncome": "None", "interestExpense": "29000000", "nonInterestIncome": "None", "otherNonOperatingIncome": "None", "depreciation": "None", "depreciationAndAmortization": "31000000", "incomeBeforeTax": "-46000000", "incomeTaxExpense": "44000000", "interestAndDebtExpense": "None", "netIncomeFromContinuingOperations": "0", "comprehensiveIncomeNetOfTax": "None", "ebit": "-20000000", "ebitda": "11000000", "netIncome": "-89000000"}, {"fiscalDateEnding": "2011-06-30", "reportedCurrency": "USD", "grossProfit": "338000000", "totalRevenue": "2596000000", "costOfRevenue": "2258000000", "costofGoodsAndServicesSold": "2258000000", "operatingIncome": "209000000", "sellingGeneralAndAdministrative": "129000000", "researchAndDevelopment": "21000000", "operatingExpenses": "129000000", "investmentIncomeNet": "None", "netInterestIncome": "None", "interestIncome": "None", "interestExpense": "28000000", "nonInterestIncome": "None", "otherNonOperatingIncome": "1000000", "depreciation": "None", "depreciationAndAmortization": "27000000", "incomeBeforeTax": "182000000", "incomeTaxExpense": "70000000", "interestAndDebtExpense": "None", "netIncomeFromContinuingOperations": "112000000", "comprehensiveIncomeNetOfTax": "None", "ebit": "210000000", "ebitda": "237000000", "netIncome": "178000000"}, {"fiscalDateEnding": "2011-03-31", "reportedCurrency": "USD", "grossProfit": "331000000", "totalRevenue": "2688000000", "costOfRevenue": "2357000000", "costofGoodsAndServicesSold": "2357000000", "operatingIncome": "230000000", "sellingGeneralAndAdministrative": "101000000", "researchAndDevelopment": "15000000", "operatingExpenses": "101000000", "investmentIncomeNet": "None", "netInterestIncome": "None", "interestIncome": "None", "interestExpense": "28000000", "nonInterestIncome": "None", "otherNonOperatingIncome": "5000000", "depreciation": "None", "depreciationAndAmortization": "28000000", "incomeBeforeTax": "207000000", "incomeTaxExpense": "77000000", "interestAndDebtExpense": "None", "netIncomeFromContinuingOperations": "130000000", "comprehensiveIncomeNetOfTax": "None", "ebit": "235000000", "ebitda": "263000000", "netIncome": "131000000"}, {"fiscalDateEnding": "2010-12-31", "reportedCurrency": "USD", "grossProfit": "358000000", "totalRevenue": "2769000000", "costOfRevenue": "2411000000", "costofGoodsAndServicesSold": "2411000000", "operatingIncome": "220000000", "sellingGeneralAndAdministrative": "138000000", "researchAndDevelopment": "16000000", "operatingExpenses": "138000000", "investmentIncomeNet": "None", "netInterestIncome": "None", "interestIncome": "None", "interestExpense": "23000000", "nonInterestIncome": "None", "otherNonOperatingIncome": "None", "depreciation": "None", "depreciationAndAmortization": "31000000", "incomeBeforeTax": "195000000", "incomeTaxExpense": "63000000", "interestAndDebtExpense": "None", "netIncomeFromContinuingOperations": "0", "comprehensiveIncomeNetOfTax": "None", "ebit": "218000000", "ebitda": "249000000", "netIncome": "132000000"}, {"fiscalDateEnding": "2010-09-30", "reportedCurrency": "USD", "grossProfit": "388000000", "totalRevenue": "2869000000", "costOfRevenue": "2481000000", "costofGoodsAndServicesSold": "2481000000", "operatingIncome": "258000000", "sellingGeneralAndAdministrative": "130000000", "researchAndDevelopment": "14000000", "operatingExpenses": "130000000", "investmentIncomeNet": "None", "netInterestIncome": "None", "interestIncome": "None", "interestExpense": "19000000", "nonInterestIncome": "None", "otherNonOperatingIncome": "7000000", "depreciation": "None", "depreciationAndAmortization": "29000000", "incomeBeforeTax": "246000000", "incomeTaxExpense": "92000000", "interestAndDebtExpense": "None", "netIncomeFromContinuingOperations": "154000000", "comprehensiveIncomeNetOfTax": "None", "ebit": "259000000", "ebitda": "288000000", "netIncome": "173000000"}, {"fiscalDateEnding": "2010-06-30", "reportedCurrency": "USD", "grossProfit": "406000000", "totalRevenue": "2794000000", "costOfRevenue": "2388000000", "costofGoodsAndServicesSold": "2388000000", "operatingIncome": "273000000", "sellingGeneralAndAdministrative": "133000000", "researchAndDevelopment": "13000000", "operatingExpenses": "133000000", "investmentIncomeNet": "None", "netInterestIncome": "None", "interestIncome": "None", "interestExpense": "19000000", "nonInterestIncome": "None", "otherNonOperatingIncome": "-1000000", "depreciation": "None", "depreciationAndAmortization": "26000000", "incomeBeforeTax": "253000000", "incomeTaxExpense": "95000000", "interestAndDebtExpense": "None", "netIncomeFromContinuingOperations": "158000000", "comprehensiveIncomeNetOfTax": "None", "ebit": "274000000", "ebitda": "300000000", "netIncome": "190000000"}, {"fiscalDateEnding": "2010-03-31", "reportedCurrency": "USD", "grossProfit": "333000000", "totalRevenue": "2685000000", "costOfRevenue": "2352000000", "costofGoodsAndServicesSold": "2352000000", "operatingIncome": "207000000", "sellingGeneralAndAdministrative": "126000000", "researchAndDevelopment": "13000000", "operatingExpenses": "126000000", "investmentIncomeNet": "None", "netInterestIncome": "None", "interestIncome": "None", "interestExpense": "18000000", "nonInterestIncome": "None", "otherNonOperatingIncome": "None", "depreciation": "None", "depreciationAndAmortization": "25000000", "incomeBeforeTax": "189000000", "incomeTaxExpense": "64000000", "interestAndDebtExpense": "None", "netIncomeFromContinuingOperations": "0", "comprehensiveIncomeNetOfTax": "None", "ebit": "207000000", "ebitda": "232000000", "netIncome": "125000000"}, {"fiscalDateEnding": "2009-09-30", "reportedCurrency": "USD", "grossProfit": "387000000", "totalRevenue": "2765000000", "costOfRevenue": "2378000000", "costofGoodsAndServicesSold": "2378000000", "operatingIncome": "233000000", "sellingGeneralAndAdministrative": "154000000", "researchAndDevelopment": "11000000", "operatingExpenses": "154000000", "investmentIncomeNet": "None", "netInterestIncome": "None", "interestIncome": "None", "interestExpense": "19000000", "nonInterestIncome": "None", "otherNonOperatingIncome": "None", "depreciation": "None", "depreciationAndAmortization": "24000000", "incomeBeforeTax": "217000000", "incomeTaxExpense": "82000000", "interestAndDebtExpense": "None", "netIncomeFromContinuingOperations": "0", "comprehensiveIncomeNetOfTax": "None", "ebit": "236000000", "ebitda": "260000000", "netIncome": "135000000"}, {"fiscalDateEnding": "2009-06-30", "reportedCurrency": "USD", "grossProfit": "380000000", "totalRevenue": "2749000000", "costOfRevenue": "2369000000", "costofGoodsAndServicesSold": "2369000000", "operatingIncome": "221000000", "sellingGeneralAndAdministrative": "159000000", "researchAndDevelopment": "15000000", "operatingExpenses": "159000000", "investmentIncomeNet": "None", "netInterestIncome": "None", "interestIncome": "None", "interestExpense": "19000000", "nonInterestIncome": "None", "otherNonOperatingIncome": "None", "depreciation": "None", "depreciationAndAmortization": "22000000", "incomeBeforeTax": "202000000", "incomeTaxExpense": "77000000", "interestAndDebtExpense": "None", "netIncomeFromContinuingOperations": "0", "comprehensiveIncomeNetOfTax": "None", "ebit": "199000000", "ebitda": "221000000", "netIncome": "123000000"}, {"fiscalDateEnding": "2009-03-31", "reportedCurrency": "USD", "grossProfit": "354000000", "totalRevenue": "2649000000", "costOfRevenue": "2295000000", "costofGoodsAndServicesSold": "2295000000", "operatingIncome": "204000000", "sellingGeneralAndAdministrative": "150000000", "researchAndDevelopment": "10000000", "operatingExpenses": "150000000", "investmentIncomeNet": "None", "netInterestIncome": "None", "interestIncome": "None", "interestExpense": "19000000", "nonInterestIncome": "None", "otherNonOperatingIncome": "None", "depreciation": "None", "depreciationAndAmortization": "22000000", "incomeBeforeTax": "189000000", "incomeTaxExpense": "72000000", "interestAndDebtExpense": "None", "netIncomeFromContinuingOperations": "0", "comprehensiveIncomeNetOfTax": "None", "ebit": "208000000", "ebitda": "230000000", "netIncome": "116000000"}, {"fiscalDateEnding": "2008-12-31", "reportedCurrency": "USD", "grossProfit": "355000000", "totalRevenue": "2518000000", "costOfRevenue": "2163000000", "costofGoodsAndServicesSold": "2163000000", "operatingIncome": "208000000", "sellingGeneralAndAdministrative": "147000000", "researchAndDevelopment": "15000000", "operatingExpenses": "147000000", "investmentIncomeNet": "None", "netInterestIncome": "None", "interestIncome": "None", "interestExpense": "27000000", "nonInterestIncome": "None", "otherNonOperatingIncome": "None", "depreciation": "None", "depreciationAndAmortization": "24000000", "incomeBeforeTax": "181000000", "incomeTaxExpense": "62000000", "interestAndDebtExpense": "None", "netIncomeFromContinuingOperations": "0", "comprehensiveIncomeNetOfTax": "None", "ebit": "208000000", "ebitda": "232000000", "netIncome": "120000000"}, {"fiscalDateEnding": "2008-09-30", "reportedCurrency": "USD", "grossProfit": "354000000", "totalRevenue": "2631000000", "costOfRevenue": "2277000000", "costofGoodsAndServicesSold": "2277000000", "operatingIncome": "205000000", "sellingGeneralAndAdministrative": "149000000", "researchAndDevelopment": "13000000", "operatingExpenses": "149000000", "investmentIncomeNet": "None", "netInterestIncome": "None", "interestIncome": "None", "interestExpense": "45000000", "nonInterestIncome": "None", "otherNonOperatingIncome": "None", "depreciation": "None", "depreciationAndAmortization": "20000000", "incomeBeforeTax": "174000000", "incomeTaxExpense": "56000000", "interestAndDebtExpense": "None", "netIncomeFromContinuingOperations": "0", "comprehensiveIncomeNetOfTax": "None", "ebit": "185000000", "ebitda": "205000000", "netIncome": "120000000"}, {"fiscalDateEnding": "2008-06-30", "reportedCurrency": "USD", "grossProfit": "353000000", "totalRevenue": "2555000000", "costOfRevenue": "2202000000", "costofGoodsAndServicesSold": "2202000000", "operatingIncome": "186000000", "sellingGeneralAndAdministrative": "167000000", "researchAndDevelopment": "11000000", "operatingExpenses": "167000000", "investmentIncomeNet": "None", "netInterestIncome": "None", "interestIncome": "None", "interestExpense": "4000000", "nonInterestIncome": "None", "otherNonOperatingIncome": "None", "depreciation": "None", "depreciationAndAmortization": "22000000", "incomeBeforeTax": "174000000", "incomeTaxExpense": "70000000", "interestAndDebtExpense": "None", "netIncomeFromContinuingOperations": "0", "comprehensiveIncomeNetOfTax": "None", "ebit": "164000000", "ebitda": "186000000", "netIncome": "109000000"}, {"fiscalDateEnding": "2008-03-31", "reportedCurrency": "USD", "grossProfit": "316000000", "totalRevenue": "2369000000", "costOfRevenue": "2053000000", "costofGoodsAndServicesSold": "2053000000", "operatingIncome": "173000000", "sellingGeneralAndAdministrative": "143000000", "researchAndDevelopment": "7000000", "operatingExpenses": "143000000", "investmentIncomeNet": "None", "netInterestIncome": "None", "interestIncome": "None", "interestExpense": "1000000", "nonInterestIncome": "None", "otherNonOperatingIncome": "None", "depreciation": "None", "depreciationAndAmortization": "23000000", "incomeBeforeTax": "170000000", "incomeTaxExpense": "66000000", "interestAndDebtExpense": "None", "netIncomeFromContinuingOperations": "0", "comprehensiveIncomeNetOfTax": "None", "ebit": "150000000", "ebitda": "173000000", "netIncome": "100000000"}, {"fiscalDateEnding": "2007-12-31", "reportedCurrency": "USD", "grossProfit": "322000000", "totalRevenue": "2337000000", "costOfRevenue": "2015000000", "costofGoodsAndServicesSold": "2015000000", "operatingIncome": "171000000", "sellingGeneralAndAdministrative": "151000000", "researchAndDevelopment": "13000000", "operatingExpenses": "151000000", "investmentIncomeNet": "None", "netInterestIncome": "None", "interestIncome": "None", "interestExpense": "14000000", "nonInterestIncome": "None", "otherNonOperatingIncome": "None", "depreciation": "None", "depreciationAndAmortization": "23000000", "incomeBeforeTax": "163000000", "incomeTaxExpense": "60000000", "interestAndDebtExpense": "None", "netIncomeFromContinuingOperations": "0", "comprehensiveIncomeNetOfTax": "None", "ebit": "171000000", "ebitda": "194000000", "netIncome": "99000000"}, {"fiscalDateEnding": "2007-09-30", "reportedCurrency": "USD", "grossProfit": "338000000", "totalRevenue": "2365000000", "costOfRevenue": "2027000000", "costofGoodsAndServicesSold": "2027000000", "operatingIncome": "186000000", "sellingGeneralAndAdministrative": "152000000", "researchAndDevelopment": "14000000", "operatingExpenses": "152000000", "investmentIncomeNet": "None", "netInterestIncome": "None", "interestIncome": "None", "interestExpense": "12000000", "nonInterestIncome": "None", "otherNonOperatingIncome": "None", "depreciation": "None", "depreciationAndAmortization": "22000000", "incomeBeforeTax": "178000000", "incomeTaxExpense": "69000000", "interestAndDebtExpense": "None", "netIncomeFromContinuingOperations": "0", "comprehensiveIncomeNetOfTax": "None", "ebit": "164000000", "ebitda": "186000000", "netIncome": "105000000"}, {"fiscalDateEnding": "2007-06-30", "reportedCurrency": "USD", "grossProfit": "312000000", "totalRevenue": "2222000000", "costOfRevenue": "1910000000", "costofGoodsAndServicesSold": "1910000000", "operatingIncome": "173000000", "sellingGeneralAndAdministrative": "139000000", "researchAndDevelopment": "11000000", "operatingExpenses": "139000000", "investmentIncomeNet": "None", "netInterestIncome": "None", "interestIncome": "None", "interestExpense": "14000000", "nonInterestIncome": "None", "otherNonOperatingIncome": "None", "depreciation": "None", "depreciationAndAmortization": "18000000", "incomeBeforeTax": "159000000", "incomeTaxExpense": "60000000", "interestAndDebtExpense": "None", "netIncomeFromContinuingOperations": "0", "comprehensiveIncomeNetOfTax": "None", "ebit": "155000000", "ebitda": "173000000", "netIncome": "131000000"}, {"fiscalDateEnding": "2007-03-31", "reportedCurrency": "USD", "grossProfit": "271000000", "totalRevenue": "2068000000", "costOfRevenue": "1797000000", "costofGoodsAndServicesSold": "1797000000", "operatingIncome": "140000000", "sellingGeneralAndAdministrative": "131000000", "researchAndDevelopment": "12000000", "operatingExpenses": "131000000", "investmentIncomeNet": "None", "netInterestIncome": "None", "interestIncome": "None", "interestExpense": "8000000", "nonInterestIncome": "None", "otherNonOperatingIncome": "None", "depreciation": "None", "depreciationAndAmortization": "17000000", "incomeBeforeTax": "129000000", "incomeTaxExpense": "52000000", "interestAndDebtExpense": "None", "netIncomeFromContinuingOperations": "0", "comprehensiveIncomeNetOfTax": "None", "ebit": "123000000", "ebitda": "140000000", "netIncome": "80000000"}, {"fiscalDateEnding": "2006-09-30", "reportedCurrency": "USD", "grossProfit": "280000000", "totalRevenue": "2142000000", "costOfRevenue": "1862000000", "costofGoodsAndServicesSold": "1862000000", "operatingIncome": "144000000", "sellingGeneralAndAdministrative": "136000000", "researchAndDevelopment": "10000000", "operatingExpenses": "136000000", "investmentIncomeNet": "None", "netInterestIncome": "None", "interestIncome": "None", "interestExpense": "20000000", "nonInterestIncome": "None", "otherNonOperatingIncome": "None", "depreciation": "None", "depreciationAndAmortization": "19000000", "incomeBeforeTax": "155000000", "incomeTaxExpense": "65000000", "interestAndDebtExpense": "None", "netIncomeFromContinuingOperations": "0", "comprehensiveIncomeNetOfTax": "None", "ebit": "141000000", "ebitda": "160000000", "netIncome": "98000000"}, {"fiscalDateEnding": "2006-06-30", "reportedCurrency": "USD", "grossProfit": "280000000", "totalRevenue": "1994000000", "costOfRevenue": "1714000000", "costofGoodsAndServicesSold": "1714000000", "operatingIncome": "151000000", "sellingGeneralAndAdministrative": "129000000", "researchAndDevelopment": "7000000", "operatingExpenses": "129000000", "investmentIncomeNet": "None", "netInterestIncome": "None", "interestIncome": "None", "interestExpense": "11000000", "nonInterestIncome": "None", "otherNonOperatingIncome": "None", "depreciation": "None", "depreciationAndAmortization": "19000000", "incomeBeforeTax": "160000000", "incomeTaxExpense": "60000000", "interestAndDebtExpense": "None", "netIncomeFromContinuingOperations": "0", "comprehensiveIncomeNetOfTax": "None", "ebit": "151000000", "ebitda": "170000000", "netIncome": "103000000"}, {"fiscalDateEnding": "2006-03-31", "reportedCurrency": "USD", "grossProfit": "270000000", "totalRevenue": "1954000000", "costOfRevenue": "1684000000", "costofGoodsAndServicesSold": "1684000000", "operatingIncome": "142000000", "sellingGeneralAndAdministrative": "128000000", "researchAndDevelopment": "5000000", "operatingExpenses": "128000000", "investmentIncomeNet": "None", "netInterestIncome": "None", "interestIncome": "None", "interestExpense": "4000000", "nonInterestIncome": "None", "otherNonOperatingIncome": "None", "depreciation": "None", "depreciationAndAmortization": "15000000", "incomeBeforeTax": "147000000", "incomeTaxExpense": "54000000", "interestAndDebtExpense": "None", "netIncomeFromContinuingOperations": "0", "comprehensiveIncomeNetOfTax": "None", "ebit": "142000000", "ebitda": "157000000", "netIncome": "106000000"}, {"fiscalDateEnding": "2005-09-30", "reportedCurrency": "USD", "grossProfit": "231000000", "totalRevenue": "2024000000", "costOfRevenue": "1793000000", "costofGoodsAndServicesSold": "1793000000", "operatingIncome": "106000000", "sellingGeneralAndAdministrative": "128000000", "researchAndDevelopment": "27000000", "operatingExpenses": "125000000", "investmentIncomeNet": "None", "netInterestIncome": "None", "interestIncome": "None", "interestExpense": "25000000", "nonInterestIncome": "None", "otherNonOperatingIncome": "None", "depreciation": "None", "depreciationAndAmortization": "-1000000", "incomeBeforeTax": "111000000", "incomeTaxExpense": "40000000", "interestAndDebtExpense": "None", "netIncomeFromContinuingOperations": "0", "comprehensiveIncomeNetOfTax": "None", "ebit": "106000000", "ebitda": "105000000", "netIncome": "91000000"}, {"fiscalDateEnding": "2005-06-30", "reportedCurrency": "USD", "grossProfit": "0", "totalRevenue": "1945000000", "costOfRevenue": "3300000000", "costofGoodsAndServicesSold": "3300000000", "operatingIncome": "243000000", "sellingGeneralAndAdministrative": "248000000", "researchAndDevelopment": "0", "operatingExpenses": "0", "investmentIncomeNet": "None", "netInterestIncome": "None", "interestIncome": "None", "interestExpense": "44000000", "nonInterestIncome": "None", "otherNonOperatingIncome": "None", "depreciation": "None", "depreciationAndAmortization": "None", "incomeBeforeTax": "248000000", "incomeTaxExpense": "105000000", "interestAndDebtExpense": "None", "netIncomeFromContinuingOperations": "0", "comprehensiveIncomeNetOfTax": "None", "ebit": "0", "ebitda": "None", "netIncome": "97000000"}, {"fiscalDateEnding": "2005-03-31", "reportedCurrency": "USD", "grossProfit": "0", "totalRevenue": "1846000000", "costOfRevenue": "0", "costofGoodsAndServicesSold": "0", "operatingIncome": "0", "sellingGeneralAndAdministrative": "0", "researchAndDevelopment": "0", "operatingExpenses": "0", "investmentIncomeNet": "None", "netInterestIncome": "None", "interestIncome": "None", "interestExpense": "0", "nonInterestIncome": "None", "otherNonOperatingIncome": "None", "depreciation": "None", "depreciationAndAmortization": "None", "incomeBeforeTax": "0", "incomeTaxExpense": "0", "interestAndDebtExpense": "None", "netIncomeFromContinuingOperations": "0", "comprehensiveIncomeNetOfTax": "None", "ebit": "0", "ebitda": "None", "netIncome": "585000000"}]}