{"symbol": "CSGP", "annualReports": [{"fiscalDateEnding": "2024-12-31", "reportedCurrency": "USD", "grossProfit": "2177700000", "totalRevenue": "2736200000", "costOfRevenue": "558500000", "costofGoodsAndServicesSold": "558500000", "operatingIncome": "4700000", "sellingGeneralAndAdministrative": "439100000", "researchAndDevelopment": "325300000", "operatingExpenses": "2173000000", "investmentIncomeNet": "None", "netInterestIncome": "212500000", "interestIncome": "None", "interestExpense": "None", "nonInterestIncome": "None", "otherNonOperatingIncome": "None", "depreciation": "None", "depreciationAndAmortization": "None", "incomeBeforeTax": "210100000", "incomeTaxExpense": "71400000", "interestAndDebtExpense": "None", "netIncomeFromContinuingOperations": "138700000", "comprehensiveIncomeNetOfTax": "None", "ebit": "None", "ebitda": "4700000", "netIncome": "138700000"}, {"fiscalDateEnding": "2023-12-31", "reportedCurrency": "USD", "grossProfit": "1963500000", "totalRevenue": "2455000000", "costOfRevenue": "491500000", "costofGoodsAndServicesSold": "491500000", "operatingIncome": "282300000", "sellingGeneralAndAdministrative": "381500000", "researchAndDevelopment": "267600000", "operatingExpenses": "1681200000", "investmentIncomeNet": "None", "netInterestIncome": "213600000", "interestIncome": "None", "interestExpense": "213600000", "nonInterestIncome": "None", "otherNonOperatingIncome": "None", "depreciation": "None", "depreciationAndAmortization": "107500000", "incomeBeforeTax": "501300000", "incomeTaxExpense": "126600000", "interestAndDebtExpense": "None", "netIncomeFromContinuingOperations": "374700000", "comprehensiveIncomeNetOfTax": "None", "ebit": "282300000", "ebitda": "389800000", "netIncome": "374700000"}, {"fiscalDateEnding": "2022-12-31", "reportedCurrency": "USD", "grossProfit": "1768391000", "totalRevenue": "2182399000", "costOfRevenue": "414008000", "costofGoodsAndServicesSold": "414008000", "operatingIncome": "450949000", "sellingGeneralAndAdministrative": "338737000", "researchAndDevelopment": "220923000", "operatingExpenses": "1317442000", "investmentIncomeNet": "None", "netInterestIncome": "32125000", "interestIncome": "None", "interestExpense": "32125000", "nonInterestIncome": "None", "otherNonOperatingIncome": "3383000", "depreciation": "None", "depreciationAndAmortization": "176374000", "incomeBeforeTax": "486457000", "incomeTaxExpense": "117004000", "interestAndDebtExpense": "None", "netIncomeFromContinuingOperations": "369453000", "comprehensiveIncomeNetOfTax": "None", "ebit": "486457000", "ebitda": "662831000", "netIncome": "369500000"}, {"fiscalDateEnding": "2021-12-31", "reportedCurrency": "USD", "grossProfit": "1586894000", "totalRevenue": "1944135000", "costOfRevenue": "357241000", "costofGoodsAndServicesSold": "357241000", "operatingIncome": "432337000", "sellingGeneralAndAdministrative": "256711000", "researchAndDevelopment": "201022000", "operatingExpenses": "1154557000", "investmentIncomeNet": "None", "netInterestIncome": "-31621000", "interestIncome": "None", "interestExpense": "31621000", "nonInterestIncome": "None", "otherNonOperatingIncome": "3252000", "depreciation": "None", "depreciationAndAmortization": "168043000", "incomeBeforeTax": "403968000", "incomeTaxExpense": "111404000", "interestAndDebtExpense": "None", "netIncomeFromContinuingOperations": "292564000", "comprehensiveIncomeNetOfTax": "None", "ebit": "403857000", "ebitda": "571900000", "netIncome": "292600000"}, {"fiscalDateEnding": "2020-12-31", "reportedCurrency": "USD", "grossProfit": "1350051000", "totalRevenue": "1659019000", "costOfRevenue": "308968000", "costofGoodsAndServicesSold": "308968000", "operatingIncome": "289202000", "sellingGeneralAndAdministrative": "299698000", "researchAndDevelopment": "162916000", "operatingExpenses": "1060849000", "investmentIncomeNet": "None", "netInterestIncome": "-17395000", "interestIncome": "None", "interestExpense": "17395000", "nonInterestIncome": "None", "otherNonOperatingIncome": "-17395000", "depreciation": "None", "depreciationAndAmortization": "143270000", "incomeBeforeTax": "270980000", "incomeTaxExpense": "43852000", "interestAndDebtExpense": "None", "netIncomeFromContinuingOperations": "227128000", "comprehensiveIncomeNetOfTax": "None", "ebit": "262876000", "ebitda": "406146000", "netIncome": "227128000"}, {"fiscalDateEnding": "2019-12-31", "reportedCurrency": "USD", "grossProfit": "1110480000", "totalRevenue": "1399719000", "costOfRevenue": "289239000", "costofGoodsAndServicesSold": "289239000", "operatingIncome": "363547000", "sellingGeneralAndAdministrative": "178740000", "researchAndDevelopment": "125602000", "operatingExpenses": "746933000", "investmentIncomeNet": "None", "netInterestIncome": "27402000", "interestIncome": "30017000", "interestExpense": "2615000", "nonInterestIncome": "None", "otherNonOperatingIncome": "30017000", "depreciation": "None", "depreciationAndAmortization": "111182000", "incomeBeforeTax": "390949000", "incomeTaxExpense": "75986000", "interestAndDebtExpense": "None", "netIncomeFromContinuingOperations": "314963000", "comprehensiveIncomeNetOfTax": "None", "ebit": "363547000", "ebitda": "474729000", "netIncome": "314963000"}, {"fiscalDateEnding": "2018-12-31", "reportedCurrency": "USD", "grossProfit": "921899000", "totalRevenue": "1191832000", "costOfRevenue": "269933000", "costofGoodsAndServicesSold": "269933000", "operatingIncome": "273564000", "sellingGeneralAndAdministrative": "156659000", "researchAndDevelopment": "100937000", "operatingExpenses": "648335000", "investmentIncomeNet": "None", "netInterestIncome": "10451000", "interestIncome": "13281000", "interestExpense": "2830000", "nonInterestIncome": "None", "otherNonOperatingIncome": "13281000", "depreciation": "None", "depreciationAndAmortization": "77743000", "incomeBeforeTax": "284015000", "incomeTaxExpense": "45681000", "interestAndDebtExpense": "None", "netIncomeFromContinuingOperations": "238334000", "comprehensiveIncomeNetOfTax": "None", "ebit": "286845000", "ebitda": "364588000", "netIncome": "238334000"}, {"fiscalDateEnding": "2017-12-31", "reportedCurrency": "USD", "grossProfit": "744827000", "totalRevenue": "965230000", "costOfRevenue": "220403000", "costofGoodsAndServicesSold": "220403000", "operatingIncome": "173816000", "sellingGeneralAndAdministrative": "146128000", "researchAndDevelopment": "88850000", "operatingExpenses": "571011000", "investmentIncomeNet": "None", "netInterestIncome": "-4970000", "interestIncome": "4044000", "interestExpense": "9014000", "nonInterestIncome": "None", "otherNonOperatingIncome": "256000", "depreciation": "None", "depreciationAndAmortization": "63643000", "incomeBeforeTax": "165058000", "incomeTaxExpense": "42363000", "interestAndDebtExpense": "None", "netIncomeFromContinuingOperations": "122695000", "comprehensiveIncomeNetOfTax": "None", "ebit": "177860000", "ebitda": "241503000", "netIncome": "122695000"}, {"fiscalDateEnding": "2016-12-31", "reportedCurrency": "USD", "grossProfit": "663816000", "totalRevenue": "837630000", "costOfRevenue": "173814000", "costofGoodsAndServicesSold": "173814000", "operatingIncome": "144905000", "sellingGeneralAndAdministrative": "123297000", "researchAndDevelopment": "76400000", "operatingExpenses": "496180000", "investmentIncomeNet": "None", "netInterestIncome": "-8243000", "interestIncome": "1773000", "interestExpense": "10016000", "nonInterestIncome": "None", "otherNonOperatingIncome": "1773000", "depreciation": "None", "depreciationAndAmortization": "70165000", "incomeBeforeTax": "136662000", "incomeTaxExpense": "51591000", "interestAndDebtExpense": "None", "netIncomeFromContinuingOperations": "85071000", "comprehensiveIncomeNetOfTax": "None", "ebit": "76513000", "ebitda": "146678000", "netIncome": "85071000"}, {"fiscalDateEnding": "2015-12-31", "reportedCurrency": "USD", "grossProfit": "522879000", "totalRevenue": "711764000", "costOfRevenue": "188885000", "costofGoodsAndServicesSold": "188885000", "operatingIncome": "11455000", "sellingGeneralAndAdministrative": "115507000", "researchAndDevelopment": "65760000", "operatingExpenses": "483493000", "investmentIncomeNet": "None", "netInterestIncome": "None", "interestIncome": "2463000", "interestExpense": "9411000", "nonInterestIncome": "None", "otherNonOperatingIncome": "537000", "depreciation": "None", "depreciationAndAmortization": "78532000", "incomeBeforeTax": "2581000", "incomeTaxExpense": "6046000", "interestAndDebtExpense": "None", "netIncomeFromContinuingOperations": "-3465000", "comprehensiveIncomeNetOfTax": "None", "ebit": "-66540000", "ebitda": "11992000", "netIncome": "-3465000"}, {"fiscalDateEnding": "2014-12-31", "reportedCurrency": "USD", "grossProfit": "418957000", "totalRevenue": "575936000", "costOfRevenue": "156979000", "costofGoodsAndServicesSold": "156979000", "operatingIncome": "80878000", "sellingGeneralAndAdministrative": "103916000", "researchAndDevelopment": "55426000", "operatingExpenses": "309647000", "investmentIncomeNet": "None", "netInterestIncome": "None", "interestIncome": "None", "interestExpense": "10481000", "nonInterestIncome": "None", "otherNonOperatingIncome": "516000", "depreciation": "None", "depreciationAndAmortization": "70372000", "incomeBeforeTax": "70913000", "incomeTaxExpense": "26044000", "interestAndDebtExpense": "None", "netIncomeFromContinuingOperations": "44869000", "comprehensiveIncomeNetOfTax": "None", "ebit": "11022000", "ebitda": "81394000", "netIncome": "44869000"}, {"fiscalDateEnding": "2013-12-31", "reportedCurrency": "USD", "grossProfit": "311758000", "totalRevenue": "440943000", "costOfRevenue": "129185000", "costofGoodsAndServicesSold": "129185000", "operatingIncome": "54154000", "sellingGeneralAndAdministrative": "96956000", "researchAndDevelopment": "46757000", "operatingExpenses": "242421000", "investmentIncomeNet": "None", "netInterestIncome": "None", "interestIncome": "None", "interestExpense": "6943000", "nonInterestIncome": "None", "otherNonOperatingIncome": "326000", "depreciation": "None", "depreciationAndAmortization": "40058000", "incomeBeforeTax": "47537000", "incomeTaxExpense": "17803000", "interestAndDebtExpense": "None", "netIncomeFromContinuingOperations": "29734000", "comprehensiveIncomeNetOfTax": "None", "ebit": "14422000", "ebitda": "54480000", "netIncome": "29734000"}, {"fiscalDateEnding": "2012-12-31", "reportedCurrency": "USD", "grossProfit": "235070000", "totalRevenue": "349936000", "costOfRevenue": "114866000", "costofGoodsAndServicesSold": "114866000", "operatingIncome": "27440000", "sellingGeneralAndAdministrative": "77154000", "researchAndDevelopment": "32756000", "operatingExpenses": "194023000", "investmentIncomeNet": "None", "netInterestIncome": "None", "interestIncome": "None", "interestExpense": "4832000", "nonInterestIncome": "None", "otherNonOperatingIncome": "526000", "depreciation": "None", "depreciationAndAmortization": "32752000", "incomeBeforeTax": "23134000", "incomeTaxExpense": "13219000", "interestAndDebtExpense": "None", "netIncomeFromContinuingOperations": "9915000", "comprehensiveIncomeNetOfTax": "None", "ebit": "-4786000", "ebitda": "27966000", "netIncome": "9915000"}, {"fiscalDateEnding": "2011-12-31", "reportedCurrency": "USD", "grossProfit": "163571000", "totalRevenue": "251738000", "costOfRevenue": "88167000", "costofGoodsAndServicesSold": "88167000", "operatingIncome": "21771000", "sellingGeneralAndAdministrative": "58362000", "researchAndDevelopment": "20037000", "operatingExpenses": "141800000", "investmentIncomeNet": "None", "netInterestIncome": "None", "interestIncome": "None", "interestExpense": "0", "nonInterestIncome": "None", "otherNonOperatingIncome": "798000", "depreciation": "None", "depreciationAndAmortization": "12852000", "incomeBeforeTax": "22569000", "incomeTaxExpense": "7913000", "interestAndDebtExpense": "None", "netIncomeFromContinuingOperations": "14656000", "comprehensiveIncomeNetOfTax": "None", "ebit": "21771000", "ebitda": "34623000", "netIncome": "14656000"}, {"fiscalDateEnding": "2010-12-31", "reportedCurrency": "USD", "grossProfit": "142661000", "totalRevenue": "226260000", "costOfRevenue": "83599000", "costofGoodsAndServicesSold": "83599000", "operatingIncome": "22775000", "sellingGeneralAndAdministrative": "47776000", "researchAndDevelopment": "17350000", "operatingExpenses": "119886000", "investmentIncomeNet": "None", "netInterestIncome": "None", "interestIncome": "None", "interestExpense": "0", "nonInterestIncome": "None", "otherNonOperatingIncome": "None", "depreciation": "None", "depreciationAndAmortization": "13649000", "incomeBeforeTax": "23510000", "incomeTaxExpense": "10221000", "interestAndDebtExpense": "None", "netIncomeFromContinuingOperations": "None", "comprehensiveIncomeNetOfTax": "None", "ebit": "22775000", "ebitda": "36424000", "netIncome": "13289000"}, {"fiscalDateEnding": "2009-12-31", "reportedCurrency": "USD", "grossProfit": "135945000", "totalRevenue": "209659000", "costOfRevenue": "73714000", "costofGoodsAndServicesSold": "73714000", "operatingIncome": "31835000", "sellingGeneralAndAdministrative": "44248000", "researchAndDevelopment": "13942000", "operatingExpenses": "104110000", "investmentIncomeNet": "None", "netInterestIncome": "None", "interestIncome": "None", "interestExpense": "0", "nonInterestIncome": "None", "otherNonOperatingIncome": "None", "depreciation": "None", "depreciationAndAmortization": "3412000", "incomeBeforeTax": "33088000", "incomeTaxExpense": "14395000", "interestAndDebtExpense": "None", "netIncomeFromContinuingOperations": "None", "comprehensiveIncomeNetOfTax": "None", "ebit": "31835000", "ebitda": "35247000", "netIncome": "18693000"}, {"fiscalDateEnding": "2008-12-31", "reportedCurrency": "USD", "grossProfit": "139020000", "totalRevenue": "212428000", "costOfRevenue": "73408000", "costofGoodsAndServicesSold": "73408000", "operatingIncome": "39788000", "sellingGeneralAndAdministrative": "39888000", "researchAndDevelopment": "12759000", "operatingExpenses": "99232000", "investmentIncomeNet": "None", "netInterestIncome": "None", "interestIncome": "None", "interestExpense": "0", "nonInterestIncome": "None", "otherNonOperatingIncome": "None", "depreciation": "None", "depreciationAndAmortization": "4880000", "incomeBeforeTax": "44702000", "incomeTaxExpense": "20079000", "interestAndDebtExpense": "None", "netIncomeFromContinuingOperations": "None", "comprehensiveIncomeNetOfTax": "None", "ebit": "39788000", "ebitda": "44668000", "netIncome": "24623000"}, {"fiscalDateEnding": "2007-12-31", "reportedCurrency": "USD", "grossProfit": "116101000", "totalRevenue": "192805000", "costOfRevenue": "76704000", "costofGoodsAndServicesSold": "76704000", "operatingIncome": "17852000", "sellingGeneralAndAdministrative": "36569000", "researchAndDevelopment": "12453000", "operatingExpenses": "98249000", "investmentIncomeNet": "None", "netInterestIncome": "None", "interestIncome": "None", "interestExpense": "0", "nonInterestIncome": "None", "otherNonOperatingIncome": "None", "depreciation": "None", "depreciationAndAmortization": "16147000", "incomeBeforeTax": "25897000", "incomeTaxExpense": "9946000", "interestAndDebtExpense": "None", "netIncomeFromContinuingOperations": "None", "comprehensiveIncomeNetOfTax": "None", "ebit": "10239000", "ebitda": "26386000", "netIncome": "15951000"}, {"fiscalDateEnding": "2006-12-31", "reportedCurrency": "USD", "grossProfit": "102753000", "totalRevenue": "158889000", "costOfRevenue": "56136000", "costofGoodsAndServicesSold": "56136000", "operatingIncome": "14081000", "sellingGeneralAndAdministrative": "30707000", "researchAndDevelopment": "12008000", "operatingExpenses": "88672000", "investmentIncomeNet": "None", "netInterestIncome": "None", "interestIncome": "None", "interestExpense": "0", "nonInterestIncome": "None", "otherNonOperatingIncome": "None", "depreciation": "None", "depreciationAndAmortization": "11810000", "incomeBeforeTax": "20926000", "incomeTaxExpense": "8516000", "interestAndDebtExpense": "None", "netIncomeFromContinuingOperations": "None", "comprehensiveIncomeNetOfTax": "None", "ebit": "14081000", "ebitda": "25891000", "netIncome": "12410000"}, {"fiscalDateEnding": "2005-12-31", "reportedCurrency": "USD", "grossProfit": "90052000", "totalRevenue": "134338000", "costOfRevenue": "44286000", "costofGoodsAndServicesSold": "44286000", "operatingIncome": "7342000", "sellingGeneralAndAdministrative": "27550000", "researchAndDevelopment": "10123000", "operatingExpenses": "80493000", "investmentIncomeNet": "None", "netInterestIncome": "None", "interestIncome": "None", "interestExpense": "0", "nonInterestIncome": "None", "otherNonOperatingIncome": "None", "depreciation": "None", "depreciationAndAmortization": "11714000", "incomeBeforeTax": "10797000", "incomeTaxExpense": "4340000", "interestAndDebtExpense": "None", "netIncomeFromContinuingOperations": "None", "comprehensiveIncomeNetOfTax": "None", "ebit": "11776000", "ebitda": "23490000", "netIncome": "6457000"}], "quarterlyReports": [{"fiscalDateEnding": "2024-12-31", "reportedCurrency": "USD", "grossProfit": "568500000", "totalRevenue": "709400000", "costOfRevenue": "140900000", "costofGoodsAndServicesSold": "140900000", "operatingIncome": "40000000", "sellingGeneralAndAdministrative": "124900000", "researchAndDevelopment": "82300000", "operatingExpenses": "528500000", "investmentIncomeNet": "None", "netInterestIncome": "47200000", "interestIncome": "None", "interestExpense": "None", "nonInterestIncome": "None", "otherNonOperatingIncome": "None", "depreciation": "None", "depreciationAndAmortization": "39300000", "incomeBeforeTax": "85000000", "incomeTaxExpense": "25200000", "interestAndDebtExpense": "None", "netIncomeFromContinuingOperations": "59800000", "comprehensiveIncomeNetOfTax": "None", "ebit": "40000000", "ebitda": "79300000", "netIncome": "59800000"}, {"fiscalDateEnding": "2024-09-30", "reportedCurrency": "USD", "grossProfit": "552000000", "totalRevenue": "692600000", "costOfRevenue": "140600000", "costofGoodsAndServicesSold": "140600000", "operatingIncome": "23700000", "sellingGeneralAndAdministrative": "105800000", "researchAndDevelopment": "81000000", "operatingExpenses": "518000000", "investmentIncomeNet": "None", "netInterestIncome": "55600000", "interestIncome": "55600000", "interestExpense": "None", "nonInterestIncome": "None", "otherNonOperatingIncome": "None", "depreciation": "None", "depreciationAndAmortization": "35500000", "incomeBeforeTax": "77700000", "incomeTaxExpense": "24700000", "interestAndDebtExpense": "None", "netIncomeFromContinuingOperations": "53000000", "comprehensiveIncomeNetOfTax": "None", "ebit": "23700000", "ebitda": "59200000", "netIncome": "53000000"}, {"fiscalDateEnding": "2024-06-30", "reportedCurrency": "USD", "grossProfit": "526500000", "totalRevenue": "677800000", "costOfRevenue": "151300000", "costofGoodsAndServicesSold": "151300000", "operatingIncome": "-21400000", "sellingGeneralAndAdministrative": "109900000", "researchAndDevelopment": "79600000", "operatingExpenses": "547900000", "investmentIncomeNet": "None", "netInterestIncome": "53500000", "interestIncome": "53500000", "interestExpense": "None", "nonInterestIncome": "None", "otherNonOperatingIncome": "None", "depreciation": "None", "depreciationAndAmortization": "38800000", "incomeBeforeTax": "35900000", "incomeTaxExpense": "16700000", "interestAndDebtExpense": "None", "netIncomeFromContinuingOperations": "19200000", "comprehensiveIncomeNetOfTax": "None", "ebit": "-16100000", "ebitda": "22700000", "netIncome": "19200000"}, {"fiscalDateEnding": "2024-03-31", "reportedCurrency": "USD", "grossProfit": "500600000", "totalRevenue": "656400000", "costOfRevenue": "155800000", "costofGoodsAndServicesSold": "155800000", "operatingIncome": "-46400000", "sellingGeneralAndAdministrative": "98500000", "researchAndDevelopment": "82400000", "operatingExpenses": "547000000", "investmentIncomeNet": "None", "netInterestIncome": "56200000", "interestIncome": "None", "interestExpense": "None", "nonInterestIncome": "None", "otherNonOperatingIncome": "None", "depreciation": "None", "depreciationAndAmortization": "33299999", "incomeBeforeTax": "11500000", "incomeTaxExpense": "4800000", "interestAndDebtExpense": "None", "netIncomeFromContinuingOperations": "6700000", "comprehensiveIncomeNetOfTax": "None", "ebit": "-42799999", "ebitda": "-9500000", "netIncome": "6700000"}, {"fiscalDateEnding": "2023-12-31", "reportedCurrency": "USD", "grossProfit": "503824000", "totalRevenue": "640100000", "costOfRevenue": "136276000", "costofGoodsAndServicesSold": "136276000", "operatingIncome": "69339000", "sellingGeneralAndAdministrative": "107058000", "researchAndDevelopment": "69750000", "operatingExpenses": "434444000", "investmentIncomeNet": "None", "netInterestIncome": "59719000", "interestIncome": "None", "interestExpense": "59719000", "nonInterestIncome": "None", "otherNonOperatingIncome": "None", "depreciation": "None", "depreciationAndAmortization": "28700000", "incomeBeforeTax": "132699999", "incomeTaxExpense": "36300000", "interestAndDebtExpense": "None", "netIncomeFromContinuingOperations": "96475000", "comprehensiveIncomeNetOfTax": "None", "ebit": "69324000", "ebitda": "98024000", "netIncome": "96475000"}, {"fiscalDateEnding": "2023-09-30", "reportedCurrency": "USD", "grossProfit": "501003000", "totalRevenue": "624669000", "costOfRevenue": "123666000", "costofGoodsAndServicesSold": "123666000", "operatingIncome": "61594000", "sellingGeneralAndAdministrative": "94371000", "researchAndDevelopment": "67891000", "operatingExpenses": "439409000", "investmentIncomeNet": "None", "netInterestIncome": "58422000", "interestIncome": "58400000", "interestExpense": "58422000", "nonInterestIncome": "None", "otherNonOperatingIncome": "None", "depreciation": "None", "depreciationAndAmortization": "27125000", "incomeBeforeTax": "120481000", "incomeTaxExpense": "29907000", "interestAndDebtExpense": "None", "netIncomeFromContinuingOperations": "90574000", "comprehensiveIncomeNetOfTax": "None", "ebit": "61594000", "ebitda": "88719000", "netIncome": "90574000"}, {"fiscalDateEnding": "2023-06-30", "reportedCurrency": "USD", "grossProfit": "493544000", "totalRevenue": "605906000", "costOfRevenue": "112362000", "costofGoodsAndServicesSold": "112362000", "operatingIncome": "79146000", "sellingGeneralAndAdministrative": "90563000", "researchAndDevelopment": "63369000", "operatingExpenses": "414398000", "investmentIncomeNet": "None", "netInterestIncome": "51911000", "interestIncome": "51900000", "interestExpense": "51911000", "nonInterestIncome": "None", "otherNonOperatingIncome": "609000", "depreciation": "None", "depreciationAndAmortization": "26063000", "incomeBeforeTax": "131666000", "incomeTaxExpense": "31146000", "interestAndDebtExpense": "None", "netIncomeFromContinuingOperations": "100520000", "comprehensiveIncomeNetOfTax": "None", "ebit": "79146000", "ebitda": "105209000", "netIncome": "100520000"}, {"fiscalDateEnding": "2023-03-31", "reportedCurrency": "USD", "grossProfit": "465170000", "totalRevenue": "584366000", "costOfRevenue": "119196000", "costofGoodsAndServicesSold": "119196000", "operatingIncome": "72221000", "sellingGeneralAndAdministrative": "89508000", "researchAndDevelopment": "66590000", "operatingExpenses": "392949000", "investmentIncomeNet": "None", "netInterestIncome": "43548000", "interestIncome": "None", "interestExpense": "43548000", "nonInterestIncome": "None", "otherNonOperatingIncome": "581000", "depreciation": "None", "depreciationAndAmortization": "25627000", "incomeBeforeTax": "116350000", "incomeTaxExpense": "29219000", "interestAndDebtExpense": "None", "netIncomeFromContinuingOperations": "87131000", "comprehensiveIncomeNetOfTax": "None", "ebit": "72221000", "ebitda": "97848000", "netIncome": "87100000"}, {"fiscalDateEnding": "2022-12-31", "reportedCurrency": "USD", "grossProfit": "464151000", "totalRevenue": "573345000", "costOfRevenue": "109194000", "costofGoodsAndServicesSold": "109194000", "operatingIncome": "127162000", "sellingGeneralAndAdministrative": "92161000", "researchAndDevelopment": "58403000", "operatingExpenses": "336989000", "investmentIncomeNet": "None", "netInterestIncome": "32586000", "interestIncome": "None", "interestExpense": "32586000", "nonInterestIncome": "None", "otherNonOperatingIncome": "-213000", "depreciation": "None", "depreciationAndAmortization": "27902000", "incomeBeforeTax": "159535000", "incomeTaxExpense": "35163000", "interestAndDebtExpense": "None", "netIncomeFromContinuingOperations": "124372000", "comprehensiveIncomeNetOfTax": "None", "ebit": "127162000", "ebitda": "155064000", "netIncome": "124372000"}, {"fiscalDateEnding": "2022-09-30", "reportedCurrency": "USD", "grossProfit": "448557000", "totalRevenue": "556921000", "costOfRevenue": "108364000", "costofGoodsAndServicesSold": "108364000", "operatingIncome": "85329000", "sellingGeneralAndAdministrative": "91270000", "researchAndDevelopment": "56912000", "operatingExpenses": "363228000", "investmentIncomeNet": "None", "netInterestIncome": "10656000", "interestIncome": "None", "interestExpense": "10656000", "nonInterestIncome": "None", "otherNonOperatingIncome": "1389000", "depreciation": "None", "depreciationAndAmortization": "45856000", "incomeBeforeTax": "97374000", "incomeTaxExpense": "25084000", "interestAndDebtExpense": "None", "netIncomeFromContinuingOperations": "72290000", "comprehensiveIncomeNetOfTax": "None", "ebit": "85329000", "ebitda": "131185000", "netIncome": "72290000"}, {"fiscalDateEnding": "2022-06-30", "reportedCurrency": "USD", "grossProfit": "435337000", "totalRevenue": "536308000", "costOfRevenue": "100971000", "costofGoodsAndServicesSold": "100971000", "operatingIncome": "110183000", "sellingGeneralAndAdministrative": "77345000", "researchAndDevelopment": "51587000", "operatingExpenses": "325154000", "investmentIncomeNet": "None", "netInterestIncome": "-3399000", "interestIncome": "None", "interestExpense": "3399000", "nonInterestIncome": "None", "otherNonOperatingIncome": "1343000", "depreciation": "None", "depreciationAndAmortization": "33280000", "incomeBeforeTax": "108127000", "incomeTaxExpense": "24654000", "interestAndDebtExpense": "None", "netIncomeFromContinuingOperations": "83473000", "comprehensiveIncomeNetOfTax": "None", "ebit": "110183000", "ebitda": "143463000", "netIncome": "83473000"}, {"fiscalDateEnding": "2022-03-31", "reportedCurrency": "USD", "grossProfit": "420346000", "totalRevenue": "515825000", "costOfRevenue": "95479000", "costofGoodsAndServicesSold": "95479000", "operatingIncome": "128275000", "sellingGeneralAndAdministrative": "77961000", "researchAndDevelopment": "54021000", "operatingExpenses": "292071000", "investmentIncomeNet": "None", "netInterestIncome": "-7718000", "interestIncome": "None", "interestExpense": "7718000", "nonInterestIncome": "None", "otherNonOperatingIncome": "864000", "depreciation": "None", "depreciationAndAmortization": "33054000", "incomeBeforeTax": "121421000", "incomeTaxExpense": "32103000", "interestAndDebtExpense": "None", "netIncomeFromContinuingOperations": "89318000", "comprehensiveIncomeNetOfTax": "None", "ebit": "128275000", "ebitda": "161329000", "netIncome": "89318000"}, {"fiscalDateEnding": "2021-12-31", "reportedCurrency": "USD", "grossProfit": "420456000", "totalRevenue": "506786000", "costOfRevenue": "86330000", "costofGoodsAndServicesSold": "86330000", "operatingIncome": "140385000", "sellingGeneralAndAdministrative": "69964000", "researchAndDevelopment": "52522000", "operatingExpenses": "280071000", "investmentIncomeNet": "None", "netInterestIncome": "-7923000", "interestIncome": "None", "interestExpense": "7923000", "nonInterestIncome": "None", "otherNonOperatingIncome": "909000", "depreciation": "None", "depreciationAndAmortization": "37168000", "incomeBeforeTax": "133371000", "incomeTaxExpense": "40471000", "interestAndDebtExpense": "None", "netIncomeFromContinuingOperations": "92900000", "comprehensiveIncomeNetOfTax": "None", "ebit": "141294000", "ebitda": "178462000", "netIncome": "92900000"}, {"fiscalDateEnding": "2021-09-30", "reportedCurrency": "USD", "grossProfit": "406722000", "totalRevenue": "499319000", "costOfRevenue": "92597000", "costofGoodsAndServicesSold": "92597000", "operatingIncome": "89732000", "sellingGeneralAndAdministrative": "64671000", "researchAndDevelopment": "53143000", "operatingExpenses": "316990000", "investmentIncomeNet": "None", "netInterestIncome": "-7943000", "interestIncome": "None", "interestExpense": "7943000", "nonInterestIncome": "None", "otherNonOperatingIncome": "1546000", "depreciation": "None", "depreciationAndAmortization": "33874000", "incomeBeforeTax": "83335000", "incomeTaxExpense": "19031000", "interestAndDebtExpense": "None", "netIncomeFromContinuingOperations": "64304000", "comprehensiveIncomeNetOfTax": "None", "ebit": "91278000", "ebitda": "125152000", "netIncome": "64304000"}, {"fiscalDateEnding": "2021-06-30", "reportedCurrency": "USD", "grossProfit": "390767000", "totalRevenue": "480333000", "costOfRevenue": "89566000", "costofGoodsAndServicesSold": "89566000", "operatingIncome": "101011000", "sellingGeneralAndAdministrative": "58226000", "researchAndDevelopment": "48573000", "operatingExpenses": "289756000", "investmentIncomeNet": "None", "netInterestIncome": "-7877000", "interestIncome": "None", "interestExpense": "7877000", "nonInterestIncome": "None", "otherNonOperatingIncome": "847000", "depreciation": "None", "depreciationAndAmortization": "33106000", "incomeBeforeTax": "93981000", "incomeTaxExpense": "32833000", "interestAndDebtExpense": "None", "netIncomeFromContinuingOperations": "61148000", "comprehensiveIncomeNetOfTax": "None", "ebit": "101858000", "ebitda": "134964000", "netIncome": "61148000"}, {"fiscalDateEnding": "2021-03-31", "reportedCurrency": "USD", "grossProfit": "368949000", "totalRevenue": "457697000", "costOfRevenue": "88748000", "costofGoodsAndServicesSold": "88748000", "operatingIncome": "101209000", "sellingGeneralAndAdministrative": "63850000", "researchAndDevelopment": "46784000", "operatingExpenses": "267740000", "investmentIncomeNet": "None", "netInterestIncome": "-7878000", "interestIncome": "None", "interestExpense": "7878000", "nonInterestIncome": "None", "otherNonOperatingIncome": "-50000", "depreciation": "None", "depreciationAndAmortization": "35410000", "incomeBeforeTax": "93281000", "incomeTaxExpense": "19069000", "interestAndDebtExpense": "None", "netIncomeFromContinuingOperations": "74212000", "comprehensiveIncomeNetOfTax": "None", "ebit": "101159000", "ebitda": "136569000", "netIncome": "74212000"}, {"fiscalDateEnding": "2020-12-31", "reportedCurrency": "USD", "grossProfit": "366239000", "totalRevenue": "444393000", "costOfRevenue": "78154000", "costofGoodsAndServicesSold": "78154000", "operatingIncome": "55210000", "sellingGeneralAndAdministrative": "118100000", "researchAndDevelopment": "41573000", "operatingExpenses": "311029000", "investmentIncomeNet": "None", "netInterestIncome": "-7913000", "interestIncome": "None", "interestExpense": "23017000", "nonInterestIncome": "None", "otherNonOperatingIncome": "-21101000", "depreciation": "None", "depreciationAndAmortization": "33033000", "incomeBeforeTax": "46441000", "incomeTaxExpense": "10652000", "interestAndDebtExpense": "None", "netIncomeFromContinuingOperations": "35789000", "comprehensiveIncomeNetOfTax": "None", "ebit": "55210000", "ebitda": "88243000", "netIncome": "35789000"}, {"fiscalDateEnding": "2020-09-30", "reportedCurrency": "USD", "grossProfit": "347755000", "totalRevenue": "425620000", "costOfRevenue": "77865000", "costofGoodsAndServicesSold": "77865000", "operatingIncome": "76809000", "sellingGeneralAndAdministrative": "65322000", "researchAndDevelopment": "40732000", "operatingExpenses": "270946000", "investmentIncomeNet": "None", "netInterestIncome": "-7537000", "interestIncome": "None", "interestExpense": "7537000", "nonInterestIncome": "None", "otherNonOperatingIncome": "-338000", "depreciation": "None", "depreciationAndAmortization": "31676000", "incomeBeforeTax": "68934000", "incomeTaxExpense": "10748000", "interestAndDebtExpense": "None", "netIncomeFromContinuingOperations": "58186000", "comprehensiveIncomeNetOfTax": "None", "ebit": "76809000", "ebitda": "108485000", "netIncome": "58186000"}, {"fiscalDateEnding": "2020-06-30", "reportedCurrency": "USD", "grossProfit": "323119000", "totalRevenue": "397159000", "costOfRevenue": "74040000", "costofGoodsAndServicesSold": "74040000", "operatingIncome": "81319000", "sellingGeneralAndAdministrative": "57403000", "researchAndDevelopment": "39001000", "operatingExpenses": "241800000", "investmentIncomeNet": "None", "netInterestIncome": "-3596000", "interestIncome": "None", "interestExpense": "3596000", "nonInterestIncome": "None", "otherNonOperatingIncome": "-474000", "depreciation": "None", "depreciationAndAmortization": "27979000", "incomeBeforeTax": "77249000", "incomeTaxExpense": "16889000", "interestAndDebtExpense": "None", "netIncomeFromContinuingOperations": "60360000", "comprehensiveIncomeNetOfTax": "None", "ebit": "80845000", "ebitda": "108824000", "netIncome": "60360000"}, {"fiscalDateEnding": "2020-03-31", "reportedCurrency": "USD", "grossProfit": "312938000", "totalRevenue": "391847000", "costOfRevenue": "78909000", "costofGoodsAndServicesSold": "78909000", "operatingIncome": "75864000", "sellingGeneralAndAdministrative": "58873000", "researchAndDevelopment": "41610000", "operatingExpenses": "237074000", "investmentIncomeNet": "None", "netInterestIncome": "2492000", "interestIncome": "4518000", "interestExpense": "2026000", "nonInterestIncome": "None", "otherNonOperatingIncome": "4518000", "depreciation": "None", "depreciationAndAmortization": "24256000", "incomeBeforeTax": "78356000", "incomeTaxExpense": "5563000", "interestAndDebtExpense": "None", "netIncomeFromContinuingOperations": "72793000", "comprehensiveIncomeNetOfTax": "None", "ebit": "80382000", "ebitda": "104638000", "netIncome": "72793000"}, {"fiscalDateEnding": "2019-12-31", "reportedCurrency": "USD", "grossProfit": "299730000", "totalRevenue": "374726000", "costOfRevenue": "74996000", "costofGoodsAndServicesSold": "74996000", "operatingIncome": "100986000", "sellingGeneralAndAdministrative": "50797000", "researchAndDevelopment": "36580000", "operatingExpenses": "198744000", "investmentIncomeNet": "None", "netInterestIncome": "13319000", "interestIncome": "13801000", "interestExpense": "482000", "nonInterestIncome": "None", "otherNonOperatingIncome": "13801000", "depreciation": "None", "depreciationAndAmortization": "23930000", "incomeBeforeTax": "114305000", "incomeTaxExpense": "26378000", "interestAndDebtExpense": "None", "netIncomeFromContinuingOperations": "87927000", "comprehensiveIncomeNetOfTax": "None", "ebit": "114787000", "ebitda": "138717000", "netIncome": "87927000"}, {"fiscalDateEnding": "2019-09-30", "reportedCurrency": "USD", "grossProfit": "281636000", "totalRevenue": "352808000", "costOfRevenue": "71172000", "costofGoodsAndServicesSold": "71172000", "operatingIncome": "94269000", "sellingGeneralAndAdministrative": "45530000", "researchAndDevelopment": "32639000", "operatingExpenses": "187367000", "investmentIncomeNet": "None", "netInterestIncome": "4654000", "interestIncome": "5358000", "interestExpense": "704000", "nonInterestIncome": "None", "otherNonOperatingIncome": "5358000", "depreciation": "None", "depreciationAndAmortization": "18822000", "incomeBeforeTax": "98923000", "incomeTaxExpense": "20304000", "interestAndDebtExpense": "None", "netIncomeFromContinuingOperations": "78619000", "comprehensiveIncomeNetOfTax": "None", "ebit": "99627000", "ebitda": "118449000", "netIncome": "78619000"}, {"fiscalDateEnding": "2019-06-30", "reportedCurrency": "USD", "grossProfit": "271842000", "totalRevenue": "343760000", "costOfRevenue": "71918000", "costofGoodsAndServicesSold": "71918000", "operatingIncome": "74800000", "sellingGeneralAndAdministrative": "42337000", "researchAndDevelopment": "28455000", "operatingExpenses": "197042000", "investmentIncomeNet": "None", "netInterestIncome": "5216000", "interestIncome": "5913000", "interestExpense": "697000", "nonInterestIncome": "None", "otherNonOperatingIncome": "5913000", "depreciation": "None", "depreciationAndAmortization": "18754000", "incomeBeforeTax": "80016000", "incomeTaxExpense": "16768000", "interestAndDebtExpense": "None", "netIncomeFromContinuingOperations": "63248000", "comprehensiveIncomeNetOfTax": "None", "ebit": "80713000", "ebitda": "99467000", "netIncome": "63248000"}, {"fiscalDateEnding": "2019-03-31", "reportedCurrency": "USD", "grossProfit": "257272000", "totalRevenue": "328425000", "costOfRevenue": "71153000", "costofGoodsAndServicesSold": "71153000", "operatingIncome": "93492000", "sellingGeneralAndAdministrative": "40076000", "researchAndDevelopment": "27928000", "operatingExpenses": "163780000", "investmentIncomeNet": "None", "netInterestIncome": "4213000", "interestIncome": "4945000", "interestExpense": "732000", "nonInterestIncome": "None", "otherNonOperatingIncome": "4945000", "depreciation": "None", "depreciationAndAmortization": "19659000", "incomeBeforeTax": "97705000", "incomeTaxExpense": "12536000", "interestAndDebtExpense": "None", "netIncomeFromContinuingOperations": "85169000", "comprehensiveIncomeNetOfTax": "None", "ebit": "98437000", "ebitda": "118096000", "netIncome": "85169000"}, {"fiscalDateEnding": "2018-12-31", "reportedCurrency": "USD", "grossProfit": "247323000", "totalRevenue": "315571000", "costOfRevenue": "68248000", "costofGoodsAndServicesSold": "68248000", "operatingIncome": "105657000", "sellingGeneralAndAdministrative": "39001000", "researchAndDevelopment": "25580000", "operatingExpenses": "141666000", "investmentIncomeNet": "None", "netInterestIncome": "None", "interestIncome": "None", "interestExpense": "695000", "nonInterestIncome": "None", "otherNonOperatingIncome": "4607000", "depreciation": "None", "depreciationAndAmortization": "19743000", "incomeBeforeTax": "109569000", "incomeTaxExpense": "26060000", "interestAndDebtExpense": "None", "netIncomeFromContinuingOperations": "83509000", "comprehensiveIncomeNetOfTax": "None", "ebit": "110264000", "ebitda": "130007000", "netIncome": "83509000"}, {"fiscalDateEnding": "2018-09-30", "reportedCurrency": "USD", "grossProfit": "233453000", "totalRevenue": "305525000", "costOfRevenue": "72072000", "costofGoodsAndServicesSold": "72072000", "operatingIncome": "70688000", "sellingGeneralAndAdministrative": "39012000", "researchAndDevelopment": "26173000", "operatingExpenses": "162765000", "investmentIncomeNet": "None", "netInterestIncome": "None", "interestIncome": "None", "interestExpense": "717000", "nonInterestIncome": "None", "otherNonOperatingIncome": "3035000", "depreciation": "None", "depreciationAndAmortization": "20433000", "incomeBeforeTax": "73006000", "incomeTaxExpense": "14247000", "interestAndDebtExpense": "None", "netIncomeFromContinuingOperations": "58759000", "comprehensiveIncomeNetOfTax": "None", "ebit": "73723000", "ebitda": "94156000", "netIncome": "58759000"}, {"fiscalDateEnding": "2018-06-30", "reportedCurrency": "USD", "grossProfit": "229882000", "totalRevenue": "297018000", "costOfRevenue": "67136000", "costofGoodsAndServicesSold": "67136000", "operatingIncome": "43774000", "sellingGeneralAndAdministrative": "38056000", "researchAndDevelopment": "26271000", "operatingExpenses": "186108000", "investmentIncomeNet": "None", "netInterestIncome": "None", "interestIncome": "None", "interestExpense": "728000", "nonInterestIncome": "None", "otherNonOperatingIncome": "2652000", "depreciation": "None", "depreciationAndAmortization": "20584000", "incomeBeforeTax": "45698000", "incomeTaxExpense": "1863000", "interestAndDebtExpense": "None", "netIncomeFromContinuingOperations": "43835000", "comprehensiveIncomeNetOfTax": "None", "ebit": "46426000", "ebitda": "67010000", "netIncome": "43835000"}, {"fiscalDateEnding": "2018-03-31", "reportedCurrency": "USD", "grossProfit": "211241000", "totalRevenue": "273718000", "costOfRevenue": "62477000", "costofGoodsAndServicesSold": "62477000", "operatingIncome": "53445000", "sellingGeneralAndAdministrative": "40590000", "researchAndDevelopment": "22913000", "operatingExpenses": "157796000", "investmentIncomeNet": "None", "netInterestIncome": "None", "interestIncome": "None", "interestExpense": "690000", "nonInterestIncome": "None", "otherNonOperatingIncome": "2987000", "depreciation": "None", "depreciationAndAmortization": "16983000", "incomeBeforeTax": "55742000", "incomeTaxExpense": "3511000", "interestAndDebtExpense": "None", "netIncomeFromContinuingOperations": "52231000", "comprehensiveIncomeNetOfTax": "None", "ebit": "56432000", "ebitda": "73415000", "netIncome": "52231000"}, {"fiscalDateEnding": "2017-12-31", "reportedCurrency": "USD", "grossProfit": "195690000", "totalRevenue": "253991000", "costOfRevenue": "58301000", "costofGoodsAndServicesSold": "58301000", "operatingIncome": "50758000", "sellingGeneralAndAdministrative": "41578000", "researchAndDevelopment": "21796000", "operatingExpenses": "144932000", "investmentIncomeNet": "None", "netInterestIncome": "None", "interestIncome": "None", "interestExpense": "734000", "nonInterestIncome": "None", "otherNonOperatingIncome": "-1333000", "depreciation": "None", "depreciationAndAmortization": "15366000", "incomeBeforeTax": "48691000", "incomeTaxExpense": "4487000", "interestAndDebtExpense": "None", "netIncomeFromContinuingOperations": "44204000", "comprehensiveIncomeNetOfTax": "None", "ebit": "53213000", "ebitda": "68579000", "netIncome": "44204000"}, {"fiscalDateEnding": "2017-09-30", "reportedCurrency": "USD", "grossProfit": "192050000", "totalRevenue": "247533000", "costOfRevenue": "55483000", "costofGoodsAndServicesSold": "55483000", "operatingIncome": "57513000", "sellingGeneralAndAdministrative": "35998000", "researchAndDevelopment": "21536000", "operatingExpenses": "134537000", "investmentIncomeNet": "None", "netInterestIncome": "None", "interestIncome": "None", "interestExpense": "2901000", "nonInterestIncome": "None", "otherNonOperatingIncome": "555000", "depreciation": "None", "depreciationAndAmortization": "15119000", "incomeBeforeTax": "55167000", "incomeTaxExpense": "20990000", "interestAndDebtExpense": "None", "netIncomeFromContinuingOperations": "34177000", "comprehensiveIncomeNetOfTax": "None", "ebit": "58068000", "ebitda": "73187000", "netIncome": "34177000"}, {"fiscalDateEnding": "2017-06-30", "reportedCurrency": "USD", "grossProfit": "181880000", "totalRevenue": "237153000", "costOfRevenue": "55273000", "costofGoodsAndServicesSold": "55273000", "operatingIncome": "27883000", "sellingGeneralAndAdministrative": "34557000", "researchAndDevelopment": "23144000", "operatingExpenses": "153997000", "investmentIncomeNet": "None", "netInterestIncome": "None", "interestIncome": "None", "interestExpense": "2693000", "nonInterestIncome": "None", "otherNonOperatingIncome": "605000", "depreciation": "None", "depreciationAndAmortization": "4570000", "incomeBeforeTax": "25795000", "incomeTaxExpense": "3611000", "interestAndDebtExpense": "None", "netIncomeFromContinuingOperations": "22184000", "comprehensiveIncomeNetOfTax": "None", "ebit": "28488000", "ebitda": "33058000", "netIncome": "22184000"}, {"fiscalDateEnding": "2017-03-31", "reportedCurrency": "USD", "grossProfit": "175207000", "totalRevenue": "226553000", "costOfRevenue": "51346000", "costofGoodsAndServicesSold": "51346000", "operatingIncome": "37662000", "sellingGeneralAndAdministrative": "33995000", "researchAndDevelopment": "22374000", "operatingExpenses": "137545000", "investmentIncomeNet": "None", "netInterestIncome": "None", "interestIncome": "None", "interestExpense": "2686000", "nonInterestIncome": "None", "otherNonOperatingIncome": "429000", "depreciation": "None", "depreciationAndAmortization": "17298000", "incomeBeforeTax": "35405000", "incomeTaxExpense": "13275000", "interestAndDebtExpense": "None", "netIncomeFromContinuingOperations": "22130000", "comprehensiveIncomeNetOfTax": "None", "ebit": "38091000", "ebitda": "55389000", "netIncome": "22130000"}, {"fiscalDateEnding": "2016-12-31", "reportedCurrency": "USD", "grossProfit": "172298000", "totalRevenue": "218311000", "costOfRevenue": "46013000", "costofGoodsAndServicesSold": "46013000", "operatingIncome": "46889000", "sellingGeneralAndAdministrative": "35022000", "researchAndDevelopment": "19861000", "operatingExpenses": "120280000", "investmentIncomeNet": "None", "netInterestIncome": "None", "interestIncome": "None", "interestExpense": "2554000", "nonInterestIncome": "None", "otherNonOperatingIncome": "1186000", "depreciation": "None", "depreciationAndAmortization": "17124000", "incomeBeforeTax": "45521000", "incomeTaxExpense": "15948000", "interestAndDebtExpense": "None", "netIncomeFromContinuingOperations": "29573000", "comprehensiveIncomeNetOfTax": "None", "ebit": "30951000", "ebitda": "48075000", "netIncome": "29573000"}, {"fiscalDateEnding": "2016-09-30", "reportedCurrency": "USD", "grossProfit": "170489000", "totalRevenue": "212711000", "costOfRevenue": "42222000", "costofGoodsAndServicesSold": "42222000", "operatingIncome": "39596000", "sellingGeneralAndAdministrative": "30572000", "researchAndDevelopment": "19357000", "operatingExpenses": "125343000", "investmentIncomeNet": "None", "netInterestIncome": "None", "interestIncome": "None", "interestExpense": "2498000", "nonInterestIncome": "None", "otherNonOperatingIncome": "344000", "depreciation": "None", "depreciationAndAmortization": "18080000", "incomeBeforeTax": "37442000", "incomeTaxExpense": "14241000", "interestAndDebtExpense": "None", "netIncomeFromContinuingOperations": "23201000", "comprehensiveIncomeNetOfTax": "None", "ebit": "21860000", "ebitda": "39940000", "netIncome": "23201000"}, {"fiscalDateEnding": "2016-06-30", "reportedCurrency": "USD", "grossProfit": "164190000", "totalRevenue": "206869000", "costOfRevenue": "42679000", "costofGoodsAndServicesSold": "42679000", "operatingIncome": "28119000", "sellingGeneralAndAdministrative": "30227000", "researchAndDevelopment": "19547000", "operatingExpenses": "130242000", "investmentIncomeNet": "None", "netInterestIncome": "None", "interestIncome": "None", "interestExpense": "2455000", "nonInterestIncome": "None", "otherNonOperatingIncome": "159000", "depreciation": "None", "depreciationAndAmortization": "17440000", "incomeBeforeTax": "25823000", "incomeTaxExpense": "10247000", "interestAndDebtExpense": "None", "netIncomeFromContinuingOperations": "15576000", "comprehensiveIncomeNetOfTax": "None", "ebit": "10838000", "ebitda": "28278000", "netIncome": "15576000"}, {"fiscalDateEnding": "2016-03-31", "reportedCurrency": "USD", "grossProfit": "156839000", "totalRevenue": "199739000", "costOfRevenue": "42900000", "costofGoodsAndServicesSold": "42900000", "operatingIncome": "30301000", "sellingGeneralAndAdministrative": "27476000", "researchAndDevelopment": "17635000", "operatingExpenses": "120315000", "investmentIncomeNet": "None", "netInterestIncome": "None", "interestIncome": "None", "interestExpense": "2509000", "nonInterestIncome": "None", "otherNonOperatingIncome": "84000", "depreciation": "None", "depreciationAndAmortization": "17521000", "incomeBeforeTax": "27876000", "incomeTaxExpense": "11155000", "interestAndDebtExpense": "None", "netIncomeFromContinuingOperations": "16721000", "comprehensiveIncomeNetOfTax": "None", "ebit": "12864000", "ebitda": "30385000", "netIncome": "16721000"}, {"fiscalDateEnding": "2015-12-31", "reportedCurrency": "USD", "grossProfit": "147882000", "totalRevenue": "193009000", "costOfRevenue": "45127000", "costofGoodsAndServicesSold": "45127000", "operatingIncome": "35522000", "sellingGeneralAndAdministrative": "29161000", "researchAndDevelopment": "16720000", "operatingExpenses": "105689000", "investmentIncomeNet": "None", "netInterestIncome": "None", "interestIncome": "None", "interestExpense": "2351000", "nonInterestIncome": "None", "otherNonOperatingIncome": "64000", "depreciation": "None", "depreciationAndAmortization": "19525000", "incomeBeforeTax": "33235000", "incomeTaxExpense": "10245000", "interestAndDebtExpense": "None", "netIncomeFromContinuingOperations": "22990000", "comprehensiveIncomeNetOfTax": "None", "ebit": "16061000", "ebitda": "35586000", "netIncome": "22990000"}, {"fiscalDateEnding": "2015-09-30", "reportedCurrency": "USD", "grossProfit": "135350000", "totalRevenue": "189078000", "costOfRevenue": "53728000", "costofGoodsAndServicesSold": "53728000", "operatingIncome": "-431000", "sellingGeneralAndAdministrative": "31074000", "researchAndDevelopment": "17048000", "operatingExpenses": "128628000", "investmentIncomeNet": "None", "netInterestIncome": "None", "interestIncome": "None", "interestExpense": "2363000", "nonInterestIncome": "None", "otherNonOperatingIncome": "42000", "depreciation": "None", "depreciationAndAmortization": "22520000", "incomeBeforeTax": "-2752000", "incomeTaxExpense": "2610000", "interestAndDebtExpense": "None", "netIncomeFromContinuingOperations": "-5362000", "comprehensiveIncomeNetOfTax": "None", "ebit": "-22909000", "ebitda": "-389000", "netIncome": "-5362000"}, {"fiscalDateEnding": "2015-06-30", "reportedCurrency": "USD", "grossProfit": "126023000", "totalRevenue": "170657000", "costOfRevenue": "44634000", "costofGoodsAndServicesSold": "44634000", "operatingIncome": "-20129000", "sellingGeneralAndAdministrative": "29909000", "researchAndDevelopment": "16844000", "operatingExpenses": "139187000", "investmentIncomeNet": "None", "netInterestIncome": "None", "interestIncome": "None", "interestExpense": "2354000", "nonInterestIncome": "None", "otherNonOperatingIncome": "137000", "depreciation": "None", "depreciationAndAmortization": "18674000", "incomeBeforeTax": "-22346000", "incomeTaxExpense": "-7380000", "interestAndDebtExpense": "None", "netIncomeFromContinuingOperations": "-14966000", "comprehensiveIncomeNetOfTax": "None", "ebit": "-38666000", "ebitda": "-19992000", "netIncome": "-14966000"}, {"fiscalDateEnding": "2015-03-31", "reportedCurrency": "USD", "grossProfit": "113624000", "totalRevenue": "159020000", "costOfRevenue": "45396000", "costofGoodsAndServicesSold": "45396000", "operatingIncome": "-3507000", "sellingGeneralAndAdministrative": "25363000", "researchAndDevelopment": "15148000", "operatingExpenses": "109989000", "investmentIncomeNet": "None", "netInterestIncome": "None", "interestIncome": "None", "interestExpense": "2343000", "nonInterestIncome": "None", "otherNonOperatingIncome": "294000", "depreciation": "None", "depreciationAndAmortization": "17813000", "incomeBeforeTax": "-5556000", "incomeTaxExpense": "571000", "interestAndDebtExpense": "None", "netIncomeFromContinuingOperations": "-6127000", "comprehensiveIncomeNetOfTax": "None", "ebit": "-21026000", "ebitda": "-3213000", "netIncome": "-6127000"}, {"fiscalDateEnding": "2014-12-31", "reportedCurrency": "USD", "grossProfit": "113173000", "totalRevenue": "156096000", "costOfRevenue": "42923000", "costofGoodsAndServicesSold": "42923000", "operatingIncome": "23348000", "sellingGeneralAndAdministrative": "27381000", "researchAndDevelopment": "13705000", "operatingExpenses": "82089000", "investmentIncomeNet": "None", "netInterestIncome": "None", "interestIncome": "None", "interestExpense": "2415000", "nonInterestIncome": "None", "otherNonOperatingIncome": "271000", "depreciation": "None", "depreciationAndAmortization": "19639000", "incomeBeforeTax": "21204000", "incomeTaxExpense": "7281000", "interestAndDebtExpense": "None", "netIncomeFromContinuingOperations": "13923000", "comprehensiveIncomeNetOfTax": "None", "ebit": "3980000", "ebitda": "23619000", "netIncome": "13923000"}, {"fiscalDateEnding": "2014-09-30", "reportedCurrency": "USD", "grossProfit": "112124000", "totalRevenue": "153056000", "costOfRevenue": "40932000", "costofGoodsAndServicesSold": "40932000", "operatingIncome": "23480000", "sellingGeneralAndAdministrative": "25388000", "researchAndDevelopment": "14227000", "operatingExpenses": "80283000", "investmentIncomeNet": "None", "netInterestIncome": "None", "interestIncome": "None", "interestExpense": "2698000", "nonInterestIncome": "None", "otherNonOperatingIncome": "46000", "depreciation": "None", "depreciationAndAmortization": "20212000", "incomeBeforeTax": "20828000", "incomeTaxExpense": "7871000", "interestAndDebtExpense": "None", "netIncomeFromContinuingOperations": "12957000", "comprehensiveIncomeNetOfTax": "None", "ebit": "3314000", "ebitda": "23526000", "netIncome": "12957000"}, {"fiscalDateEnding": "2014-06-30", "reportedCurrency": "USD", "grossProfit": "108227000", "totalRevenue": "147708000", "costOfRevenue": "39481000", "costofGoodsAndServicesSold": "39481000", "operatingIncome": "16909000", "sellingGeneralAndAdministrative": "26250000", "researchAndDevelopment": "15143000", "operatingExpenses": "82282000", "investmentIncomeNet": "None", "netInterestIncome": "None", "interestIncome": "None", "interestExpense": "3753000", "nonInterestIncome": "None", "otherNonOperatingIncome": "62000", "depreciation": "None", "depreciationAndAmortization": "20670000", "incomeBeforeTax": "13218000", "incomeTaxExpense": "4969000", "interestAndDebtExpense": "None", "netIncomeFromContinuingOperations": "8249000", "comprehensiveIncomeNetOfTax": "None", "ebit": "-3699000", "ebitda": "16971000", "netIncome": "8249000"}, {"fiscalDateEnding": "2014-03-31", "reportedCurrency": "USD", "grossProfit": "85433000", "totalRevenue": "119076000", "costOfRevenue": "33643000", "costofGoodsAndServicesSold": "33643000", "operatingIncome": "17141000", "sellingGeneralAndAdministrative": "24897000", "researchAndDevelopment": "12351000", "operatingExpenses": "64993000", "investmentIncomeNet": "None", "netInterestIncome": "None", "interestIncome": "None", "interestExpense": "1615000", "nonInterestIncome": "None", "otherNonOperatingIncome": "137000", "depreciation": "None", "depreciationAndAmortization": "9851000", "incomeBeforeTax": "15663000", "incomeTaxExpense": "5923000", "interestAndDebtExpense": "None", "netIncomeFromContinuingOperations": "9740000", "comprehensiveIncomeNetOfTax": "None", "ebit": "7427000", "ebitda": "17278000", "netIncome": "9740000"}, {"fiscalDateEnding": "2013-12-31", "reportedCurrency": "USD", "grossProfit": "83856000", "totalRevenue": "115610000", "costOfRevenue": "31754000", "costofGoodsAndServicesSold": "31754000", "operatingIncome": "21699000", "sellingGeneralAndAdministrative": "22499000", "researchAndDevelopment": "11605000", "operatingExpenses": "58673000", "investmentIncomeNet": "None", "netInterestIncome": "None", "interestIncome": "None", "interestExpense": "1694000", "nonInterestIncome": "None", "otherNonOperatingIncome": "87000", "depreciation": "None", "depreciationAndAmortization": "9821000", "incomeBeforeTax": "20092000", "incomeTaxExpense": "7293000", "interestAndDebtExpense": "None", "netIncomeFromContinuingOperations": "12799000", "comprehensiveIncomeNetOfTax": "None", "ebit": "11965000", "ebitda": "21786000", "netIncome": "12799000"}, {"fiscalDateEnding": "2013-09-30", "reportedCurrency": "USD", "grossProfit": "80577000", "totalRevenue": "112301000", "costOfRevenue": "31724000", "costofGoodsAndServicesSold": "31724000", "operatingIncome": "19770000", "sellingGeneralAndAdministrative": "21940000", "researchAndDevelopment": "11562000", "operatingExpenses": "57127000", "investmentIncomeNet": "None", "netInterestIncome": "None", "interestIncome": "None", "interestExpense": "1736000", "nonInterestIncome": "None", "otherNonOperatingIncome": "52000", "depreciation": "None", "depreciationAndAmortization": "10022000", "incomeBeforeTax": "18086000", "incomeTaxExpense": "7034000", "interestAndDebtExpense": "None", "netIncomeFromContinuingOperations": "11052000", "comprehensiveIncomeNetOfTax": "None", "ebit": "9800000", "ebitda": "19822000", "netIncome": "11052000"}, {"fiscalDateEnding": "2013-06-30", "reportedCurrency": "USD", "grossProfit": "76898000", "totalRevenue": "108999000", "costOfRevenue": "32101000", "costofGoodsAndServicesSold": "32101000", "operatingIncome": "15283000", "sellingGeneralAndAdministrative": "22697000", "researchAndDevelopment": "11488000", "operatingExpenses": "57721000", "investmentIncomeNet": "None", "netInterestIncome": "None", "interestIncome": "None", "interestExpense": "1758000", "nonInterestIncome": "None", "otherNonOperatingIncome": "83000", "depreciation": "None", "depreciationAndAmortization": "10049000", "incomeBeforeTax": "13608000", "incomeTaxExpense": "5315000", "interestAndDebtExpense": "None", "netIncomeFromContinuingOperations": "8293000", "comprehensiveIncomeNetOfTax": "None", "ebit": "15366000", "ebitda": "25415000", "netIncome": "8293000"}, {"fiscalDateEnding": "2013-03-31", "reportedCurrency": "USD", "grossProfit": "70427000", "totalRevenue": "104033000", "costOfRevenue": "33606000", "costofGoodsAndServicesSold": "33606000", "operatingIncome": "-2598000", "sellingGeneralAndAdministrative": "29820000", "researchAndDevelopment": "12102000", "operatingExpenses": "68900000", "investmentIncomeNet": "None", "netInterestIncome": "None", "interestIncome": "None", "interestExpense": "1755000", "nonInterestIncome": "None", "otherNonOperatingIncome": "104000", "depreciation": "None", "depreciationAndAmortization": "10166000", "incomeBeforeTax": "-4249000", "incomeTaxExpense": "-1839000", "interestAndDebtExpense": "None", "netIncomeFromContinuingOperations": "-2410000", "comprehensiveIncomeNetOfTax": "None", "ebit": "-12660000", "ebitda": "-2494000", "netIncome": "-2410000"}, {"fiscalDateEnding": "2012-12-31", "reportedCurrency": "USD", "grossProfit": "68605000", "totalRevenue": "100083000", "costOfRevenue": "31478000", "costofGoodsAndServicesSold": "31478000", "operatingIncome": "9905000", "sellingGeneralAndAdministrative": "17552000", "researchAndDevelopment": "10042000", "operatingExpenses": "54131000", "investmentIncomeNet": "None", "netInterestIncome": "None", "interestIncome": "None", "interestExpense": "1810000", "nonInterestIncome": "None", "otherNonOperatingIncome": "3108000", "depreciation": "None", "depreciationAndAmortization": "10553000", "incomeBeforeTax": "8181000", "incomeTaxExpense": "3467000", "interestAndDebtExpense": "None", "netIncomeFromContinuingOperations": "4714000", "comprehensiveIncomeNetOfTax": "None", "ebit": "-562000", "ebitda": "9991000", "netIncome": "4714000"}, {"fiscalDateEnding": "2012-09-30", "reportedCurrency": "USD", "grossProfit": "65119000", "totalRevenue": "96001000", "costOfRevenue": "30882000", "costofGoodsAndServicesSold": "30882000", "operatingIncome": "8946000", "sellingGeneralAndAdministrative": "19617000", "researchAndDevelopment": "9722000", "operatingExpenses": "56173000", "investmentIncomeNet": "None", "netInterestIncome": "None", "interestIncome": "None", "interestExpense": "1763000", "nonInterestIncome": "None", "otherNonOperatingIncome": "-1763000", "depreciation": "None", "depreciationAndAmortization": "4824000", "incomeBeforeTax": "7183000", "incomeTaxExpense": "404000", "interestAndDebtExpense": "None", "netIncomeFromContinuingOperations": "6779000", "comprehensiveIncomeNetOfTax": "None", "ebit": "8946000", "ebitda": "13770000", "netIncome": "6779000"}, {"fiscalDateEnding": "2012-06-30", "reportedCurrency": "USD", "grossProfit": "57051000", "totalRevenue": "85223000", "costOfRevenue": "28172000", "costofGoodsAndServicesSold": "28172000", "operatingIncome": "-13000", "sellingGeneralAndAdministrative": "25491000", "researchAndDevelopment": "7977000", "operatingExpenses": "57064000", "investmentIncomeNet": "None", "netInterestIncome": "None", "interestIncome": "None", "interestExpense": "1069000", "nonInterestIncome": "None", "otherNonOperatingIncome": "-1069000", "depreciation": "None", "depreciationAndAmortization": "8184000", "incomeBeforeTax": "-1082000", "incomeTaxExpense": "5628000", "interestAndDebtExpense": "None", "netIncomeFromContinuingOperations": "-6710000", "comprehensiveIncomeNetOfTax": "None", "ebit": "-13000", "ebitda": "8171000", "netIncome": "-6710000"}, {"fiscalDateEnding": "2012-03-31", "reportedCurrency": "USD", "grossProfit": "44295000", "totalRevenue": "68629000", "costOfRevenue": "24334000", "costofGoodsAndServicesSold": "24334000", "operatingIncome": "8602000", "sellingGeneralAndAdministrative": "14494000", "researchAndDevelopment": "5015000", "operatingExpenses": "35693000", "investmentIncomeNet": "None", "netInterestIncome": "None", "interestIncome": "None", "interestExpense": "0", "nonInterestIncome": "None", "otherNonOperatingIncome": "250000", "depreciation": "None", "depreciationAndAmortization": "3320000", "incomeBeforeTax": "8852000", "incomeTaxExpense": "3720000", "interestAndDebtExpense": "None", "netIncomeFromContinuingOperations": "5132000", "comprehensiveIncomeNetOfTax": "None", "ebit": "8602000", "ebitda": "11922000", "netIncome": "5132000"}, {"fiscalDateEnding": "2011-12-31", "reportedCurrency": "USD", "grossProfit": "44150000", "totalRevenue": "66164000", "costOfRevenue": "22014000", "costofGoodsAndServicesSold": "22014000", "operatingIncome": "7762000", "sellingGeneralAndAdministrative": "14987000", "researchAndDevelopment": "4617000", "operatingExpenses": "36388000", "investmentIncomeNet": "None", "netInterestIncome": "None", "interestIncome": "None", "interestExpense": "0", "nonInterestIncome": "None", "otherNonOperatingIncome": "None", "depreciation": "None", "depreciationAndAmortization": "3209000", "incomeBeforeTax": "7986000", "incomeTaxExpense": "2810000", "interestAndDebtExpense": "None", "netIncomeFromContinuingOperations": "0", "comprehensiveIncomeNetOfTax": "None", "ebit": "7762000", "ebitda": "10971000", "netIncome": "5176000"}, {"fiscalDateEnding": "2011-09-30", "reportedCurrency": "USD", "grossProfit": "42654000", "totalRevenue": "63829000", "costOfRevenue": "21175000", "costofGoodsAndServicesSold": "21175000", "operatingIncome": "3004000", "sellingGeneralAndAdministrative": "16631000", "researchAndDevelopment": "5017000", "operatingExpenses": "39650000", "investmentIncomeNet": "None", "netInterestIncome": "None", "interestIncome": "None", "interestExpense": "0", "nonInterestIncome": "None", "otherNonOperatingIncome": "194000", "depreciation": "None", "depreciationAndAmortization": "535000", "incomeBeforeTax": "3198000", "incomeTaxExpense": "887000", "interestAndDebtExpense": "None", "netIncomeFromContinuingOperations": "2311000", "comprehensiveIncomeNetOfTax": "None", "ebit": "3004000", "ebitda": "3539000", "netIncome": "2311000"}, {"fiscalDateEnding": "2011-06-30", "reportedCurrency": "USD", "grossProfit": "39715000", "totalRevenue": "62127000", "costOfRevenue": "22412000", "costofGoodsAndServicesSold": "22412000", "operatingIncome": "3909000", "sellingGeneralAndAdministrative": "15845000", "researchAndDevelopment": "5135000", "operatingExpenses": "35806000", "investmentIncomeNet": "None", "netInterestIncome": "None", "interestIncome": "None", "interestExpense": "0", "nonInterestIncome": "None", "otherNonOperatingIncome": "178000", "depreciation": "None", "depreciationAndAmortization": "546000", "incomeBeforeTax": "4087000", "incomeTaxExpense": "1450000", "interestAndDebtExpense": "None", "netIncomeFromContinuingOperations": "2637000", "comprehensiveIncomeNetOfTax": "None", "ebit": "3909000", "ebitda": "4455000", "netIncome": "2637000"}, {"fiscalDateEnding": "2011-03-31", "reportedCurrency": "USD", "grossProfit": "37052000", "totalRevenue": "59618000", "costOfRevenue": "22566000", "costofGoodsAndServicesSold": "22566000", "operatingIncome": "7096000", "sellingGeneralAndAdministrative": "10899000", "researchAndDevelopment": "5268000", "operatingExpenses": "29956000", "investmentIncomeNet": "None", "netInterestIncome": "None", "interestIncome": "None", "interestExpense": "0", "nonInterestIncome": "None", "otherNonOperatingIncome": "None", "depreciation": "None", "depreciationAndAmortization": "543000", "incomeBeforeTax": "7298000", "incomeTaxExpense": "2766000", "interestAndDebtExpense": "None", "netIncomeFromContinuingOperations": "0", "comprehensiveIncomeNetOfTax": "None", "ebit": "7096000", "ebitda": "7639000", "netIncome": "4532000"}, {"fiscalDateEnding": "2010-12-31", "reportedCurrency": "USD", "grossProfit": "36908000", "totalRevenue": "58185000", "costOfRevenue": "21277000", "costofGoodsAndServicesSold": "21277000", "operatingIncome": "7047000", "sellingGeneralAndAdministrative": "10608000", "researchAndDevelopment": "4781000", "operatingExpenses": "29861000", "investmentIncomeNet": "None", "netInterestIncome": "None", "interestIncome": "None", "interestExpense": "0", "nonInterestIncome": "None", "otherNonOperatingIncome": "None", "depreciation": "None", "depreciationAndAmortization": "3388000", "incomeBeforeTax": "7192000", "incomeTaxExpense": "3425000", "interestAndDebtExpense": "None", "netIncomeFromContinuingOperations": "0", "comprehensiveIncomeNetOfTax": "None", "ebit": "7047000", "ebitda": "10435000", "netIncome": "3767000"}, {"fiscalDateEnding": "2010-09-30", "reportedCurrency": "USD", "grossProfit": "36382000", "totalRevenue": "57144000", "costOfRevenue": "20762000", "costofGoodsAndServicesSold": "20762000", "operatingIncome": "6135000", "sellingGeneralAndAdministrative": "12441000", "researchAndDevelopment": "4249000", "operatingExpenses": "30247000", "investmentIncomeNet": "None", "netInterestIncome": "None", "interestIncome": "None", "interestExpense": "0", "nonInterestIncome": "None", "otherNonOperatingIncome": "None", "depreciation": "None", "depreciationAndAmortization": "540000", "incomeBeforeTax": "6291000", "incomeTaxExpense": "2909000", "interestAndDebtExpense": "None", "netIncomeFromContinuingOperations": "0", "comprehensiveIncomeNetOfTax": "None", "ebit": "6135000", "ebitda": "6675000", "netIncome": "3382000"}, {"fiscalDateEnding": "2010-06-30", "reportedCurrency": "USD", "grossProfit": "35478000", "totalRevenue": "55838000", "costOfRevenue": "20360000", "costofGoodsAndServicesSold": "20360000", "operatingIncome": "4491000", "sellingGeneralAndAdministrative": "13452000", "researchAndDevelopment": "4123000", "operatingExpenses": "30987000", "investmentIncomeNet": "None", "netInterestIncome": "None", "interestIncome": "None", "interestExpense": "0", "nonInterestIncome": "None", "otherNonOperatingIncome": "None", "depreciation": "None", "depreciationAndAmortization": "3306000", "incomeBeforeTax": "4687000", "incomeTaxExpense": "1436000", "interestAndDebtExpense": "None", "netIncomeFromContinuingOperations": "0", "comprehensiveIncomeNetOfTax": "None", "ebit": "1185000", "ebitda": "4491000", "netIncome": "3251000"}, {"fiscalDateEnding": "2010-03-31", "reportedCurrency": "USD", "grossProfit": "33893000", "totalRevenue": "55093000", "costOfRevenue": "21200000", "costofGoodsAndServicesSold": "21200000", "operatingIncome": "5102000", "sellingGeneralAndAdministrative": "11275000", "researchAndDevelopment": "4197000", "operatingExpenses": "28791000", "investmentIncomeNet": "None", "netInterestIncome": "None", "interestIncome": "None", "interestExpense": "0", "nonInterestIncome": "None", "otherNonOperatingIncome": "None", "depreciation": "None", "depreciationAndAmortization": "690000", "incomeBeforeTax": "5340000", "incomeTaxExpense": "2451000", "interestAndDebtExpense": "None", "netIncomeFromContinuingOperations": "0", "comprehensiveIncomeNetOfTax": "None", "ebit": "5102000", "ebitda": "5792000", "netIncome": "2889000"}, {"fiscalDateEnding": "2009-12-31", "reportedCurrency": "USD", "grossProfit": "33708000", "totalRevenue": "54635000", "costOfRevenue": "20927000", "costofGoodsAndServicesSold": "20927000", "operatingIncome": "5952000", "sellingGeneralAndAdministrative": "10663000", "researchAndDevelopment": "4245000", "operatingExpenses": "27756000", "investmentIncomeNet": "None", "netInterestIncome": "None", "interestIncome": "None", "interestExpense": "0", "nonInterestIncome": "None", "otherNonOperatingIncome": "None", "depreciation": "None", "depreciationAndAmortization": "3934000", "incomeBeforeTax": "6178000", "incomeTaxExpense": "2532000", "interestAndDebtExpense": "None", "netIncomeFromContinuingOperations": "0", "comprehensiveIncomeNetOfTax": "None", "ebit": "5952000", "ebitda": "9886000", "netIncome": "3646000"}, {"fiscalDateEnding": "2009-09-30", "reportedCurrency": "USD", "grossProfit": "34441000", "totalRevenue": "53590000", "costOfRevenue": "19149000", "costofGoodsAndServicesSold": "19149000", "operatingIncome": "6951000", "sellingGeneralAndAdministrative": "11564000", "researchAndDevelopment": "3454000", "operatingExpenses": "27490000", "investmentIncomeNet": "None", "netInterestIncome": "None", "interestIncome": "None", "interestExpense": "0", "nonInterestIncome": "None", "otherNonOperatingIncome": "None", "depreciation": "None", "depreciationAndAmortization": "842000", "incomeBeforeTax": "7214000", "incomeTaxExpense": "2889000", "interestAndDebtExpense": "None", "netIncomeFromContinuingOperations": "0", "comprehensiveIncomeNetOfTax": "None", "ebit": "6951000", "ebitda": "7793000", "netIncome": "4325000"}, {"fiscalDateEnding": "2009-06-30", "reportedCurrency": "USD", "grossProfit": "33320000", "totalRevenue": "50064000", "costOfRevenue": "16744000", "costofGoodsAndServicesSold": "16744000", "operatingIncome": "8191000", "sellingGeneralAndAdministrative": "11571000", "researchAndDevelopment": "3065000", "operatingExpenses": "25129000", "investmentIncomeNet": "None", "netInterestIncome": "None", "interestIncome": "None", "interestExpense": "0", "nonInterestIncome": "None", "otherNonOperatingIncome": "None", "depreciation": "None", "depreciationAndAmortization": "742000", "incomeBeforeTax": "8513000", "incomeTaxExpense": "3897000", "interestAndDebtExpense": "None", "netIncomeFromContinuingOperations": "0", "comprehensiveIncomeNetOfTax": "None", "ebit": "8191000", "ebitda": "8933000", "netIncome": "4616000"}, {"fiscalDateEnding": "2009-03-31", "reportedCurrency": "USD", "grossProfit": "34476000", "totalRevenue": "51370000", "costOfRevenue": "16894000", "costofGoodsAndServicesSold": "16894000", "operatingIncome": "10741000", "sellingGeneralAndAdministrative": "10450000", "researchAndDevelopment": "3178000", "operatingExpenses": "23735000", "investmentIncomeNet": "None", "netInterestIncome": "None", "interestIncome": "None", "interestExpense": "0", "nonInterestIncome": "None", "otherNonOperatingIncome": "None", "depreciation": "None", "depreciationAndAmortization": "3676000", "incomeBeforeTax": "11183000", "incomeTaxExpense": "5077000", "interestAndDebtExpense": "None", "netIncomeFromContinuingOperations": "0", "comprehensiveIncomeNetOfTax": "None", "ebit": "10741000", "ebitda": "14417000", "netIncome": "6106000"}, {"fiscalDateEnding": "2008-12-31", "reportedCurrency": "USD", "grossProfit": "35196000", "totalRevenue": "52929000", "costOfRevenue": "17733000", "costofGoodsAndServicesSold": "17733000", "operatingIncome": "12768000", "sellingGeneralAndAdministrative": "18189000", "researchAndDevelopment": "3082000", "operatingExpenses": "22428000", "investmentIncomeNet": "None", "netInterestIncome": "None", "interestIncome": "None", "interestExpense": "0", "nonInterestIncome": "None", "otherNonOperatingIncome": "None", "depreciation": "None", "depreciationAndAmortization": "3932000", "incomeBeforeTax": "13550000", "incomeTaxExpense": "6049000", "interestAndDebtExpense": "None", "netIncomeFromContinuingOperations": "0", "comprehensiveIncomeNetOfTax": "None", "ebit": "12768000", "ebitda": "16700000", "netIncome": "7501000"}, {"fiscalDateEnding": "2008-09-30", "reportedCurrency": "USD", "grossProfit": "36144000", "totalRevenue": "53757000", "costOfRevenue": "17613000", "costofGoodsAndServicesSold": "17613000", "operatingIncome": "11280000", "sellingGeneralAndAdministrative": "20506000", "researchAndDevelopment": "3122000", "operatingExpenses": "24864000", "investmentIncomeNet": "None", "netInterestIncome": "None", "interestIncome": "None", "interestExpense": "0", "nonInterestIncome": "None", "otherNonOperatingIncome": "None", "depreciation": "None", "depreciationAndAmortization": "4253000", "incomeBeforeTax": "12231000", "incomeTaxExpense": "5586000", "interestAndDebtExpense": "None", "netIncomeFromContinuingOperations": "0", "comprehensiveIncomeNetOfTax": "None", "ebit": "11280000", "ebitda": "15533000", "netIncome": "6645000"}, {"fiscalDateEnding": "2008-06-30", "reportedCurrency": "USD", "grossProfit": "35137000", "totalRevenue": "53478000", "costOfRevenue": "18341000", "costofGoodsAndServicesSold": "18341000", "operatingIncome": "8510000", "sellingGeneralAndAdministrative": "22220000", "researchAndDevelopment": "3141000", "operatingExpenses": "26627000", "investmentIncomeNet": "None", "netInterestIncome": "None", "interestIncome": "None", "interestExpense": "0", "nonInterestIncome": "None", "otherNonOperatingIncome": "None", "depreciation": "None", "depreciationAndAmortization": "4334000", "incomeBeforeTax": "9753000", "incomeTaxExpense": "4318000", "interestAndDebtExpense": "None", "netIncomeFromContinuingOperations": "0", "comprehensiveIncomeNetOfTax": "None", "ebit": "8510000", "ebitda": "12844000", "netIncome": "5435000"}, {"fiscalDateEnding": "2008-03-31", "reportedCurrency": "USD", "grossProfit": "32543000", "totalRevenue": "52264000", "costOfRevenue": "19721000", "costofGoodsAndServicesSold": "19721000", "operatingIncome": "7230000", "sellingGeneralAndAdministrative": "20678000", "researchAndDevelopment": "3414000", "operatingExpenses": "25313000", "investmentIncomeNet": "None", "netInterestIncome": "None", "interestIncome": "None", "interestExpense": "0", "nonInterestIncome": "None", "otherNonOperatingIncome": "None", "depreciation": "None", "depreciationAndAmortization": "4282000", "incomeBeforeTax": "9168000", "incomeTaxExpense": "4126000", "interestAndDebtExpense": "None", "netIncomeFromContinuingOperations": "0", "comprehensiveIncomeNetOfTax": "None", "ebit": "7230000", "ebitda": "11512000", "netIncome": "5042000"}, {"fiscalDateEnding": "2007-12-31", "reportedCurrency": "USD", "grossProfit": "30831000", "totalRevenue": "50840000", "costOfRevenue": "20009000", "costofGoodsAndServicesSold": "20009000", "operatingIncome": "12333000", "sellingGeneralAndAdministrative": "21768000", "researchAndDevelopment": "3087000", "operatingExpenses": "18498000", "investmentIncomeNet": "None", "netInterestIncome": "None", "interestIncome": "None", "interestExpense": "0", "nonInterestIncome": "None", "otherNonOperatingIncome": "None", "depreciation": "None", "depreciationAndAmortization": "4440000", "incomeBeforeTax": "14553000", "incomeTaxExpense": "4841000", "interestAndDebtExpense": "None", "netIncomeFromContinuingOperations": "0", "comprehensiveIncomeNetOfTax": "None", "ebit": "12333000", "ebitda": "16773000", "netIncome": "9712000"}, {"fiscalDateEnding": "2007-09-30", "reportedCurrency": "USD", "grossProfit": "29789000", "totalRevenue": "49340000", "costOfRevenue": "19551000", "costofGoodsAndServicesSold": "19551000", "operatingIncome": "3837000", "sellingGeneralAndAdministrative": "21598000", "researchAndDevelopment": "3026000", "operatingExpenses": "25952000", "investmentIncomeNet": "None", "netInterestIncome": "None", "interestIncome": "None", "interestExpense": "0", "nonInterestIncome": "None", "otherNonOperatingIncome": "None", "depreciation": "None", "depreciationAndAmortization": "4116000", "incomeBeforeTax": "5909000", "incomeTaxExpense": "2659000", "interestAndDebtExpense": "None", "netIncomeFromContinuingOperations": "0", "comprehensiveIncomeNetOfTax": "None", "ebit": "3837000", "ebitda": "7953000", "netIncome": "3250000"}, {"fiscalDateEnding": "2007-06-30", "reportedCurrency": "USD", "grossProfit": "28476000", "totalRevenue": "47794000", "costOfRevenue": "19318000", "costofGoodsAndServicesSold": "19318000", "operatingIncome": "246000", "sellingGeneralAndAdministrative": "23751000", "researchAndDevelopment": "3270000", "operatingExpenses": "28230000", "investmentIncomeNet": "None", "netInterestIncome": "None", "interestIncome": "None", "interestExpense": "0", "nonInterestIncome": "None", "otherNonOperatingIncome": "None", "depreciation": "None", "depreciationAndAmortization": "3981000", "incomeBeforeTax": "2137000", "incomeTaxExpense": "962000", "interestAndDebtExpense": "None", "netIncomeFromContinuingOperations": "0", "comprehensiveIncomeNetOfTax": "None", "ebit": "-1645000", "ebitda": "2336000", "netIncome": "1175000"}, {"fiscalDateEnding": "2007-03-31", "reportedCurrency": "USD", "grossProfit": "27005000", "totalRevenue": "44831000", "costOfRevenue": "17826000", "costofGoodsAndServicesSold": "17826000", "operatingIncome": "1436000", "sellingGeneralAndAdministrative": "21229000", "researchAndDevelopment": "3070000", "operatingExpenses": "25569000", "investmentIncomeNet": "None", "netInterestIncome": "None", "interestIncome": "None", "interestExpense": "0", "nonInterestIncome": "None", "otherNonOperatingIncome": "None", "depreciation": "None", "depreciationAndAmortization": "3610000", "incomeBeforeTax": "3298000", "incomeTaxExpense": "1484000", "interestAndDebtExpense": "None", "netIncomeFromContinuingOperations": "0", "comprehensiveIncomeNetOfTax": "None", "ebit": "-426000", "ebitda": "3184000", "netIncome": "1814000"}, {"fiscalDateEnding": "2006-12-31", "reportedCurrency": "USD", "grossProfit": "25499000", "totalRevenue": "42098000", "costOfRevenue": "16599000", "costofGoodsAndServicesSold": "16599000", "operatingIncome": "3999000", "sellingGeneralAndAdministrative": "17426000", "researchAndDevelopment": "3191000", "operatingExpenses": "21500000", "investmentIncomeNet": "None", "netInterestIncome": "None", "interestIncome": "None", "interestExpense": "0", "nonInterestIncome": "None", "otherNonOperatingIncome": "None", "depreciation": "None", "depreciationAndAmortization": "3183000", "incomeBeforeTax": "5956000", "incomeTaxExpense": "2408000", "interestAndDebtExpense": "None", "netIncomeFromContinuingOperations": "0", "comprehensiveIncomeNetOfTax": "None", "ebit": "3999000", "ebitda": "7182000", "netIncome": "3548000"}, {"fiscalDateEnding": "2006-09-30", "reportedCurrency": "USD", "grossProfit": "26566000", "totalRevenue": "40571000", "costOfRevenue": "14005000", "costofGoodsAndServicesSold": "14005000", "operatingIncome": "5836000", "sellingGeneralAndAdministrative": "16819000", "researchAndDevelopment": "2835000", "operatingExpenses": "20730000", "investmentIncomeNet": "None", "netInterestIncome": "None", "interestIncome": "None", "interestExpense": "0", "nonInterestIncome": "None", "otherNonOperatingIncome": "None", "depreciation": "None", "depreciationAndAmortization": "2953000", "incomeBeforeTax": "7688000", "incomeTaxExpense": "2990000", "interestAndDebtExpense": "None", "netIncomeFromContinuingOperations": "0", "comprehensiveIncomeNetOfTax": "None", "ebit": "5836000", "ebitda": "8789000", "netIncome": "4698000"}, {"fiscalDateEnding": "2006-06-30", "reportedCurrency": "USD", "grossProfit": "26340000", "totalRevenue": "38946000", "costOfRevenue": "12606000", "costofGoodsAndServicesSold": "12606000", "operatingIncome": "2398000", "sellingGeneralAndAdministrative": "7633000", "researchAndDevelopment": "3084000", "operatingExpenses": "23942000", "investmentIncomeNet": "None", "netInterestIncome": "None", "interestIncome": "None", "interestExpense": "0", "nonInterestIncome": "None", "otherNonOperatingIncome": "None", "depreciation": "None", "depreciationAndAmortization": "2861000", "incomeBeforeTax": "4008000", "incomeTaxExpense": "1704000", "interestAndDebtExpense": "None", "netIncomeFromContinuingOperations": "0", "comprehensiveIncomeNetOfTax": "None", "ebit": "2398000", "ebitda": "5259000", "netIncome": "2304000"}, {"fiscalDateEnding": "2006-03-31", "reportedCurrency": "USD", "grossProfit": "24348000", "totalRevenue": "37274000", "costOfRevenue": "12926000", "costofGoodsAndServicesSold": "12926000", "operatingIncome": "1848000", "sellingGeneralAndAdministrative": "18494000", "researchAndDevelopment": "2898000", "operatingExpenses": "22500000", "investmentIncomeNet": "None", "netInterestIncome": "None", "interestIncome": "None", "interestExpense": "0", "nonInterestIncome": "None", "otherNonOperatingIncome": "None", "depreciation": "None", "depreciationAndAmortization": "2813000", "incomeBeforeTax": "3274000", "incomeTaxExpense": "1414000", "interestAndDebtExpense": "None", "netIncomeFromContinuingOperations": "0", "comprehensiveIncomeNetOfTax": "None", "ebit": "422000", "ebitda": "3235000", "netIncome": "1860000"}, {"fiscalDateEnding": "2005-12-31", "reportedCurrency": "USD", "grossProfit": "23845000", "totalRevenue": "35804000", "costOfRevenue": "11959000", "costofGoodsAndServicesSold": "11959000", "operatingIncome": "4139000", "sellingGeneralAndAdministrative": "15931000", "researchAndDevelopment": "2666000", "operatingExpenses": "19706000", "investmentIncomeNet": "None", "netInterestIncome": "None", "interestIncome": "None", "interestExpense": "0", "nonInterestIncome": "None", "otherNonOperatingIncome": "None", "depreciation": "None", "depreciationAndAmortization": "2824000", "incomeBeforeTax": "5339000", "incomeTaxExpense": "2136000", "interestAndDebtExpense": "None", "netIncomeFromContinuingOperations": "0", "comprehensiveIncomeNetOfTax": "None", "ebit": "4139000", "ebitda": "6963000", "netIncome": "3203000"}, {"fiscalDateEnding": "2005-09-30", "reportedCurrency": "USD", "grossProfit": "23319000", "totalRevenue": "34320000", "costOfRevenue": "11001000", "costofGoodsAndServicesSold": "11001000", "operatingIncome": "972000", "sellingGeneralAndAdministrative": "16418000", "researchAndDevelopment": "2580000", "operatingExpenses": "20130000", "investmentIncomeNet": "None", "netInterestIncome": "None", "interestIncome": "None", "interestExpense": "0", "nonInterestIncome": "None", "otherNonOperatingIncome": "None", "depreciation": "None", "depreciationAndAmortization": "2759000", "incomeBeforeTax": "1904000", "incomeTaxExpense": "767000", "interestAndDebtExpense": "None", "netIncomeFromContinuingOperations": "0", "comprehensiveIncomeNetOfTax": "None", "ebit": "5406000", "ebitda": "8165000", "netIncome": "1137000"}, {"fiscalDateEnding": "2005-06-30", "reportedCurrency": "USD", "grossProfit": "22035000", "totalRevenue": "32871000", "costOfRevenue": "10836000", "costofGoodsAndServicesSold": "10836000", "operatingIncome": "1217000", "sellingGeneralAndAdministrative": "17163000", "researchAndDevelopment": "2545000", "operatingExpenses": "20818000", "investmentIncomeNet": "None", "netInterestIncome": "None", "interestIncome": "None", "interestExpense": "0", "nonInterestIncome": "None", "otherNonOperatingIncome": "None", "depreciation": "None", "depreciationAndAmortization": "2956000", "incomeBeforeTax": "1936000", "incomeTaxExpense": "793000", "interestAndDebtExpense": "None", "netIncomeFromContinuingOperations": "0", "comprehensiveIncomeNetOfTax": "None", "ebit": "1217000", "ebitda": "4173000", "netIncome": "1143000"}, {"fiscalDateEnding": "2005-03-31", "reportedCurrency": "USD", "grossProfit": "20853000", "totalRevenue": "31343000", "costOfRevenue": "10490000", "costofGoodsAndServicesSold": "10490000", "operatingIncome": "1014000", "sellingGeneralAndAdministrative": "16389000", "researchAndDevelopment": "2332000", "operatingExpenses": "19839000", "investmentIncomeNet": "None", "netInterestIncome": "None", "interestIncome": "None", "interestExpense": "0", "nonInterestIncome": "None", "otherNonOperatingIncome": "None", "depreciation": "None", "depreciationAndAmortization": "3175000", "incomeBeforeTax": "1618000", "incomeTaxExpense": "644000", "interestAndDebtExpense": "None", "netIncomeFromContinuingOperations": "0", "comprehensiveIncomeNetOfTax": "None", "ebit": "410000", "ebitda": "3585000", "netIncome": "974000"}, {"fiscalDateEnding": "2004-12-31", "reportedCurrency": "USD", "grossProfit": "20329000", "totalRevenue": "29741000", "costOfRevenue": "9412000", "costofGoodsAndServicesSold": "9412000", "operatingIncome": "2183000", "sellingGeneralAndAdministrative": "14900000", "researchAndDevelopment": "2177000", "operatingExpenses": "18146000", "investmentIncomeNet": "None", "netInterestIncome": "None", "interestIncome": "None", "interestExpense": "0", "nonInterestIncome": "None", "otherNonOperatingIncome": "None", "depreciation": "None", "depreciationAndAmortization": "3333000", "incomeBeforeTax": "2662000", "incomeTaxExpense": "-16739000", "interestAndDebtExpense": "None", "netIncomeFromContinuingOperations": "0", "comprehensiveIncomeNetOfTax": "None", "ebit": "2183000", "ebitda": "5516000", "netIncome": "19401000"}]}