{"symbol": "GEV", "annualReports": [{"fiscalDateEnding": "2024-12-31", "reportedCurrency": "USD", "grossProfit": "6085000000", "totalRevenue": "34935000000", "costOfRevenue": "28850000000", "costofGoodsAndServicesSold": "28850000000", "operatingIncome": "471000000", "sellingGeneralAndAdministrative": "4632000000", "researchAndDevelopment": "982000000", "operatingExpenses": "5614000000", "investmentIncomeNet": "None", "netInterestIncome": "186000000", "interestIncome": "186000000", "interestExpense": "120000000", "nonInterestIncome": "None", "otherNonOperatingIncome": "None", "depreciation": "None", "depreciationAndAmortization": "None", "incomeBeforeTax": "2498000000", "incomeTaxExpense": "939000000", "interestAndDebtExpense": "None", "netIncomeFromContinuingOperations": "1559000000", "comprehensiveIncomeNetOfTax": "None", "ebit": "None", "ebitda": "471000000", "netIncome": "1552000000"}, {"fiscalDateEnding": "2023-12-31", "reportedCurrency": "USD", "grossProfit": "4965000000", "totalRevenue": "33239000000", "costOfRevenue": "28274000000", "costofGoodsAndServicesSold": "28274000000", "operatingIncome": "-923000000", "sellingGeneralAndAdministrative": "4928000000", "researchAndDevelopment": "896000000", "operatingExpenses": "5888000000", "investmentIncomeNet": "None", "netInterestIncome": "-71000000", "interestIncome": "63000000", "interestExpense": "71000000", "nonInterestIncome": "None", "otherNonOperatingIncome": "None", "depreciation": "None", "depreciationAndAmortization": "964000000", "incomeBeforeTax": "-130000000", "incomeTaxExpense": "344000000", "interestAndDebtExpense": "None", "netIncomeFromContinuingOperations": "-576000000", "comprehensiveIncomeNetOfTax": "None", "ebit": "-32000000", "ebitda": "932000000", "netIncome": "-438000000"}, {"fiscalDateEnding": "2022-12-31", "reportedCurrency": "USD", "grossProfit": "3650000000", "totalRevenue": "29654000000", "costOfRevenue": "26004000000", "costofGoodsAndServicesSold": "26004000000", "operatingIncome": "-1743000000", "sellingGeneralAndAdministrative": "5360000000", "researchAndDevelopment": "979000000", "operatingExpenses": "5393000000", "investmentIncomeNet": "None", "netInterestIncome": "-109000000", "interestIncome": "42000000", "interestExpense": "151000000", "nonInterestIncome": "None", "otherNonOperatingIncome": "None", "depreciation": "None", "depreciationAndAmortization": "991000000", "incomeBeforeTax": "-2474000000", "incomeTaxExpense": "248000000", "interestAndDebtExpense": "None", "netIncomeFromContinuingOperations": "-2722000000", "comprehensiveIncomeNetOfTax": "None", "ebit": "-2323000000", "ebitda": "-1332000000", "netIncome": "-2736000000"}, {"fiscalDateEnding": "2021-12-31", "reportedCurrency": "USD", "grossProfit": "5314000000", "totalRevenue": "33006000000", "costOfRevenue": "27692000000", "costofGoodsAndServicesSold": "27692000000", "operatingIncome": "-378000000", "sellingGeneralAndAdministrative": "4821000000", "researchAndDevelopment": "1008000000", "operatingExpenses": "5692000000", "investmentIncomeNet": "None", "netInterestIncome": "-101000000", "interestIncome": "71000000", "interestExpense": "172000000", "nonInterestIncome": "None", "otherNonOperatingIncome": "None", "depreciation": "None", "depreciationAndAmortization": "1176000000", "incomeBeforeTax": "-864000000", "incomeTaxExpense": "-140000000", "interestAndDebtExpense": "None", "netIncomeFromContinuingOperations": "-724000000", "comprehensiveIncomeNetOfTax": "None", "ebit": "-692000000", "ebitda": "484000000", "netIncome": "-633000000"}], "quarterlyReports": [{"fiscalDateEnding": "2024-12-31", "reportedCurrency": "USD", "grossProfit": "2123000000", "totalRevenue": "10558000000", "costOfRevenue": "8435000000", "costofGoodsAndServicesSold": "8435000000", "operatingIncome": "593000000", "sellingGeneralAndAdministrative": "1266000000", "researchAndDevelopment": "265000000", "operatingExpenses": "1530000000", "investmentIncomeNet": "None", "netInterestIncome": "104000000", "interestIncome": "104000000", "interestExpense": "None", "nonInterestIncome": "None", "otherNonOperatingIncome": "None", "depreciation": "None", "depreciationAndAmortization": "269000000", "incomeBeforeTax": "484000000", "incomeTaxExpense": "484000000", "interestAndDebtExpense": "None", "netIncomeFromContinuingOperations": "484000000", "comprehensiveIncomeNetOfTax": "None", "ebit": "592000000", "ebitda": "861000000", "netIncome": "484000000"}, {"fiscalDateEnding": "2024-09-30", "reportedCurrency": "USD", "grossProfit": "1109000000", "totalRevenue": "8913000000", "costOfRevenue": "7804000000", "costofGoodsAndServicesSold": "7804000000", "operatingIncome": "-359000000", "sellingGeneralAndAdministrative": "1226000000", "researchAndDevelopment": "243000000", "operatingExpenses": "1468000000", "investmentIncomeNet": "None", "netInterestIncome": "57000000", "interestIncome": "57000000", "interestExpense": "36000000", "nonInterestIncome": "None", "otherNonOperatingIncome": "None", "depreciation": "None", "depreciationAndAmortization": "398000000", "incomeBeforeTax": "-122000000", "incomeTaxExpense": "-23000000", "interestAndDebtExpense": "None", "netIncomeFromContinuingOperations": "-99000000", "comprehensiveIncomeNetOfTax": "None", "ebit": "-360000000", "ebitda": "38000000", "netIncome": "-96000000"}, {"fiscalDateEnding": "2024-06-30", "reportedCurrency": "USD", "grossProfit": "1739000000", "totalRevenue": "8214000000", "costOfRevenue": "6475000000", "costofGoodsAndServicesSold": "6475000000", "operatingIncome": "654000000", "sellingGeneralAndAdministrative": "938000000", "researchAndDevelopment": "237000000", "operatingExpenses": "1085000000", "investmentIncomeNet": "None", "netInterestIncome": "81000000", "interestIncome": "81000000", "interestExpense": "60000000", "nonInterestIncome": "None", "otherNonOperatingIncome": "None", "depreciation": "None", "depreciationAndAmortization": "254000000", "incomeBeforeTax": "1602000000", "incomeTaxExpense": "322000000", "interestAndDebtExpense": "None", "netIncomeFromContinuingOperations": "1280000000", "comprehensiveIncomeNetOfTax": "None", "ebit": "527000000", "ebitda": "781000000", "netIncome": "1294000000"}, {"fiscalDateEnding": "2024-03-31", "reportedCurrency": "USD", "grossProfit": "1150000000", "totalRevenue": "7260000000", "costOfRevenue": "6110000000", "costofGoodsAndServicesSold": "6110000000", "operatingIncome": "-289000000", "sellingGeneralAndAdministrative": "1202000000", "researchAndDevelopment": "237000000", "operatingExpenses": "1439000000", "investmentIncomeNet": "None", "netInterestIncome": "-14000000", "interestIncome": "None", "interestExpense": "14000000", "nonInterestIncome": "None", "otherNonOperatingIncome": "None", "depreciation": "None", "depreciationAndAmortization": "251000000", "incomeBeforeTax": "-96000000", "incomeTaxExpense": "10000000", "interestAndDebtExpense": "None", "netIncomeFromContinuingOperations": "-106000000", "comprehensiveIncomeNetOfTax": "None", "ebit": "-81000000", "ebitda": "170000000", "netIncome": "-130000000"}, {"fiscalDateEnding": "2023-12-31", "reportedCurrency": "USD", "grossProfit": "1686000000", "totalRevenue": "10045000000", "costOfRevenue": "8359000000", "costofGoodsAndServicesSold": "8359000000", "operatingIncome": "97000000", "sellingGeneralAndAdministrative": "1335000000", "researchAndDevelopment": "255000000", "operatingExpenses": "1590000000", "investmentIncomeNet": "None", "netInterestIncome": "-56000000", "interestIncome": "None", "interestExpense": "8000000", "nonInterestIncome": "None", "otherNonOperatingIncome": "None", "depreciation": "None", "depreciationAndAmortization": "252000000", "incomeBeforeTax": "409000000", "incomeTaxExpense": "305000000", "interestAndDebtExpense": "None", "netIncomeFromContinuingOperations": "104000000", "comprehensiveIncomeNetOfTax": "None", "ebit": "417000000", "ebitda": "669000000", "netIncome": "95000000"}, {"fiscalDateEnding": "2023-09-30", "reportedCurrency": "USD", "grossProfit": "1051000000", "totalRevenue": "8252000000", "costOfRevenue": "7201000000", "costofGoodsAndServicesSold": "7201000000", "operatingIncome": "-307000000", "sellingGeneralAndAdministrative": "1135000000", "researchAndDevelopment": "223000000", "operatingExpenses": "1358000000", "investmentIncomeNet": "None", "netInterestIncome": "2000000", "interestIncome": "23000000", "interestExpense": "21000000", "nonInterestIncome": "None", "otherNonOperatingIncome": "None", "depreciation": "None", "depreciationAndAmortization": "242000000", "incomeBeforeTax": "-16000000", "incomeTaxExpense": "169000000", "interestAndDebtExpense": "None", "netIncomeFromContinuingOperations": "-185000000", "comprehensiveIncomeNetOfTax": "None", "ebit": "5000000", "ebitda": "247000000", "netIncome": "-170000000"}, {"fiscalDateEnding": "2023-06-30", "reportedCurrency": "USD", "grossProfit": "1147000000", "totalRevenue": "8120000000", "costOfRevenue": "6973000000", "costofGoodsAndServicesSold": "6973000000", "operatingIncome": "-341000000", "sellingGeneralAndAdministrative": "1272000000", "researchAndDevelopment": "216000000", "operatingExpenses": "1488000000", "investmentIncomeNet": "None", "netInterestIncome": "-4000000", "interestIncome": "17000000", "interestExpense": "21000000", "nonInterestIncome": "None", "otherNonOperatingIncome": "None", "depreciation": "None", "depreciationAndAmortization": "238000000", "incomeBeforeTax": "-27000000", "incomeTaxExpense": "122000000", "interestAndDebtExpense": "None", "netIncomeFromContinuingOperations": "-149000000", "comprehensiveIncomeNetOfTax": "None", "ebit": "-7000000", "ebitda": "231000000", "netIncome": "-150000000"}, {"fiscalDateEnding": "2023-03-31", "reportedCurrency": "USD", "grossProfit": "919000000", "totalRevenue": "6822000000", "costOfRevenue": "5903000000", "costofGoodsAndServicesSold": "5903000000", "operatingIncome": "-469000000", "sellingGeneralAndAdministrative": "1186000000", "researchAndDevelopment": "202000000", "operatingExpenses": "1388000000", "investmentIncomeNet": "None", "netInterestIncome": "-21000000", "interestIncome": "None", "interestExpense": "21000000", "nonInterestIncome": "None", "otherNonOperatingIncome": "None", "depreciation": "None", "depreciationAndAmortization": "231000000", "incomeBeforeTax": "-415000000", "incomeTaxExpense": "-69000000", "interestAndDebtExpense": "None", "netIncomeFromContinuingOperations": "-346000000", "comprehensiveIncomeNetOfTax": "None", "ebit": "-396000000", "ebitda": "-165000000", "netIncome": "-315000000"}]}