{"symbol": "EIX", "annualReports": [{"fiscalDateEnding": "2024-12-31", "reportedCurrency": "USD", "grossProfit": "17599000000", "totalRevenue": "17599000000", "costOfRevenue": "10381000000", "costofGoodsAndServicesSold": "10381000000", "operatingIncome": "2930000000", "sellingGeneralAndAdministrative": "798000000", "researchAndDevelopment": "None", "operatingExpenses": "14669000000", "investmentIncomeNet": "None", "netInterestIncome": "-1610000000", "interestIncome": "259000000", "interestExpense": "1869000000", "nonInterestIncome": "None", "otherNonOperatingIncome": "None", "depreciation": "None", "depreciationAndAmortization": "2939000000", "incomeBeforeTax": "1563000000", "incomeTaxExpense": "17000000", "interestAndDebtExpense": "None", "netIncomeFromContinuingOperations": "1546000000", "comprehensiveIncomeNetOfTax": "None", "ebit": "3432000000", "ebitda": "6371000000", "netIncome": "1546000000"}, {"fiscalDateEnding": "2023-12-31", "reportedCurrency": "USD", "grossProfit": "6714000000", "totalRevenue": "16338000000", "costOfRevenue": "9624000000", "costofGoodsAndServicesSold": "9624000000", "operatingIncome": "2627000000", "sellingGeneralAndAdministrative": "880000000", "researchAndDevelopment": "358000000", "operatingExpenses": "4087000000", "investmentIncomeNet": "None", "netInterestIncome": "-1345000000", "interestIncome": "267000000", "interestExpense": "1612000000", "nonInterestIncome": "None", "otherNonOperatingIncome": "None", "depreciation": "None", "depreciationAndAmortization": "2721000000", "incomeBeforeTax": "1515000000", "incomeTaxExpense": "108000000", "interestAndDebtExpense": "None", "netIncomeFromContinuingOperations": "1407000000", "comprehensiveIncomeNetOfTax": "None", "ebit": "3127000000", "ebitda": "5848000000", "netIncome": "1407000000"}, {"fiscalDateEnding": "2022-12-31", "reportedCurrency": "USD", "grossProfit": "6121000000", "totalRevenue": "17220000000", "costOfRevenue": "11099000000", "costofGoodsAndServicesSold": "11099000000", "operatingIncome": "1483000000", "sellingGeneralAndAdministrative": "1527000000", "researchAndDevelopment": "344000000", "operatingExpenses": "4589000000", "investmentIncomeNet": "None", "netInterestIncome": "-1080000000", "interestIncome": "89000000", "interestExpense": "1169000000", "nonInterestIncome": "None", "otherNonOperatingIncome": "348000000", "depreciation": "None", "depreciationAndAmortization": "2633000000", "incomeBeforeTax": "662000000", "incomeTaxExpense": "-162000000", "interestAndDebtExpense": "None", "netIncomeFromContinuingOperations": "824000000", "comprehensiveIncomeNetOfTax": "None", "ebit": "1831000000", "ebitda": "4464000000", "netIncome": "824000000"}, {"fiscalDateEnding": "2021-12-31", "reportedCurrency": "USD", "grossProfit": "5720000000", "totalRevenue": "14905000000", "costOfRevenue": "9185000000", "costofGoodsAndServicesSold": "9185000000", "operatingIncome": "1477000000", "sellingGeneralAndAdministrative": "1491000000", "researchAndDevelopment": "311000000", "operatingExpenses": "4174000000", "investmentIncomeNet": "None", "netInterestIncome": "-922000000", "interestIncome": "925000000", "interestExpense": "925000000", "nonInterestIncome": "None", "otherNonOperatingIncome": "237000000", "depreciation": "None", "depreciationAndAmortization": "2288000000", "incomeBeforeTax": "789000000", "incomeTaxExpense": "-136000000", "interestAndDebtExpense": "None", "netIncomeFromContinuingOperations": "925000000", "comprehensiveIncomeNetOfTax": "None", "ebit": "1714000000", "ebitda": "4002000000", "netIncome": "925000000"}, {"fiscalDateEnding": "2020-12-31", "reportedCurrency": "USD", "grossProfit": "5037000000", "totalRevenue": "13578000000", "costOfRevenue": "8541000000", "costofGoodsAndServicesSold": "8541000000", "operatingIncome": "1217000000", "sellingGeneralAndAdministrative": "1664000000", "researchAndDevelopment": "218000000", "operatingExpenses": "4069000000", "investmentIncomeNet": "None", "netInterestIncome": "-882000000", "interestIncome": "20000000", "interestExpense": "902000000", "nonInterestIncome": "None", "otherNonOperatingIncome": "251000000", "depreciation": "None", "depreciationAndAmortization": "2029000000", "incomeBeforeTax": "566000000", "incomeTaxExpense": "-305000000", "interestAndDebtExpense": "None", "netIncomeFromContinuingOperations": "871000000", "comprehensiveIncomeNetOfTax": "None", "ebit": "1468000000", "ebitda": "3497000000", "netIncome": "871000000"}, {"fiscalDateEnding": "2019-12-31", "reportedCurrency": "USD", "grossProfit": "4490000000", "totalRevenue": "12347000000", "costOfRevenue": "7857000000", "costofGoodsAndServicesSold": "7857000000", "operatingIncome": "1775000000", "sellingGeneralAndAdministrative": "407000000", "researchAndDevelopment": "190000000", "operatingExpenses": "2531000000", "investmentIncomeNet": "None", "netInterestIncome": "-804000000", "interestIncome": "37000000", "interestExpense": "841000000", "nonInterestIncome": "None", "otherNonOperatingIncome": "193000000", "depreciation": "None", "depreciationAndAmortization": "2180000000", "incomeBeforeTax": "1127000000", "incomeTaxExpense": "-278000000", "interestAndDebtExpense": "None", "netIncomeFromContinuingOperations": "1405000000", "comprehensiveIncomeNetOfTax": "None", "ebit": "1775000000", "ebitda": "3955000000", "netIncome": "1405000000"}, {"fiscalDateEnding": "2018-12-31", "reportedCurrency": "USD", "grossProfit": "4454000000", "totalRevenue": "12657000000", "costOfRevenue": "8203000000", "costofGoodsAndServicesSold": "8203000000", "operatingIncome": "-552000000", "sellingGeneralAndAdministrative": "2669000000", "researchAndDevelopment": "198000000", "operatingExpenses": "4928000000", "investmentIncomeNet": "None", "netInterestIncome": "-710000000", "interestIncome": "24000000", "interestExpense": "734000000", "nonInterestIncome": "None", "otherNonOperatingIncome": "197000000", "depreciation": "None", "depreciationAndAmortization": "1940000000", "incomeBeforeTax": "-1089000000", "incomeTaxExpense": "-739000000", "interestAndDebtExpense": "None", "netIncomeFromContinuingOperations": "-350000000", "comprehensiveIncomeNetOfTax": "None", "ebit": "-277000000", "ebitda": "1663000000", "netIncome": "-302000000"}, {"fiscalDateEnding": "2017-12-31", "reportedCurrency": "USD", "grossProfit": "4640000000", "totalRevenue": "12320000000", "costOfRevenue": "7680000000", "costofGoodsAndServicesSold": "7680000000", "operatingIncome": "1493000000", "sellingGeneralAndAdministrative": "2807000000", "researchAndDevelopment": "233000000", "operatingExpenses": "2409000000", "investmentIncomeNet": "None", "netInterestIncome": "-632000000", "interestIncome": "7000000", "interestExpense": "639000000", "nonInterestIncome": "None", "otherNonOperatingIncome": "95000000", "depreciation": "None", "depreciationAndAmortization": "2115000000", "incomeBeforeTax": "949000000", "incomeTaxExpense": "281000000", "interestAndDebtExpense": "None", "netIncomeFromContinuingOperations": "668000000", "comprehensiveIncomeNetOfTax": "None", "ebit": "2326000000", "ebitda": "4441000000", "netIncome": "689000000"}, {"fiscalDateEnding": "2016-12-31", "reportedCurrency": "USD", "grossProfit": "4474000000", "totalRevenue": "11869000000", "costOfRevenue": "7395000000", "costofGoodsAndServicesSold": "7395000000", "operatingIncome": "2092000000", "sellingGeneralAndAdministrative": "2868000000", "researchAndDevelopment": "0", "operatingExpenses": "2361000000", "investmentIncomeNet": "None", "netInterestIncome": "-578000000", "interestIncome": "3000000", "interestExpense": "581000000", "nonInterestIncome": "None", "otherNonOperatingIncome": "79000000", "depreciation": "None", "depreciationAndAmortization": "2098000000", "incomeBeforeTax": "1590000000", "incomeTaxExpense": "177000000", "interestAndDebtExpense": "None", "netIncomeFromContinuingOperations": "1413000000", "comprehensiveIncomeNetOfTax": "None", "ebit": "2192000000", "ebitda": "4290000000", "netIncome": "1434000000"}, {"fiscalDateEnding": "2015-12-31", "reportedCurrency": "USD", "grossProfit": "4268000000", "totalRevenue": "11524000000", "costOfRevenue": "7256000000", "costofGoodsAndServicesSold": "7256000000", "operatingIncome": "2008000000", "sellingGeneralAndAdministrative": "2990000000", "researchAndDevelopment": "0", "operatingExpenses": "2255000000", "investmentIncomeNet": "None", "netInterestIncome": "None", "interestIncome": "555000000", "interestExpense": "555000000", "nonInterestIncome": "None", "otherNonOperatingIncome": "115000000", "depreciation": "None", "depreciationAndAmortization": "2005000000", "incomeBeforeTax": "1568000000", "incomeTaxExpense": "486000000", "interestAndDebtExpense": "None", "netIncomeFromContinuingOperations": "1082000000", "comprehensiveIncomeNetOfTax": "None", "ebit": "2128000000", "ebitda": "4133000000", "netIncome": "1133000000"}, {"fiscalDateEnding": "2014-12-31", "reportedCurrency": "USD", "grossProfit": "4671000000", "totalRevenue": "13413000000", "costOfRevenue": "8742000000", "costofGoodsAndServicesSold": "8742000000", "operatingIncome": "2472000000", "sellingGeneralAndAdministrative": "3306000000", "researchAndDevelopment": "0", "operatingExpenses": "2042000000", "investmentIncomeNet": "None", "netInterestIncome": "None", "interestIncome": "None", "interestExpense": "560000000", "nonInterestIncome": "None", "otherNonOperatingIncome": "67000000", "depreciation": "None", "depreciationAndAmortization": "1815000000", "incomeBeforeTax": "1979000000", "incomeTaxExpense": "443000000", "interestAndDebtExpense": "None", "netIncomeFromContinuingOperations": "1536000000", "comprehensiveIncomeNetOfTax": "None", "ebit": "2696000000", "ebitda": "4511000000", "netIncome": "1724000000"}, {"fiscalDateEnding": "2013-12-31", "reportedCurrency": "USD", "grossProfit": "3908000000", "totalRevenue": "12581000000", "costOfRevenue": "8673000000", "costofGoodsAndServicesSold": "8673000000", "operatingIncome": "1715000000", "sellingGeneralAndAdministrative": "30000000", "researchAndDevelopment": "0", "operatingExpenses": "1622000000", "investmentIncomeNet": "None", "netInterestIncome": "None", "interestIncome": "None", "interestExpense": "544000000", "nonInterestIncome": "None", "otherNonOperatingIncome": "50000000", "depreciation": "None", "depreciationAndAmortization": "1622000000", "incomeBeforeTax": "1221000000", "incomeTaxExpense": "242000000", "interestAndDebtExpense": "None", "netIncomeFromContinuingOperations": "979000000", "comprehensiveIncomeNetOfTax": "None", "ebit": "2254000000", "ebitda": "3876000000", "netIncome": "1015000000"}, {"fiscalDateEnding": "2012-12-31", "reportedCurrency": "USD", "grossProfit": "3819000000", "totalRevenue": "11862000000", "costOfRevenue": "8043000000", "costofGoodsAndServicesSold": "8043000000", "operatingIncome": "2285000000", "sellingGeneralAndAdministrative": "6000000", "researchAndDevelopment": "0", "operatingExpenses": "1568000000", "investmentIncomeNet": "None", "netInterestIncome": "None", "interestIncome": "None", "interestExpense": "521000000", "nonInterestIncome": "None", "otherNonOperatingIncome": "None", "depreciation": "None", "depreciationAndAmortization": "1634000000", "incomeBeforeTax": "1861000000", "incomeTaxExpense": "267000000", "interestAndDebtExpense": "None", "netIncomeFromContinuingOperations": "None", "comprehensiveIncomeNetOfTax": "None", "ebit": "2231000000", "ebitda": "3865000000", "netIncome": "-92000000"}, {"fiscalDateEnding": "2011-12-31", "reportedCurrency": "USD", "grossProfit": "8605000000", "totalRevenue": "12760000000", "costOfRevenue": "4155000000", "costofGoodsAndServicesSold": "4155000000", "operatingIncome": "320000000", "sellingGeneralAndAdministrative": "6548000000", "researchAndDevelopment": "0", "operatingExpenses": "6513000000", "investmentIncomeNet": "None", "netInterestIncome": "None", "interestIncome": "None", "interestExpense": "808000000", "nonInterestIncome": "None", "otherNonOperatingIncome": "224000000", "depreciation": "None", "depreciationAndAmortization": "1889000000", "incomeBeforeTax": "-264000000", "incomeTaxExpense": "-288000000", "interestAndDebtExpense": "None", "netIncomeFromContinuingOperations": "24000000", "comprehensiveIncomeNetOfTax": "None", "ebit": "2215000000", "ebitda": "4104000000", "netIncome": "-37000000"}, {"fiscalDateEnding": "2010-12-31", "reportedCurrency": "USD", "grossProfit": "8307000000", "totalRevenue": "12409000000", "costOfRevenue": "4102000000", "costofGoodsAndServicesSold": "4102000000", "operatingIncome": "2126000000", "sellingGeneralAndAdministrative": "4659000000", "researchAndDevelopment": "0", "operatingExpenses": "6134000000", "investmentIncomeNet": "None", "netInterestIncome": "None", "interestIncome": "None", "interestExpense": "703000000", "nonInterestIncome": "None", "otherNonOperatingIncome": "234000000", "depreciation": "None", "depreciationAndAmortization": "1640000000", "incomeBeforeTax": "1657000000", "incomeTaxExpense": "354000000", "interestAndDebtExpense": "None", "netIncomeFromContinuingOperations": "1303000000", "comprehensiveIncomeNetOfTax": "None", "ebit": "2310000000", "ebitda": "3950000000", "netIncome": "1256000000"}, {"fiscalDateEnding": "2009-12-31", "reportedCurrency": "USD", "grossProfit": "8065000000", "totalRevenue": "12333000000", "costOfRevenue": "4268000000", "costofGoodsAndServicesSold": "4268000000", "operatingIncome": "1398000000", "sellingGeneralAndAdministrative": "5277000000", "researchAndDevelopment": "0", "operatingExpenses": "5805000000", "investmentIncomeNet": "None", "netInterestIncome": "None", "interestIncome": "None", "interestExpense": "732000000", "nonInterestIncome": "None", "otherNonOperatingIncome": "188000000", "depreciation": "None", "depreciationAndAmortization": "1538000000", "incomeBeforeTax": "854000000", "incomeTaxExpense": "-98000000", "interestAndDebtExpense": "None", "netIncomeFromContinuingOperations": "952000000", "comprehensiveIncomeNetOfTax": "None", "ebit": "2362000000", "ebitda": "3900000000", "netIncome": "849000000"}, {"fiscalDateEnding": "2008-12-31", "reportedCurrency": "USD", "grossProfit": "8120000000", "totalRevenue": "14112000000", "costOfRevenue": "5992000000", "costofGoodsAndServicesSold": "5992000000", "operatingIncome": "2519000000", "sellingGeneralAndAdministrative": "None", "researchAndDevelopment": "None", "operatingExpenses": "5601000000", "investmentIncomeNet": "None", "netInterestIncome": "None", "interestIncome": "None", "interestExpense": "0", "nonInterestIncome": "None", "otherNonOperatingIncome": "None", "depreciation": "None", "depreciationAndAmortization": "1419000000", "incomeBeforeTax": "1811000000", "incomeTaxExpense": "596000000", "interestAndDebtExpense": "None", "netIncomeFromContinuingOperations": "None", "comprehensiveIncomeNetOfTax": "None", "ebit": "2456000000", "ebitda": "3875000000", "netIncome": "1215000000"}, {"fiscalDateEnding": "2007-12-31", "reportedCurrency": "USD", "grossProfit": "8114000000", "totalRevenue": "13113000000", "costOfRevenue": "4999000000", "costofGoodsAndServicesSold": "4999000000", "operatingIncome": "2271000000", "sellingGeneralAndAdministrative": "None", "researchAndDevelopment": "None", "operatingExpenses": "5843000000", "investmentIncomeNet": "None", "netInterestIncome": "None", "interestIncome": "None", "interestExpense": "0", "nonInterestIncome": "None", "otherNonOperatingIncome": "None", "depreciation": "None", "depreciationAndAmortization": "1375000000", "incomeBeforeTax": "1592000000", "incomeTaxExpense": "492000000", "interestAndDebtExpense": "None", "netIncomeFromContinuingOperations": "None", "comprehensiveIncomeNetOfTax": "None", "ebit": "2145000000", "ebitda": "3520000000", "netIncome": "1098000000"}, {"fiscalDateEnding": "2006-12-31", "reportedCurrency": "USD", "grossProfit": "7456000000", "totalRevenue": "12622000000", "costOfRevenue": "5166000000", "costofGoodsAndServicesSold": "5166000000", "operatingIncome": "2342000000", "sellingGeneralAndAdministrative": "25000000", "researchAndDevelopment": "None", "operatingExpenses": "5114000000", "investmentIncomeNet": "None", "netInterestIncome": "None", "interestIncome": "None", "interestExpense": "858000000", "nonInterestIncome": "None", "otherNonOperatingIncome": "None", "depreciation": "None", "depreciationAndAmortization": "1280000000", "incomeBeforeTax": "1665000000", "incomeTaxExpense": "582000000", "interestAndDebtExpense": "None", "netIncomeFromContinuingOperations": "None", "comprehensiveIncomeNetOfTax": "None", "ebit": "2191000000", "ebitda": "3471000000", "netIncome": "1181000000"}, {"fiscalDateEnding": "2005-12-31", "reportedCurrency": "USD", "grossProfit": "7420000000", "totalRevenue": "11852000000", "costOfRevenue": "4432000000", "costofGoodsAndServicesSold": "4432000000", "operatingIncome": "2223000000", "sellingGeneralAndAdministrative": "435000000", "researchAndDevelopment": "None", "operatingExpenses": "5197000000", "investmentIncomeNet": "None", "netInterestIncome": "None", "interestIncome": "None", "interestExpense": "818000000", "nonInterestIncome": "None", "otherNonOperatingIncome": "None", "depreciation": "None", "depreciationAndAmortization": "1168000000", "incomeBeforeTax": "1565000000", "incomeTaxExpense": "457000000", "interestAndDebtExpense": "None", "netIncomeFromContinuingOperations": "None", "comprehensiveIncomeNetOfTax": "None", "ebit": "2008000000", "ebitda": "3176000000", "netIncome": "1137000000"}], "quarterlyReports": [{"fiscalDateEnding": "2024-12-31", "reportedCurrency": "USD", "grossProfit": "1738000000", "totalRevenue": "3984000000", "costOfRevenue": "2246000000", "costofGoodsAndServicesSold": "2246000000", "operatingIncome": "790000000", "sellingGeneralAndAdministrative": "73000000", "researchAndDevelopment": "None", "operatingExpenses": "948000000", "investmentIncomeNet": "None", "netInterestIncome": "-414000000", "interestIncome": "54000000", "interestExpense": "468000000", "nonInterestIncome": "None", "otherNonOperatingIncome": "None", "depreciation": "None", "depreciationAndAmortization": "756000000", "incomeBeforeTax": "411000000", "incomeTaxExpense": "3000000", "interestAndDebtExpense": "None", "netIncomeFromContinuingOperations": "408000000", "comprehensiveIncomeNetOfTax": "None", "ebit": "879000000", "ebitda": "1635000000", "netIncome": "408000000"}, {"fiscalDateEnding": "2024-09-30", "reportedCurrency": "USD", "grossProfit": "1910000000", "totalRevenue": "5201000000", "costOfRevenue": "3291000000", "costofGoodsAndServicesSold": "3291000000", "operatingIncome": "995000000", "sellingGeneralAndAdministrative": "37000000", "researchAndDevelopment": "None", "operatingExpenses": "915000000", "investmentIncomeNet": "None", "netInterestIncome": "-412000000", "interestIncome": "65000000", "interestExpense": "477000000", "nonInterestIncome": "None", "otherNonOperatingIncome": "None", "depreciation": "None", "depreciationAndAmortization": "729000000", "incomeBeforeTax": "645000000", "incomeTaxExpense": "68000000", "interestAndDebtExpense": "None", "netIncomeFromContinuingOperations": "577000000", "comprehensiveIncomeNetOfTax": "None", "ebit": "1103000000", "ebitda": "1832000000", "netIncome": "577000000"}, {"fiscalDateEnding": "2024-06-30", "reportedCurrency": "USD", "grossProfit": "1091000000", "totalRevenue": "4336000000", "costOfRevenue": "3245000000", "costofGoodsAndServicesSold": "3245000000", "operatingIncome": "900000000", "sellingGeneralAndAdministrative": "15000000", "researchAndDevelopment": "None", "operatingExpenses": "191000000", "investmentIncomeNet": "None", "netInterestIncome": "-408000000", "interestIncome": "72000000", "interestExpense": "480000000", "nonInterestIncome": "None", "otherNonOperatingIncome": "None", "depreciation": "None", "depreciationAndAmortization": "726000000", "incomeBeforeTax": "568000000", "incomeTaxExpense": "59000000", "interestAndDebtExpense": "None", "netIncomeFromContinuingOperations": "509000000", "comprehensiveIncomeNetOfTax": "None", "ebit": "1048000000", "ebitda": "1774000000", "netIncome": "460000000"}, {"fiscalDateEnding": "2024-03-31", "reportedCurrency": "USD", "grossProfit": "1753000000", "totalRevenue": "4078000000", "costOfRevenue": "2325000000", "costofGoodsAndServicesSold": "2325000000", "operatingIncome": "245000000", "sellingGeneralAndAdministrative": "629000000", "researchAndDevelopment": "None", "operatingExpenses": "1486000000", "investmentIncomeNet": "None", "netInterestIncome": "-377000000", "interestIncome": "67000000", "interestExpense": "444000000", "nonInterestIncome": "None", "otherNonOperatingIncome": "None", "depreciation": "None", "depreciationAndAmortization": "707000000", "incomeBeforeTax": "-61000000", "incomeTaxExpense": "-113000000", "interestAndDebtExpense": "None", "netIncomeFromContinuingOperations": "52000000", "comprehensiveIncomeNetOfTax": "None", "ebit": "918000000", "ebitda": "1625000000", "netIncome": "52000000"}, {"fiscalDateEnding": "2023-12-31", "reportedCurrency": "USD", "grossProfit": "1742000000", "totalRevenue": "3706000000", "costOfRevenue": "1964000000", "costofGoodsAndServicesSold": "1964000000", "operatingIncome": "791000000", "sellingGeneralAndAdministrative": "143000000", "researchAndDevelopment": "358000000", "operatingExpenses": "950000000", "investmentIncomeNet": "None", "netInterestIncome": "-353000000", "interestIncome": "73000000", "interestExpense": "426000000", "nonInterestIncome": "None", "otherNonOperatingIncome": "None", "depreciation": "None", "depreciationAndAmortization": "687000000", "incomeBeforeTax": "488000000", "incomeTaxExpense": "67000000", "interestAndDebtExpense": "None", "netIncomeFromContinuingOperations": "421000000", "comprehensiveIncomeNetOfTax": "None", "ebit": "914000000", "ebitda": "1601000000", "netIncome": "421000000"}, {"fiscalDateEnding": "2023-09-30", "reportedCurrency": "USD", "grossProfit": "1832000000", "totalRevenue": "4702000000", "costOfRevenue": "2870000000", "costofGoodsAndServicesSold": "2870000000", "operatingIncome": "492000000", "sellingGeneralAndAdministrative": "536000000", "researchAndDevelopment": "None", "operatingExpenses": "1340000000", "investmentIncomeNet": "None", "netInterestIncome": "-365000000", "interestIncome": "433000000", "interestExpense": "433000000", "nonInterestIncome": "None", "otherNonOperatingIncome": "None", "depreciation": "None", "depreciationAndAmortization": "665000000", "incomeBeforeTax": "189000000", "incomeTaxExpense": "-23000000", "interestAndDebtExpense": "None", "netIncomeFromContinuingOperations": "212000000", "comprehensiveIncomeNetOfTax": "None", "ebit": "584000000", "ebitda": "1249000000", "netIncome": "212000000"}, {"fiscalDateEnding": "2023-06-30", "reportedCurrency": "USD", "grossProfit": "1576000000", "totalRevenue": "3964000000", "costOfRevenue": "2388000000", "costofGoodsAndServicesSold": "2388000000", "operatingIncome": "724000000", "sellingGeneralAndAdministrative": "53000000", "researchAndDevelopment": "None", "operatingExpenses": "852000000", "investmentIncomeNet": "None", "netInterestIncome": "-326000000", "interestIncome": "392000000", "interestExpense": "392000000", "nonInterestIncome": "None", "otherNonOperatingIncome": "128000000", "depreciation": "None", "depreciationAndAmortization": "695000000", "incomeBeforeTax": "460000000", "incomeTaxExpense": "51000000", "interestAndDebtExpense": "None", "netIncomeFromContinuingOperations": "409000000", "comprehensiveIncomeNetOfTax": "None", "ebit": "811000000", "ebitda": "1506000000", "netIncome": "409000000"}, {"fiscalDateEnding": "2023-03-31", "reportedCurrency": "USD", "grossProfit": "1564000000", "totalRevenue": "3966000000", "costOfRevenue": "2402000000", "costofGoodsAndServicesSold": "2402000000", "operatingIncome": "620000000", "sellingGeneralAndAdministrative": "148000000", "researchAndDevelopment": "None", "operatingExpenses": "944000000", "investmentIncomeNet": "None", "netInterestIncome": "-301000000", "interestIncome": "301000000", "interestExpense": "361000000", "nonInterestIncome": "None", "otherNonOperatingIncome": "119000000", "depreciation": "None", "depreciationAndAmortization": "755000000", "incomeBeforeTax": "378000000", "incomeTaxExpense": "13000000", "interestAndDebtExpense": "None", "netIncomeFromContinuingOperations": "365000000", "comprehensiveIncomeNetOfTax": "None", "ebit": "620000000", "ebitda": "1375000000", "netIncome": "365000000"}, {"fiscalDateEnding": "2022-12-31", "reportedCurrency": "USD", "grossProfit": "1570000000", "totalRevenue": "4016000000", "costOfRevenue": "2446000000", "costofGoodsAndServicesSold": "2446000000", "operatingIncome": "764000000", "sellingGeneralAndAdministrative": "51000000", "researchAndDevelopment": "344000000", "operatingExpenses": "817000000", "investmentIncomeNet": "None", "netInterestIncome": "-297000000", "interestIncome": "53000000", "interestExpense": "350000000", "nonInterestIncome": "None", "otherNonOperatingIncome": "129000000", "depreciation": "None", "depreciationAndAmortization": "737000000", "incomeBeforeTax": "543000000", "incomeTaxExpense": "73000000", "interestAndDebtExpense": "None", "netIncomeFromContinuingOperations": "470000000", "comprehensiveIncomeNetOfTax": "None", "ebit": "764000000", "ebitda": "1501000000", "netIncome": "470000000"}, {"fiscalDateEnding": "2022-09-30", "reportedCurrency": "USD", "grossProfit": "1764000000", "totalRevenue": "5228000000", "costOfRevenue": "3464000000", "costofGoodsAndServicesSold": "3464000000", "operatingIncome": "4000000", "sellingGeneralAndAdministrative": "943000000", "researchAndDevelopment": "None", "operatingExpenses": "1809000000", "investmentIncomeNet": "None", "netInterestIncome": "-283000000", "interestIncome": "19000000", "interestExpense": "302000000", "nonInterestIncome": "None", "otherNonOperatingIncome": "85000000", "depreciation": "None", "depreciationAndAmortization": "755000000", "incomeBeforeTax": "-261000000", "incomeTaxExpense": "-187000000", "interestAndDebtExpense": "None", "netIncomeFromContinuingOperations": "-74000000", "comprehensiveIncomeNetOfTax": "None", "ebit": "4000000", "ebitda": "759000000", "netIncome": "-74000000"}, {"fiscalDateEnding": "2022-06-30", "reportedCurrency": "USD", "grossProfit": "1343000000", "totalRevenue": "4008000000", "costOfRevenue": "2665000000", "costofGoodsAndServicesSold": "2665000000", "operatingIncome": "504000000", "sellingGeneralAndAdministrative": "55000000", "researchAndDevelopment": "None", "operatingExpenses": "776000000", "investmentIncomeNet": "None", "netInterestIncome": "-256000000", "interestIncome": "15000000", "interestExpense": "271000000", "nonInterestIncome": "None", "otherNonOperatingIncome": "66000000", "depreciation": "None", "depreciationAndAmortization": "707000000", "incomeBeforeTax": "299000000", "incomeTaxExpense": "7000000", "interestAndDebtExpense": "None", "netIncomeFromContinuingOperations": "292000000", "comprehensiveIncomeNetOfTax": "None", "ebit": "504000000", "ebitda": "1211000000", "netIncome": "241000000"}, {"fiscalDateEnding": "2022-03-31", "reportedCurrency": "USD", "grossProfit": "1444000000", "totalRevenue": "3968000000", "costOfRevenue": "2524000000", "costofGoodsAndServicesSold": "2524000000", "operatingIncome": "259000000", "sellingGeneralAndAdministrative": "478000000", "researchAndDevelopment": "None", "operatingExpenses": "1185000000", "investmentIncomeNet": "None", "netInterestIncome": "-243000000", "interestIncome": "3000000", "interestExpense": "246000000", "nonInterestIncome": "None", "otherNonOperatingIncome": "68000000", "depreciation": "None", "depreciationAndAmortization": "657000000", "incomeBeforeTax": "81000000", "incomeTaxExpense": "-55000000", "interestAndDebtExpense": "None", "netIncomeFromContinuingOperations": "136000000", "comprehensiveIncomeNetOfTax": "None", "ebit": "259000000", "ebitda": "916000000", "netIncome": "136000000"}, {"fiscalDateEnding": "2021-12-31", "reportedCurrency": "USD", "grossProfit": "1347000000", "totalRevenue": "3331000000", "costOfRevenue": "1984000000", "costofGoodsAndServicesSold": "1984000000", "operatingIncome": "621000000", "sellingGeneralAndAdministrative": "54000000", "researchAndDevelopment": "311000000", "operatingExpenses": "724000000", "investmentIncomeNet": "None", "netInterestIncome": "-230000000", "interestIncome": "231000000", "interestExpense": "231000000", "nonInterestIncome": "None", "otherNonOperatingIncome": "42000000", "depreciation": "None", "depreciationAndAmortization": "561000000", "incomeBeforeTax": "432000000", "incomeTaxExpense": "-139000000", "interestAndDebtExpense": "None", "netIncomeFromContinuingOperations": "571000000", "comprehensiveIncomeNetOfTax": "None", "ebit": "665000000", "ebitda": "1226000000", "netIncome": "523000000"}, {"fiscalDateEnding": "2021-09-30", "reportedCurrency": "USD", "grossProfit": "1989000000", "totalRevenue": "5299000000", "costOfRevenue": "3310000000", "costofGoodsAndServicesSold": "3310000000", "operatingIncome": "-128000000", "sellingGeneralAndAdministrative": "1327000000", "researchAndDevelopment": "None", "operatingExpenses": "2039000000", "investmentIncomeNet": "None", "netInterestIncome": "-244000000", "interestIncome": "252000000", "interestExpense": "245000000", "nonInterestIncome": "None", "otherNonOperatingIncome": "47000000", "depreciation": "None", "depreciationAndAmortization": "619000000", "incomeBeforeTax": "-326000000", "incomeTaxExpense": "-29000000", "interestAndDebtExpense": "None", "netIncomeFromContinuingOperations": "-297000000", "comprehensiveIncomeNetOfTax": "None", "ebit": "-19000000", "ebitda": "600000000", "netIncome": "-297000000"}, {"fiscalDateEnding": "2021-06-30", "reportedCurrency": "USD", "grossProfit": "1278000000", "totalRevenue": "3315000000", "costOfRevenue": "2037000000", "costofGoodsAndServicesSold": "2037000000", "operatingIncome": "585000000", "sellingGeneralAndAdministrative": "54000000", "researchAndDevelopment": "None", "operatingExpenses": "704000000", "investmentIncomeNet": "None", "netInterestIncome": "-231000000", "interestIncome": "1000000", "interestExpense": "232000000", "nonInterestIncome": "None", "otherNonOperatingIncome": "76000000", "depreciation": "None", "depreciationAndAmortization": "548000000", "incomeBeforeTax": "429000000", "incomeTaxExpense": "68000000", "interestAndDebtExpense": "None", "netIncomeFromContinuingOperations": "361000000", "comprehensiveIncomeNetOfTax": "None", "ebit": "618000000", "ebitda": "1166000000", "netIncome": "318000000"}, {"fiscalDateEnding": "2021-03-31", "reportedCurrency": "USD", "grossProfit": "1103000000", "totalRevenue": "2960000000", "costOfRevenue": "1857000000", "costofGoodsAndServicesSold": "1857000000", "operatingIncome": "399000000", "sellingGeneralAndAdministrative": "53000000", "researchAndDevelopment": "None", "operatingExpenses": "704000000", "investmentIncomeNet": "None", "netInterestIncome": "-217000000", "interestIncome": "217000000", "interestExpense": "217000000", "nonInterestIncome": "None", "otherNonOperatingIncome": "72000000", "depreciation": "None", "depreciationAndAmortization": "542000000", "incomeBeforeTax": "254000000", "incomeTaxExpense": "-36000000", "interestAndDebtExpense": "None", "netIncomeFromContinuingOperations": "290000000", "comprehensiveIncomeNetOfTax": "None", "ebit": "430000000", "ebitda": "972000000", "netIncome": "259000000"}, {"fiscalDateEnding": "2020-12-31", "reportedCurrency": "USD", "grossProfit": "1314000000", "totalRevenue": "3157000000", "costOfRevenue": "1843000000", "costofGoodsAndServicesSold": "1843000000", "operatingIncome": "794000000", "sellingGeneralAndAdministrative": "109000000", "researchAndDevelopment": "218000000", "operatingExpenses": "723000000", "investmentIncomeNet": "None", "netInterestIncome": "-224000000", "interestIncome": "2000000", "interestExpense": "226000000", "nonInterestIncome": "None", "otherNonOperatingIncome": "34000000", "depreciation": "None", "depreciationAndAmortization": "504000000", "incomeBeforeTax": "602000000", "incomeTaxExpense": "50000000", "interestAndDebtExpense": "None", "netIncomeFromContinuingOperations": "552000000", "comprehensiveIncomeNetOfTax": "None", "ebit": "625000000", "ebitda": "1129000000", "netIncome": "526000000"}, {"fiscalDateEnding": "2020-09-30", "reportedCurrency": "USD", "grossProfit": "1579000000", "totalRevenue": "4644000000", "costOfRevenue": "3065000000", "costofGoodsAndServicesSold": "3065000000", "operatingIncome": "-379000000", "sellingGeneralAndAdministrative": "1382000000", "researchAndDevelopment": "None", "operatingExpenses": "1986000000", "investmentIncomeNet": "None", "netInterestIncome": "-220000000", "interestIncome": "220000000", "interestExpense": "222000000", "nonInterestIncome": "None", "otherNonOperatingIncome": "84000000", "depreciation": "None", "depreciationAndAmortization": "507000000", "incomeBeforeTax": "-517000000", "incomeTaxExpense": "-275000000", "interestAndDebtExpense": "None", "netIncomeFromContinuingOperations": "-242000000", "comprehensiveIncomeNetOfTax": "None", "ebit": "-379000000", "ebitda": "128000000", "netIncome": "-242000000"}, {"fiscalDateEnding": "2020-06-30", "reportedCurrency": "USD", "grossProfit": "1157000000", "totalRevenue": "2987000000", "costOfRevenue": "1830000000", "costofGoodsAndServicesSold": "1830000000", "operatingIncome": "500000000", "sellingGeneralAndAdministrative": "83000000", "researchAndDevelopment": "None", "operatingExpenses": "675000000", "investmentIncomeNet": "None", "netInterestIncome": "-222000000", "interestIncome": "222000000", "interestExpense": "229000000", "nonInterestIncome": "None", "otherNonOperatingIncome": "None", "depreciation": "None", "depreciationAndAmortization": "489000000", "incomeBeforeTax": "352000000", "incomeTaxExpense": "4000000", "interestAndDebtExpense": "None", "netIncomeFromContinuingOperations": "348000000", "comprehensiveIncomeNetOfTax": "None", "ebit": "563000000", "ebitda": "1052000000", "netIncome": "318000000"}, {"fiscalDateEnding": "2020-03-31", "reportedCurrency": "USD", "grossProfit": "981000000", "totalRevenue": "2790000000", "costOfRevenue": "1809000000", "costofGoodsAndServicesSold": "1809000000", "operatingIncome": "302000000", "sellingGeneralAndAdministrative": "84000000", "researchAndDevelopment": "None", "operatingExpenses": "679000000", "investmentIncomeNet": "None", "netInterestIncome": "-216000000", "interestIncome": "9000000", "interestExpense": "225000000", "nonInterestIncome": "None", "otherNonOperatingIncome": "52000000", "depreciation": "None", "depreciationAndAmortization": "501000000", "incomeBeforeTax": "129000000", "incomeTaxExpense": "-84000000", "interestAndDebtExpense": "None", "netIncomeFromContinuingOperations": "213000000", "comprehensiveIncomeNetOfTax": "None", "ebit": "334000000", "ebitda": "835000000", "netIncome": "183000000"}, {"fiscalDateEnding": "2019-12-31", "reportedCurrency": "USD", "grossProfit": "1219000000", "totalRevenue": "2970000000", "costOfRevenue": "1751000000", "costofGoodsAndServicesSold": "1751000000", "operatingIncome": "287000000", "sellingGeneralAndAdministrative": "347000000", "researchAndDevelopment": "190000000", "operatingExpenses": "914000000", "investmentIncomeNet": "None", "netInterestIncome": "-214000000", "interestIncome": "8000000", "interestExpense": "222000000", "nonInterestIncome": "None", "otherNonOperatingIncome": "42000000", "depreciation": "None", "depreciationAndAmortization": "470000000", "incomeBeforeTax": "107000000", "incomeTaxExpense": "-66000000", "interestAndDebtExpense": "None", "netIncomeFromContinuingOperations": "173000000", "comprehensiveIncomeNetOfTax": "None", "ebit": "347000000", "ebitda": "817000000", "netIncome": "143000000"}, {"fiscalDateEnding": "2019-09-30", "reportedCurrency": "USD", "grossProfit": "1192000000", "totalRevenue": "3741000000", "costOfRevenue": "2549000000", "costofGoodsAndServicesSold": "2549000000", "operatingIncome": "636000000", "sellingGeneralAndAdministrative": "67000000", "researchAndDevelopment": "None", "operatingExpenses": "556000000", "investmentIncomeNet": "None", "netInterestIncome": "-201000000", "interestIncome": "13000000", "interestExpense": "214000000", "nonInterestIncome": "None", "otherNonOperatingIncome": "58000000", "depreciation": "None", "depreciationAndAmortization": "479000000", "incomeBeforeTax": "480000000", "incomeTaxExpense": "-22000000", "interestAndDebtExpense": "None", "netIncomeFromContinuingOperations": "502000000", "comprehensiveIncomeNetOfTax": "None", "ebit": "664000000", "ebitda": "1143000000", "netIncome": "471000000"}, {"fiscalDateEnding": "2019-06-30", "reportedCurrency": "USD", "grossProfit": "1082000000", "totalRevenue": "2812000000", "costOfRevenue": "1730000000", "costofGoodsAndServicesSold": "1730000000", "operatingIncome": "500000000", "sellingGeneralAndAdministrative": "2000000", "researchAndDevelopment": "None", "operatingExpenses": "412000000", "investmentIncomeNet": "None", "netInterestIncome": "-204000000", "interestIncome": "7000000", "interestExpense": "211000000", "nonInterestIncome": "None", "otherNonOperatingIncome": "55000000", "depreciation": "None", "depreciationAndAmortization": "339000000", "incomeBeforeTax": "344000000", "incomeTaxExpense": "-78000000", "interestAndDebtExpense": "None", "netIncomeFromContinuingOperations": "422000000", "comprehensiveIncomeNetOfTax": "None", "ebit": "692000000", "ebitda": "1031000000", "netIncome": "392000000"}, {"fiscalDateEnding": "2019-03-31", "reportedCurrency": "USD", "grossProfit": "937000000", "totalRevenue": "2824000000", "costOfRevenue": "1887000000", "costofGoodsAndServicesSold": "1887000000", "operatingIncome": "352000000", "sellingGeneralAndAdministrative": "1000000", "researchAndDevelopment": "None", "operatingExpenses": "589000000", "investmentIncomeNet": "None", "netInterestIncome": "-185000000", "interestIncome": "185000000", "interestExpense": "194000000", "nonInterestIncome": "None", "otherNonOperatingIncome": "38000000", "depreciation": "None", "depreciationAndAmortization": "498000000", "incomeBeforeTax": "196000000", "incomeTaxExpense": "-112000000", "interestAndDebtExpense": "None", "netIncomeFromContinuingOperations": "308000000", "comprehensiveIncomeNetOfTax": "None", "ebit": "373000000", "ebitda": "871000000", "netIncome": "278000000"}, {"fiscalDateEnding": "2018-12-31", "reportedCurrency": "USD", "grossProfit": "1218000000", "totalRevenue": "3009000000", "costOfRevenue": "1791000000", "costofGoodsAndServicesSold": "1791000000", "operatingIncome": "-2041000000", "sellingGeneralAndAdministrative": "2669000000", "researchAndDevelopment": "0", "operatingExpenses": "3241000000", "investmentIncomeNet": "None", "netInterestIncome": "None", "interestIncome": "None", "interestExpense": "196000000", "nonInterestIncome": "None", "otherNonOperatingIncome": "21000000", "depreciation": "None", "depreciationAndAmortization": "480000000", "incomeBeforeTax": "-2216000000", "incomeTaxExpense": "-782000000", "interestAndDebtExpense": "None", "netIncomeFromContinuingOperations": "-1434000000", "comprehensiveIncomeNetOfTax": "None", "ebit": "-2002000000", "ebitda": "-1522000000", "netIncome": "-1400000000"}, {"fiscalDateEnding": "2018-09-30", "reportedCurrency": "USD", "grossProfit": "1289000000", "totalRevenue": "4269000000", "costOfRevenue": "2980000000", "costofGoodsAndServicesSold": "2980000000", "operatingIncome": "739000000", "sellingGeneralAndAdministrative": "2000000", "researchAndDevelopment": "0", "operatingExpenses": "561000000", "investmentIncomeNet": "None", "netInterestIncome": "None", "interestIncome": "None", "interestExpense": "188000000", "nonInterestIncome": "None", "otherNonOperatingIncome": "76000000", "depreciation": "None", "depreciationAndAmortization": "563000000", "incomeBeforeTax": "627000000", "incomeTaxExpense": "83000000", "interestAndDebtExpense": "None", "netIncomeFromContinuingOperations": "544000000", "comprehensiveIncomeNetOfTax": "None", "ebit": "765000000", "ebitda": "1328000000", "netIncome": "513000000"}, {"fiscalDateEnding": "2018-06-30", "reportedCurrency": "USD", "grossProfit": "984000000", "totalRevenue": "2815000000", "costOfRevenue": "1831000000", "costofGoodsAndServicesSold": "1831000000", "operatingIncome": "420000000", "sellingGeneralAndAdministrative": "1000000", "researchAndDevelopment": "0", "operatingExpenses": "559000000", "investmentIncomeNet": "None", "netInterestIncome": "None", "interestIncome": "None", "interestExpense": "180000000", "nonInterestIncome": "None", "otherNonOperatingIncome": "49000000", "depreciation": "None", "depreciationAndAmortization": "590000000", "incomeBeforeTax": "289000000", "incomeTaxExpense": "-9000000", "interestAndDebtExpense": "None", "netIncomeFromContinuingOperations": "298000000", "comprehensiveIncomeNetOfTax": "None", "ebit": "458000000", "ebitda": "1048000000", "netIncome": "276000000"}, {"fiscalDateEnding": "2018-03-31", "reportedCurrency": "USD", "grossProfit": "963000000", "totalRevenue": "2564000000", "costOfRevenue": "1601000000", "costofGoodsAndServicesSold": "1601000000", "operatingIncome": "330000000", "sellingGeneralAndAdministrative": "675000000", "researchAndDevelopment": "0", "operatingExpenses": "567000000", "investmentIncomeNet": "None", "netInterestIncome": "None", "interestIncome": "None", "interestExpense": "170000000", "nonInterestIncome": "None", "otherNonOperatingIncome": "51000000", "depreciation": "None", "depreciationAndAmortization": "479000000", "incomeBeforeTax": "211000000", "incomeTaxExpense": "-31000000", "interestAndDebtExpense": "None", "netIncomeFromContinuingOperations": "242000000", "comprehensiveIncomeNetOfTax": "None", "ebit": "421000000", "ebitda": "900000000", "netIncome": "218000000"}, {"fiscalDateEnding": "2017-12-31", "reportedCurrency": "USD", "grossProfit": "1298000000", "totalRevenue": "3220000000", "costOfRevenue": "1922000000", "costofGoodsAndServicesSold": "1922000000", "operatingIncome": "-16000000", "sellingGeneralAndAdministrative": "12000000", "researchAndDevelopment": "0", "operatingExpenses": "598000000", "investmentIncomeNet": "None", "netInterestIncome": "None", "interestIncome": "None", "interestExpense": "166000000", "nonInterestIncome": "None", "otherNonOperatingIncome": "12000000", "depreciation": "None", "depreciationAndAmortization": "506000000", "incomeBeforeTax": "-170000000", "incomeTaxExpense": "364000000", "interestAndDebtExpense": "None", "netIncomeFromContinuingOperations": "-534000000", "comprehensiveIncomeNetOfTax": "None", "ebit": "712000000", "ebitda": "1218000000", "netIncome": "-515000000"}, {"fiscalDateEnding": "2017-09-30", "reportedCurrency": "USD", "grossProfit": "1176000000", "totalRevenue": "3672000000", "costOfRevenue": "2496000000", "costofGoodsAndServicesSold": "2496000000", "operatingIncome": "561000000", "sellingGeneralAndAdministrative": "12000000", "researchAndDevelopment": "0", "operatingExpenses": "615000000", "investmentIncomeNet": "None", "netInterestIncome": "None", "interestIncome": "None", "interestExpense": "162000000", "nonInterestIncome": "None", "otherNonOperatingIncome": "33000000", "depreciation": "None", "depreciationAndAmortization": "543000000", "incomeBeforeTax": "432000000", "incomeTaxExpense": "-69000000", "interestAndDebtExpense": "None", "netIncomeFromContinuingOperations": "501000000", "comprehensiveIncomeNetOfTax": "None", "ebit": "558000000", "ebitda": "1101000000", "netIncome": "470000000"}, {"fiscalDateEnding": "2017-06-30", "reportedCurrency": "USD", "grossProfit": "1083000000", "totalRevenue": "2965000000", "costOfRevenue": "1882000000", "costofGoodsAndServicesSold": "1882000000", "operatingIncome": "469000000", "sellingGeneralAndAdministrative": "707000000", "researchAndDevelopment": "0", "operatingExpenses": "598000000", "investmentIncomeNet": "None", "netInterestIncome": "None", "interestIncome": "None", "interestExpense": "159000000", "nonInterestIncome": "None", "otherNonOperatingIncome": "25000000", "depreciation": "None", "depreciationAndAmortization": "528000000", "incomeBeforeTax": "335000000", "incomeTaxExpense": "26000000", "interestAndDebtExpense": "None", "netIncomeFromContinuingOperations": "309000000", "comprehensiveIncomeNetOfTax": "None", "ebit": "477000000", "ebitda": "1005000000", "netIncome": "278000000"}, {"fiscalDateEnding": "2017-03-31", "reportedCurrency": "USD", "grossProfit": "1083000000", "totalRevenue": "2463000000", "costOfRevenue": "1380000000", "costofGoodsAndServicesSold": "1380000000", "operatingIncome": "479000000", "sellingGeneralAndAdministrative": "596000000", "researchAndDevelopment": "0", "operatingExpenses": "599000000", "investmentIncomeNet": "None", "netInterestIncome": "None", "interestIncome": "None", "interestExpense": "152000000", "nonInterestIncome": "None", "otherNonOperatingIncome": "25000000", "depreciation": "None", "depreciationAndAmortization": "520000000", "incomeBeforeTax": "352000000", "incomeTaxExpense": "-40000000", "interestAndDebtExpense": "None", "netIncomeFromContinuingOperations": "392000000", "comprehensiveIncomeNetOfTax": "None", "ebit": "478000000", "ebitda": "998000000", "netIncome": "362000000"}, {"fiscalDateEnding": "2016-12-31", "reportedCurrency": "USD", "grossProfit": "1154000000", "totalRevenue": "2884000000", "costOfRevenue": "1730000000", "costofGoodsAndServicesSold": "1730000000", "operatingIncome": "566000000", "sellingGeneralAndAdministrative": "778000000", "researchAndDevelopment": "0", "operatingExpenses": "588000000", "investmentIncomeNet": "None", "netInterestIncome": "None", "interestIncome": "None", "interestExpense": "150000000", "nonInterestIncome": "None", "otherNonOperatingIncome": "9000000", "depreciation": "None", "depreciationAndAmortization": "504000000", "incomeBeforeTax": "426000000", "incomeTaxExpense": "63000000", "interestAndDebtExpense": "None", "netIncomeFromContinuingOperations": "363000000", "comprehensiveIncomeNetOfTax": "None", "ebit": "576000000", "ebitda": "1080000000", "netIncome": "346000000"}, {"fiscalDateEnding": "2016-09-30", "reportedCurrency": "USD", "grossProfit": "1308000000", "totalRevenue": "3767000000", "costOfRevenue": "2459000000", "costofGoodsAndServicesSold": "2459000000", "operatingIncome": "695000000", "sellingGeneralAndAdministrative": "740000000", "researchAndDevelopment": "0", "operatingExpenses": "613000000", "investmentIncomeNet": "None", "netInterestIncome": "None", "interestIncome": "None", "interestExpense": "147000000", "nonInterestIncome": "None", "otherNonOperatingIncome": "23000000", "depreciation": "None", "depreciationAndAmortization": "550000000", "incomeBeforeTax": "571000000", "incomeTaxExpense": "122000000", "interestAndDebtExpense": "None", "netIncomeFromContinuingOperations": "449000000", "comprehensiveIncomeNetOfTax": "None", "ebit": "690000000", "ebitda": "1240000000", "netIncome": "421000000"}, {"fiscalDateEnding": "2016-06-30", "reportedCurrency": "USD", "grossProfit": "992000000", "totalRevenue": "2777000000", "costOfRevenue": "1785000000", "costofGoodsAndServicesSold": "1785000000", "operatingIncome": "381000000", "sellingGeneralAndAdministrative": "721000000", "researchAndDevelopment": "0", "operatingExpenses": "590000000", "investmentIncomeNet": "None", "netInterestIncome": "None", "interestIncome": "None", "interestExpense": "144000000", "nonInterestIncome": "None", "otherNonOperatingIncome": "22000000", "depreciation": "None", "depreciationAndAmortization": "526000000", "incomeBeforeTax": "259000000", "incomeTaxExpense": "-47000000", "interestAndDebtExpense": "None", "netIncomeFromContinuingOperations": "306000000", "comprehensiveIncomeNetOfTax": "None", "ebit": "394000000", "ebitda": "920000000", "netIncome": "280000000"}, {"fiscalDateEnding": "2016-03-31", "reportedCurrency": "USD", "grossProfit": "1017000000", "totalRevenue": "2440000000", "costOfRevenue": "1423000000", "costofGoodsAndServicesSold": "1423000000", "operatingIncome": "448000000", "sellingGeneralAndAdministrative": "629000000", "researchAndDevelopment": "0", "operatingExpenses": "569000000", "investmentIncomeNet": "None", "netInterestIncome": "None", "interestIncome": "None", "interestExpense": "140000000", "nonInterestIncome": "None", "otherNonOperatingIncome": "25000000", "depreciation": "None", "depreciationAndAmortization": "499000000", "incomeBeforeTax": "333000000", "incomeTaxExpense": "38000000", "interestAndDebtExpense": "None", "netIncomeFromContinuingOperations": "295000000", "comprehensiveIncomeNetOfTax": "None", "ebit": "444000000", "ebitda": "943000000", "netIncome": "281000000"}, {"fiscalDateEnding": "2015-12-31", "reportedCurrency": "USD", "grossProfit": "893000000", "totalRevenue": "2341000000", "costOfRevenue": "1448000000", "costofGoodsAndServicesSold": "1448000000", "operatingIncome": "340000000", "sellingGeneralAndAdministrative": "831000000", "researchAndDevelopment": "0", "operatingExpenses": "548000000", "investmentIncomeNet": "None", "netInterestIncome": "None", "interestIncome": "None", "interestExpense": "136000000", "nonInterestIncome": "None", "otherNonOperatingIncome": "43000000", "depreciation": "None", "depreciationAndAmortization": "467000000", "incomeBeforeTax": "244000000", "incomeTaxExpense": "291000000", "interestAndDebtExpense": "None", "netIncomeFromContinuingOperations": "-47000000", "comprehensiveIncomeNetOfTax": "None", "ebit": "385000000", "ebitda": "852000000", "netIncome": "-50000000"}, {"fiscalDateEnding": "2015-09-30", "reportedCurrency": "USD", "grossProfit": "1198000000", "totalRevenue": "3763000000", "costOfRevenue": "2565000000", "costofGoodsAndServicesSold": "2565000000", "operatingIncome": "608000000", "sellingGeneralAndAdministrative": "780000000", "researchAndDevelopment": "0", "operatingExpenses": "590000000", "investmentIncomeNet": "None", "netInterestIncome": "None", "interestIncome": "None", "interestExpense": "138000000", "nonInterestIncome": "None", "otherNonOperatingIncome": "17000000", "depreciation": "None", "depreciationAndAmortization": "528000000", "incomeBeforeTax": "487000000", "incomeTaxExpense": "82000000", "interestAndDebtExpense": "None", "netIncomeFromContinuingOperations": "405000000", "comprehensiveIncomeNetOfTax": "None", "ebit": "600000000", "ebitda": "1128000000", "netIncome": "421000000"}, {"fiscalDateEnding": "2015-06-30", "reportedCurrency": "USD", "grossProfit": "1087000000", "totalRevenue": "2908000000", "costOfRevenue": "1821000000", "costofGoodsAndServicesSold": "1821000000", "operatingIncome": "524000000", "sellingGeneralAndAdministrative": "743000000", "researchAndDevelopment": "0", "operatingExpenses": "563000000", "investmentIncomeNet": "None", "netInterestIncome": "None", "interestIncome": "None", "interestExpense": "138000000", "nonInterestIncome": "None", "otherNonOperatingIncome": "26000000", "depreciation": "None", "depreciationAndAmortization": "502000000", "incomeBeforeTax": "412000000", "incomeTaxExpense": "6000000", "interestAndDebtExpense": "None", "netIncomeFromContinuingOperations": "406000000", "comprehensiveIncomeNetOfTax": "None", "ebit": "522000000", "ebitda": "1024000000", "netIncome": "379000000"}, {"fiscalDateEnding": "2015-03-31", "reportedCurrency": "USD", "grossProfit": "1090000000", "totalRevenue": "2512000000", "costOfRevenue": "1422000000", "costofGoodsAndServicesSold": "1422000000", "operatingIncome": "538000000", "sellingGeneralAndAdministrative": "636000000", "researchAndDevelopment": "0", "operatingExpenses": "552000000", "investmentIncomeNet": "None", "netInterestIncome": "None", "interestIncome": "None", "interestExpense": "143000000", "nonInterestIncome": "None", "otherNonOperatingIncome": "29000000", "depreciation": "None", "depreciationAndAmortization": "485000000", "incomeBeforeTax": "424000000", "incomeTaxExpense": "106000000", "interestAndDebtExpense": "None", "netIncomeFromContinuingOperations": "318000000", "comprehensiveIncomeNetOfTax": "None", "ebit": "567000000", "ebitda": "1052000000", "netIncome": "299000000"}, {"fiscalDateEnding": "2014-12-31", "reportedCurrency": "USD", "grossProfit": "1184000000", "totalRevenue": "3114000000", "costOfRevenue": "1930000000", "costofGoodsAndServicesSold": "1930000000", "operatingIncome": "693000000", "sellingGeneralAndAdministrative": "828000000", "researchAndDevelopment": "0", "operatingExpenses": "559000000", "investmentIncomeNet": "None", "netInterestIncome": "None", "interestIncome": "None", "interestExpense": "138000000", "nonInterestIncome": "None", "otherNonOperatingIncome": "11000000", "depreciation": "None", "depreciationAndAmortization": "472000000", "incomeBeforeTax": "565000000", "incomeTaxExpense": "159000000", "interestAndDebtExpense": "None", "netIncomeFromContinuingOperations": "406000000", "comprehensiveIncomeNetOfTax": "None", "ebit": "635000000", "ebitda": "1107000000", "netIncome": "420000000"}, {"fiscalDateEnding": "2014-09-30", "reportedCurrency": "USD", "grossProfit": "1295000000", "totalRevenue": "4356000000", "costOfRevenue": "3061000000", "costofGoodsAndServicesSold": "3061000000", "operatingIncome": "874000000", "sellingGeneralAndAdministrative": "879000000", "researchAndDevelopment": "0", "operatingExpenses": "424000000", "investmentIncomeNet": "None", "netInterestIncome": "None", "interestIncome": "None", "interestExpense": "141000000", "nonInterestIncome": "None", "otherNonOperatingIncome": "11000000", "depreciation": "None", "depreciationAndAmortization": "424000000", "incomeBeforeTax": "744000000", "incomeTaxExpense": "220000000", "interestAndDebtExpense": "None", "netIncomeFromContinuingOperations": "524000000", "comprehensiveIncomeNetOfTax": "None", "ebit": "868000000", "ebitda": "1292000000", "netIncome": "480000000"}, {"fiscalDateEnding": "2014-06-30", "reportedCurrency": "USD", "grossProfit": "989000000", "totalRevenue": "3016000000", "costOfRevenue": "2027000000", "costofGoodsAndServicesSold": "2027000000", "operatingIncome": "575000000", "sellingGeneralAndAdministrative": "788000000", "researchAndDevelopment": "0", "operatingExpenses": "414000000", "investmentIncomeNet": "None", "netInterestIncome": "None", "interestIncome": "None", "interestExpense": "139000000", "nonInterestIncome": "None", "otherNonOperatingIncome": "30000000", "depreciation": "None", "depreciationAndAmortization": "414000000", "incomeBeforeTax": "466000000", "incomeTaxExpense": "84000000", "interestAndDebtExpense": "None", "netIncomeFromContinuingOperations": "382000000", "comprehensiveIncomeNetOfTax": "None", "ebit": "605000000", "ebitda": "1019000000", "netIncome": "536000000"}, {"fiscalDateEnding": "2014-03-31", "reportedCurrency": "USD", "grossProfit": "972000000", "totalRevenue": "2926000000", "costOfRevenue": "1954000000", "costofGoodsAndServicesSold": "1954000000", "operatingIncome": "331000000", "sellingGeneralAndAdministrative": "811000000", "researchAndDevelopment": "0", "operatingExpenses": "410000000", "investmentIncomeNet": "None", "netInterestIncome": "None", "interestIncome": "None", "interestExpense": "141000000", "nonInterestIncome": "None", "otherNonOperatingIncome": "15000000", "depreciation": "None", "depreciationAndAmortization": "410000000", "incomeBeforeTax": "205000000", "incomeTaxExpense": "-19000000", "interestAndDebtExpense": "None", "netIncomeFromContinuingOperations": "224000000", "comprehensiveIncomeNetOfTax": "None", "ebit": "557000000", "ebitda": "967000000", "netIncome": "176000000"}, {"fiscalDateEnding": "2013-12-31", "reportedCurrency": "USD", "grossProfit": "897000000", "totalRevenue": "2943000000", "costOfRevenue": "2046000000", "costofGoodsAndServicesSold": "2046000000", "operatingIncome": "503000000", "sellingGeneralAndAdministrative": "6000000", "researchAndDevelopment": "0", "operatingExpenses": "398000000", "investmentIncomeNet": "None", "netInterestIncome": "None", "interestIncome": "None", "interestExpense": "142000000", "nonInterestIncome": "None", "otherNonOperatingIncome": "None", "depreciation": "None", "depreciationAndAmortization": "344000000", "incomeBeforeTax": "358000000", "incomeTaxExpense": "69000000", "interestAndDebtExpense": "None", "netIncomeFromContinuingOperations": "0", "comprehensiveIncomeNetOfTax": "None", "ebit": "546000000", "ebitda": "890000000", "netIncome": "301000000"}, {"fiscalDateEnding": "2013-09-30", "reportedCurrency": "USD", "grossProfit": "1181000000", "totalRevenue": "3960000000", "costOfRevenue": "2779000000", "costofGoodsAndServicesSold": "2779000000", "operatingIncome": "789000000", "sellingGeneralAndAdministrative": "971000000", "researchAndDevelopment": "0", "operatingExpenses": "392000000", "investmentIncomeNet": "None", "netInterestIncome": "None", "interestIncome": "None", "interestExpense": "137000000", "nonInterestIncome": "None", "otherNonOperatingIncome": "13000000", "depreciation": "None", "depreciationAndAmortization": "413000000", "incomeBeforeTax": "665000000", "incomeTaxExpense": "177000000", "interestAndDebtExpense": "None", "netIncomeFromContinuingOperations": "488000000", "comprehensiveIncomeNetOfTax": "None", "ebit": "778000000", "ebitda": "1191000000", "netIncome": "438000000"}, {"fiscalDateEnding": "2013-06-30", "reportedCurrency": "USD", "grossProfit": "922000000", "totalRevenue": "3046000000", "costOfRevenue": "2124000000", "costofGoodsAndServicesSold": "2124000000", "operatingIncome": "-71000000", "sellingGeneralAndAdministrative": "967000000", "researchAndDevelopment": "0", "operatingExpenses": "418000000", "investmentIncomeNet": "None", "netInterestIncome": "None", "interestIncome": "None", "interestExpense": "133000000", "nonInterestIncome": "None", "otherNonOperatingIncome": "20000000", "depreciation": "None", "depreciationAndAmortization": "434000000", "incomeBeforeTax": "-184000000", "incomeTaxExpense": "-102000000", "interestAndDebtExpense": "None", "netIncomeFromContinuingOperations": "-82000000", "comprehensiveIncomeNetOfTax": "None", "ebit": "499000000", "ebitda": "933000000", "netIncome": "-70000000"}, {"fiscalDateEnding": "2013-03-31", "reportedCurrency": "USD", "grossProfit": "906000000", "totalRevenue": "2632000000", "costOfRevenue": "1726000000", "costofGoodsAndServicesSold": "1726000000", "operatingIncome": "492000000", "sellingGeneralAndAdministrative": "0", "researchAndDevelopment": "0", "operatingExpenses": "414000000", "investmentIncomeNet": "None", "netInterestIncome": "None", "interestIncome": "None", "interestExpense": "131000000", "nonInterestIncome": "None", "otherNonOperatingIncome": "None", "depreciation": "None", "depreciationAndAmortization": "431000000", "incomeBeforeTax": "384000000", "incomeTaxExpense": "98000000", "interestAndDebtExpense": "None", "netIncomeFromContinuingOperations": "0", "comprehensiveIncomeNetOfTax": "None", "ebit": "487000000", "ebitda": "918000000", "netIncome": "271000000"}, {"fiscalDateEnding": "2012-12-31", "reportedCurrency": "USD", "grossProfit": "-2254000000", "totalRevenue": "2062000000", "costOfRevenue": "4316000000", "costofGoodsAndServicesSold": "4316000000", "operatingIncome": "991000000", "sellingGeneralAndAdministrative": "0", "researchAndDevelopment": "0", "operatingExpenses": "-3271000000", "investmentIncomeNet": "None", "netInterestIncome": "None", "interestIncome": "None", "interestExpense": "122000000", "nonInterestIncome": "None", "otherNonOperatingIncome": "None", "depreciation": "None", "depreciationAndAmortization": "172000000", "incomeBeforeTax": "1080000000", "incomeTaxExpense": "50000000", "interestAndDebtExpense": "None", "netIncomeFromContinuingOperations": "0", "comprehensiveIncomeNetOfTax": "None", "ebit": "937000000", "ebitda": "1109000000", "netIncome": "-449000000"}, {"fiscalDateEnding": "2012-09-30", "reportedCurrency": "USD", "grossProfit": "2188000000", "totalRevenue": "4070000000", "costOfRevenue": "1882000000", "costofGoodsAndServicesSold": "1882000000", "operatingIncome": "636000000", "sellingGeneralAndAdministrative": "1087000000", "researchAndDevelopment": "0", "operatingExpenses": "1617000000", "investmentIncomeNet": "None", "netInterestIncome": "None", "interestIncome": "None", "interestExpense": "214000000", "nonInterestIncome": "None", "otherNonOperatingIncome": "55000000", "depreciation": "None", "depreciationAndAmortization": "489000000", "incomeBeforeTax": "477000000", "incomeTaxExpense": "181000000", "interestAndDebtExpense": "None", "netIncomeFromContinuingOperations": "296000000", "comprehensiveIncomeNetOfTax": "None", "ebit": "599000000", "ebitda": "1088000000", "netIncome": "190000000"}, {"fiscalDateEnding": "2012-06-30", "reportedCurrency": "USD", "grossProfit": "1959000000", "totalRevenue": "3057000000", "costOfRevenue": "1098000000", "costofGoodsAndServicesSold": "1098000000", "operatingIncome": "272000000", "sellingGeneralAndAdministrative": "1220000000", "researchAndDevelopment": "0", "operatingExpenses": "1676000000", "investmentIncomeNet": "None", "netInterestIncome": "None", "interestIncome": "None", "interestExpense": "218000000", "nonInterestIncome": "None", "otherNonOperatingIncome": "50000000", "depreciation": "None", "depreciationAndAmortization": "491000000", "incomeBeforeTax": "104000000", "incomeTaxExpense": "1000000", "interestAndDebtExpense": "None", "netIncomeFromContinuingOperations": "103000000", "comprehensiveIncomeNetOfTax": "None", "ebit": "314000000", "ebitda": "805000000", "netIncome": "74000000"}, {"fiscalDateEnding": "2012-03-31", "reportedCurrency": "USD", "grossProfit": "1958000000", "totalRevenue": "2856000000", "costOfRevenue": "898000000", "costofGoodsAndServicesSold": "898000000", "operatingIncome": "304000000", "sellingGeneralAndAdministrative": "1198000000", "researchAndDevelopment": "0", "operatingExpenses": "1640000000", "investmentIncomeNet": "None", "netInterestIncome": "None", "interestIncome": "None", "interestExpense": "212000000", "nonInterestIncome": "None", "otherNonOperatingIncome": "23000000", "depreciation": "None", "depreciationAndAmortization": "482000000", "incomeBeforeTax": "115000000", "incomeTaxExpense": "1000000", "interestAndDebtExpense": "None", "netIncomeFromContinuingOperations": "115000000", "comprehensiveIncomeNetOfTax": "None", "ebit": "320000000", "ebitda": "802000000", "netIncome": "93000000"}, {"fiscalDateEnding": "2011-12-31", "reportedCurrency": "USD", "grossProfit": "2147000000", "totalRevenue": "3014000000", "costOfRevenue": "867000000", "costofGoodsAndServicesSold": "867000000", "operatingIncome": "-1319000000", "sellingGeneralAndAdministrative": "3017000000", "researchAndDevelopment": "0", "operatingExpenses": "1694000000", "investmentIncomeNet": "None", "netInterestIncome": "None", "interestIncome": "None", "interestExpense": "207000000", "nonInterestIncome": "None", "otherNonOperatingIncome": "44000000", "depreciation": "None", "depreciationAndAmortization": "489000000", "incomeBeforeTax": "-1481000000", "incomeTaxExpense": "-657000000", "interestAndDebtExpense": "None", "netIncomeFromContinuingOperations": "-825000000", "comprehensiveIncomeNetOfTax": "None", "ebit": "470000000", "ebitda": "959000000", "netIncome": "-839000000"}, {"fiscalDateEnding": "2011-09-30", "reportedCurrency": "USD", "grossProfit": "2365000000", "totalRevenue": "3981000000", "costOfRevenue": "1616000000", "costofGoodsAndServicesSold": "1616000000", "operatingIncome": "810000000", "sellingGeneralAndAdministrative": "1119000000", "researchAndDevelopment": "0", "operatingExpenses": "1555000000", "investmentIncomeNet": "None", "netInterestIncome": "None", "interestIncome": "None", "interestExpense": "203000000", "nonInterestIncome": "None", "otherNonOperatingIncome": "76000000", "depreciation": "None", "depreciationAndAmortization": "473000000", "incomeBeforeTax": "683000000", "incomeTaxExpense": "242000000", "interestAndDebtExpense": "None", "netIncomeFromContinuingOperations": "441000000", "comprehensiveIncomeNetOfTax": "None", "ebit": "870000000", "ebitda": "1343000000", "netIncome": "426000000"}, {"fiscalDateEnding": "2011-06-30", "reportedCurrency": "USD", "grossProfit": "2078000000", "totalRevenue": "2983000000", "costOfRevenue": "905000000", "costofGoodsAndServicesSold": "905000000", "operatingIncome": "380000000", "sellingGeneralAndAdministrative": "1263000000", "researchAndDevelopment": "0", "operatingExpenses": "1698000000", "investmentIncomeNet": "None", "netInterestIncome": "None", "interestIncome": "None", "interestExpense": "203000000", "nonInterestIncome": "None", "otherNonOperatingIncome": "77000000", "depreciation": "None", "depreciationAndAmortization": "473000000", "incomeBeforeTax": "254000000", "incomeTaxExpense": "62000000", "interestAndDebtExpense": "None", "netIncomeFromContinuingOperations": "192000000", "comprehensiveIncomeNetOfTax": "None", "ebit": "428000000", "ebitda": "901000000", "netIncome": "176000000"}, {"fiscalDateEnding": "2011-03-31", "reportedCurrency": "USD", "grossProfit": "2016000000", "totalRevenue": "2782000000", "costOfRevenue": "766000000", "costofGoodsAndServicesSold": "766000000", "operatingIncome": "450000000", "sellingGeneralAndAdministrative": "1149000000", "researchAndDevelopment": "0", "operatingExpenses": "1566000000", "investmentIncomeNet": "None", "netInterestIncome": "None", "interestIncome": "None", "interestExpense": "196000000", "nonInterestIncome": "None", "otherNonOperatingIncome": "27000000", "depreciation": "None", "depreciationAndAmortization": "454000000", "incomeBeforeTax": "281000000", "incomeTaxExpense": "65000000", "interestAndDebtExpense": "None", "netIncomeFromContinuingOperations": "216000000", "comprehensiveIncomeNetOfTax": "None", "ebit": "449000000", "ebitda": "903000000", "netIncome": "200000000"}, {"fiscalDateEnding": "2010-12-31", "reportedCurrency": "USD", "grossProfit": "2181000000", "totalRevenue": "3069000000", "costOfRevenue": "888000000", "costofGoodsAndServicesSold": "888000000", "operatingIncome": "414000000", "sellingGeneralAndAdministrative": "1373000000", "researchAndDevelopment": "0", "operatingExpenses": "1720000000", "investmentIncomeNet": "None", "netInterestIncome": "None", "interestIncome": "None", "interestExpense": "185000000", "nonInterestIncome": "None", "otherNonOperatingIncome": "40000000", "depreciation": "None", "depreciationAndAmortization": "513000000", "incomeBeforeTax": "271000000", "incomeTaxExpense": "93000000", "interestAndDebtExpense": "None", "netIncomeFromContinuingOperations": "177000000", "comprehensiveIncomeNetOfTax": "None", "ebit": "470000000", "ebitda": "983000000", "netIncome": "166000000"}, {"fiscalDateEnding": "2010-09-30", "reportedCurrency": "USD", "grossProfit": "2342000000", "totalRevenue": "3788000000", "costOfRevenue": "1446000000", "costofGoodsAndServicesSold": "1446000000", "operatingIncome": "862000000", "sellingGeneralAndAdministrative": "1102000000", "researchAndDevelopment": "0", "operatingExpenses": "1480000000", "investmentIncomeNet": "None", "netInterestIncome": "None", "interestIncome": "None", "interestExpense": "175000000", "nonInterestIncome": "None", "otherNonOperatingIncome": "87000000", "depreciation": "None", "depreciationAndAmortization": "378000000", "incomeBeforeTax": "774000000", "incomeTaxExpense": "247000000", "interestAndDebtExpense": "None", "netIncomeFromContinuingOperations": "527000000", "comprehensiveIncomeNetOfTax": "None", "ebit": "928000000", "ebitda": "1306000000", "netIncome": "510000000"}, {"fiscalDateEnding": "2010-06-30", "reportedCurrency": "USD", "grossProfit": "1875000000", "totalRevenue": "2741000000", "costOfRevenue": "866000000", "costofGoodsAndServicesSold": "866000000", "operatingIncome": "351000000", "sellingGeneralAndAdministrative": "1144000000", "researchAndDevelopment": "0", "operatingExpenses": "1524000000", "investmentIncomeNet": "None", "netInterestIncome": "None", "interestIncome": "None", "interestExpense": "175000000", "nonInterestIncome": "None", "otherNonOperatingIncome": "44000000", "depreciation": "None", "depreciationAndAmortization": "380000000", "incomeBeforeTax": "220000000", "incomeTaxExpense": "-136000000", "interestAndDebtExpense": "None", "netIncomeFromContinuingOperations": "356000000", "comprehensiveIncomeNetOfTax": "None", "ebit": "375000000", "ebitda": "755000000", "netIncome": "344000000"}, {"fiscalDateEnding": "2010-03-31", "reportedCurrency": "USD", "grossProfit": "1907000000", "totalRevenue": "2810000000", "costOfRevenue": "903000000", "costofGoodsAndServicesSold": "903000000", "operatingIncome": "498000000", "sellingGeneralAndAdministrative": "1040000000", "researchAndDevelopment": "0", "operatingExpenses": "1409000000", "investmentIncomeNet": "None", "netInterestIncome": "None", "interestIncome": "None", "interestExpense": "168000000", "nonInterestIncome": "None", "otherNonOperatingIncome": "63000000", "depreciation": "None", "depreciationAndAmortization": "369000000", "incomeBeforeTax": "393000000", "incomeTaxExpense": "150000000", "interestAndDebtExpense": "None", "netIncomeFromContinuingOperations": "243000000", "comprehensiveIncomeNetOfTax": "None", "ebit": "535000000", "ebitda": "904000000", "netIncome": "236000000"}, {"fiscalDateEnding": "2009-12-31", "reportedCurrency": "USD", "grossProfit": "2030000000", "totalRevenue": "3023000000", "costOfRevenue": "993000000", "costofGoodsAndServicesSold": "993000000", "operatingIncome": "440000000", "sellingGeneralAndAdministrative": "866000000", "researchAndDevelopment": "0", "operatingExpenses": "728000000", "investmentIncomeNet": "None", "netInterestIncome": "None", "interestIncome": "None", "interestExpense": "176000000", "nonInterestIncome": "None", "otherNonOperatingIncome": "None", "depreciation": "None", "depreciationAndAmortization": "390000000", "incomeBeforeTax": "299000000", "incomeTaxExpense": "71000000", "interestAndDebtExpense": "None", "netIncomeFromContinuingOperations": "0", "comprehensiveIncomeNetOfTax": "None", "ebit": "1341000000", "ebitda": "1731000000", "netIncome": "212000000"}, {"fiscalDateEnding": "2009-09-30", "reportedCurrency": "USD", "grossProfit": "2226000000", "totalRevenue": "3664000000", "costOfRevenue": "1438000000", "costofGoodsAndServicesSold": "1438000000", "operatingIncome": "768000000", "sellingGeneralAndAdministrative": "1093000000", "researchAndDevelopment": "0", "operatingExpenses": "1458000000", "investmentIncomeNet": "None", "netInterestIncome": "None", "interestIncome": "None", "interestExpense": "187000000", "nonInterestIncome": "None", "otherNonOperatingIncome": "95000000", "depreciation": "None", "depreciationAndAmortization": "460000000", "incomeBeforeTax": "676000000", "incomeTaxExpense": "232000000", "interestAndDebtExpense": "None", "netIncomeFromContinuingOperations": "444000000", "comprehensiveIncomeNetOfTax": "None", "ebit": "805000000", "ebitda": "1265000000", "netIncome": "403000000"}, {"fiscalDateEnding": "2009-06-30", "reportedCurrency": "USD", "grossProfit": "1923000000", "totalRevenue": "2834000000", "costOfRevenue": "911000000", "costofGoodsAndServicesSold": "911000000", "operatingIncome": "-364000000", "sellingGeneralAndAdministrative": "866000000", "researchAndDevelopment": "0", "operatingExpenses": "2287000000", "investmentIncomeNet": "None", "netInterestIncome": "None", "interestIncome": "None", "interestExpense": "182000000", "nonInterestIncome": "None", "otherNonOperatingIncome": "36000000", "depreciation": "None", "depreciationAndAmortization": "346000000", "incomeBeforeTax": "-510000000", "incomeTaxExpense": "-524000000", "interestAndDebtExpense": "None", "netIncomeFromContinuingOperations": "14000000", "comprehensiveIncomeNetOfTax": "None", "ebit": "-340000000", "ebitda": "6000000", "netIncome": "-16000000"}, {"fiscalDateEnding": "2009-03-31", "reportedCurrency": "USD", "grossProfit": "1885000000", "totalRevenue": "2812000000", "costOfRevenue": "927000000", "costofGoodsAndServicesSold": "927000000", "operatingIncome": "553000000", "sellingGeneralAndAdministrative": "0", "researchAndDevelopment": "0", "operatingExpenses": "1332000000", "investmentIncomeNet": "None", "netInterestIncome": "None", "interestIncome": "None", "interestExpense": "187000000", "nonInterestIncome": "None", "otherNonOperatingIncome": "None", "depreciation": "None", "depreciationAndAmortization": "342000000", "incomeBeforeTax": "388000000", "incomeTaxExpense": "122000000", "interestAndDebtExpense": "None", "netIncomeFromContinuingOperations": "0", "comprehensiveIncomeNetOfTax": "None", "ebit": "555000000", "ebitda": "897000000", "netIncome": "250000000"}, {"fiscalDateEnding": "2008-12-31", "reportedCurrency": "USD", "grossProfit": "2380000000", "totalRevenue": "3536000000", "costOfRevenue": "1156000000", "costofGoodsAndServicesSold": "1156000000", "operatingIncome": "495000000", "sellingGeneralAndAdministrative": "0", "researchAndDevelopment": "0", "operatingExpenses": "1885000000", "investmentIncomeNet": "None", "netInterestIncome": "None", "interestIncome": "None", "interestExpense": "176000000", "nonInterestIncome": "None", "otherNonOperatingIncome": "None", "depreciation": "None", "depreciationAndAmortization": "446000000", "incomeBeforeTax": "253000000", "incomeTaxExpense": "75000000", "interestAndDebtExpense": "None", "netIncomeFromContinuingOperations": "0", "comprehensiveIncomeNetOfTax": "None", "ebit": "510000000", "ebitda": "956000000", "netIncome": "165000000"}, {"fiscalDateEnding": "2008-09-30", "reportedCurrency": "USD", "grossProfit": "1514000000", "totalRevenue": "4111000000", "costOfRevenue": "2597000000", "costofGoodsAndServicesSold": "2597000000", "operatingIncome": "964000000", "sellingGeneralAndAdministrative": "0", "researchAndDevelopment": "0", "operatingExpenses": "550000000", "investmentIncomeNet": "None", "netInterestIncome": "None", "interestIncome": "None", "interestExpense": "176000000", "nonInterestIncome": "None", "otherNonOperatingIncome": "None", "depreciation": "None", "depreciationAndAmortization": "291000000", "incomeBeforeTax": "723000000", "incomeTaxExpense": "277000000", "interestAndDebtExpense": "None", "netIncomeFromContinuingOperations": "0", "comprehensiveIncomeNetOfTax": "None", "ebit": "993000000", "ebitda": "1284000000", "netIncome": "439000000"}, {"fiscalDateEnding": "2008-06-30", "reportedCurrency": "USD", "grossProfit": "2172000000", "totalRevenue": "3382000000", "costOfRevenue": "1210000000", "costofGoodsAndServicesSold": "1210000000", "operatingIncome": "450000000", "sellingGeneralAndAdministrative": "0", "researchAndDevelopment": "0", "operatingExpenses": "1722000000", "investmentIncomeNet": "None", "netInterestIncome": "None", "interestIncome": "None", "interestExpense": "165000000", "nonInterestIncome": "None", "otherNonOperatingIncome": "None", "depreciation": "None", "depreciationAndAmortization": "357000000", "incomeBeforeTax": "345000000", "incomeTaxExpense": "83000000", "interestAndDebtExpense": "None", "netIncomeFromContinuingOperations": "0", "comprehensiveIncomeNetOfTax": "None", "ebit": "376000000", "ebitda": "733000000", "netIncome": "261000000"}, {"fiscalDateEnding": "2008-03-31", "reportedCurrency": "USD", "grossProfit": "2055000000", "totalRevenue": "3083000000", "costOfRevenue": "1028000000", "costofGoodsAndServicesSold": "1028000000", "operatingIncome": "611000000", "sellingGeneralAndAdministrative": "0", "researchAndDevelopment": "0", "operatingExpenses": "1444000000", "investmentIncomeNet": "None", "netInterestIncome": "None", "interestIncome": "None", "interestExpense": "171000000", "nonInterestIncome": "None", "otherNonOperatingIncome": "None", "depreciation": "None", "depreciationAndAmortization": "325000000", "incomeBeforeTax": "465000000", "incomeTaxExpense": "161000000", "interestAndDebtExpense": "None", "netIncomeFromContinuingOperations": "0", "comprehensiveIncomeNetOfTax": "None", "ebit": "592000000", "ebitda": "917000000", "netIncome": "299000000"}, {"fiscalDateEnding": "2007-12-31", "reportedCurrency": "USD", "grossProfit": "2068000000", "totalRevenue": "3211000000", "costOfRevenue": "1143000000", "costofGoodsAndServicesSold": "1143000000", "operatingIncome": "485000000", "sellingGeneralAndAdministrative": "0", "researchAndDevelopment": "0", "operatingExpenses": "1583000000", "investmentIncomeNet": "None", "netInterestIncome": "None", "interestIncome": "None", "interestExpense": "201000000", "nonInterestIncome": "None", "otherNonOperatingIncome": "None", "depreciation": "None", "depreciationAndAmortization": "344000000", "incomeBeforeTax": "314000000", "incomeTaxExpense": "100000000", "interestAndDebtExpense": "None", "netIncomeFromContinuingOperations": "0", "comprehensiveIncomeNetOfTax": "None", "ebit": "475000000", "ebitda": "819000000", "netIncome": "211000000"}, {"fiscalDateEnding": "2007-09-30", "reportedCurrency": "USD", "grossProfit": "2156000000", "totalRevenue": "3942000000", "costOfRevenue": "1786000000", "costofGoodsAndServicesSold": "1786000000", "operatingIncome": "899000000", "sellingGeneralAndAdministrative": "0", "researchAndDevelopment": "0", "operatingExpenses": "1257000000", "investmentIncomeNet": "None", "netInterestIncome": "None", "interestIncome": "None", "interestExpense": "191000000", "nonInterestIncome": "None", "otherNonOperatingIncome": "None", "depreciation": "None", "depreciationAndAmortization": "340000000", "incomeBeforeTax": "728000000", "incomeTaxExpense": "263000000", "interestAndDebtExpense": "None", "netIncomeFromContinuingOperations": "0", "comprehensiveIncomeNetOfTax": "None", "ebit": "836000000", "ebitda": "1176000000", "netIncome": "461000000"}, {"fiscalDateEnding": "2007-06-30", "reportedCurrency": "USD", "grossProfit": "1780000000", "totalRevenue": "3047000000", "costOfRevenue": "1267000000", "costofGoodsAndServicesSold": "1267000000", "operatingIncome": "260000000", "sellingGeneralAndAdministrative": "0", "researchAndDevelopment": "0", "operatingExpenses": "1520000000", "investmentIncomeNet": "None", "netInterestIncome": "None", "interestIncome": "None", "interestExpense": "201000000", "nonInterestIncome": "None", "otherNonOperatingIncome": "None", "depreciation": "None", "depreciationAndAmortization": "347000000", "incomeBeforeTax": "93000000", "incomeTaxExpense": "169000000", "interestAndDebtExpense": "None", "netIncomeFromContinuingOperations": "0", "comprehensiveIncomeNetOfTax": "None", "ebit": "227000000", "ebitda": "574000000", "netIncome": "93000000"}, {"fiscalDateEnding": "2007-03-31", "reportedCurrency": "USD", "grossProfit": "2109000000", "totalRevenue": "2912000000", "costOfRevenue": "803000000", "costofGoodsAndServicesSold": "803000000", "operatingIncome": "627000000", "sellingGeneralAndAdministrative": "0", "researchAndDevelopment": "0", "operatingExpenses": "1482000000", "investmentIncomeNet": "None", "netInterestIncome": "None", "interestIncome": "None", "interestExpense": "198000000", "nonInterestIncome": "None", "otherNonOperatingIncome": "None", "depreciation": "None", "depreciationAndAmortization": "344000000", "incomeBeforeTax": "459000000", "incomeTaxExpense": "129000000", "interestAndDebtExpense": "None", "netIncomeFromContinuingOperations": "0", "comprehensiveIncomeNetOfTax": "None", "ebit": "604000000", "ebitda": "948000000", "netIncome": "333000000"}, {"fiscalDateEnding": "2006-12-31", "reportedCurrency": "USD", "grossProfit": "2046000000", "totalRevenue": "3067000000", "costOfRevenue": "1021000000", "costofGoodsAndServicesSold": "1021000000", "operatingIncome": "470000000", "sellingGeneralAndAdministrative": "0", "researchAndDevelopment": "0", "operatingExpenses": "1576000000", "investmentIncomeNet": "None", "netInterestIncome": "None", "interestIncome": "None", "interestExpense": "250000000", "nonInterestIncome": "None", "otherNonOperatingIncome": "None", "depreciation": "None", "depreciationAndAmortization": "285000000", "incomeBeforeTax": "332000000", "incomeTaxExpense": "66000000", "interestAndDebtExpense": "None", "netIncomeFromContinuingOperations": "0", "comprehensiveIncomeNetOfTax": "None", "ebit": "389000000", "ebitda": "674000000", "netIncome": "288000000"}, {"fiscalDateEnding": "2006-09-30", "reportedCurrency": "USD", "grossProfit": "2280000000", "totalRevenue": "3802000000", "costOfRevenue": "1522000000", "costofGoodsAndServicesSold": "1522000000", "operatingIncome": "963000000", "sellingGeneralAndAdministrative": "0", "researchAndDevelopment": "0", "operatingExpenses": "1317000000", "investmentIncomeNet": "None", "netInterestIncome": "None", "interestIncome": "None", "interestExpense": "199000000", "nonInterestIncome": "None", "otherNonOperatingIncome": "None", "depreciation": "None", "depreciationAndAmortization": "321000000", "incomeBeforeTax": "770000000", "incomeTaxExpense": "310000000", "interestAndDebtExpense": "None", "netIncomeFromContinuingOperations": "0", "comprehensiveIncomeNetOfTax": "None", "ebit": "934000000", "ebitda": "1255000000", "netIncome": "458000000"}, {"fiscalDateEnding": "2006-06-30", "reportedCurrency": "USD", "grossProfit": "1852000000", "totalRevenue": "3001000000", "costOfRevenue": "1149000000", "costofGoodsAndServicesSold": "1149000000", "operatingIncome": "447000000", "sellingGeneralAndAdministrative": "0", "researchAndDevelopment": "0", "operatingExpenses": "1405000000", "investmentIncomeNet": "None", "netInterestIncome": "None", "interestIncome": "None", "interestExpense": "209000000", "nonInterestIncome": "None", "otherNonOperatingIncome": "None", "depreciation": "None", "depreciationAndAmortization": "361000000", "incomeBeforeTax": "268000000", "incomeTaxExpense": "95000000", "interestAndDebtExpense": "None", "netIncomeFromContinuingOperations": "0", "comprehensiveIncomeNetOfTax": "None", "ebit": "426000000", "ebitda": "787000000", "netIncome": "177000000"}, {"fiscalDateEnding": "2006-03-31", "reportedCurrency": "USD", "grossProfit": "1275000000", "totalRevenue": "2751000000", "costOfRevenue": "1476000000", "costofGoodsAndServicesSold": "1476000000", "operatingIncome": "460000000", "sellingGeneralAndAdministrative": "0", "researchAndDevelopment": "0", "operatingExpenses": "815000000", "investmentIncomeNet": "None", "netInterestIncome": "None", "interestIncome": "None", "interestExpense": "200000000", "nonInterestIncome": "None", "otherNonOperatingIncome": "None", "depreciation": "None", "depreciationAndAmortization": "313000000", "incomeBeforeTax": "295000000", "incomeTaxExpense": "111000000", "interestAndDebtExpense": "None", "netIncomeFromContinuingOperations": "0", "comprehensiveIncomeNetOfTax": "None", "ebit": "438000000", "ebitda": "751000000", "netIncome": "258000000"}, {"fiscalDateEnding": "2005-12-31", "reportedCurrency": "USD", "grossProfit": "1484000000", "totalRevenue": "2974000000", "costOfRevenue": "1490000000", "costofGoodsAndServicesSold": "1490000000", "operatingIncome": "602000000", "sellingGeneralAndAdministrative": "0", "researchAndDevelopment": "0", "operatingExpenses": "882000000", "investmentIncomeNet": "None", "netInterestIncome": "None", "interestIncome": "None", "interestExpense": "203000000", "nonInterestIncome": "None", "otherNonOperatingIncome": "None", "depreciation": "None", "depreciationAndAmortization": "291000000", "incomeBeforeTax": "489000000", "incomeTaxExpense": "190000000", "interestAndDebtExpense": "None", "netIncomeFromContinuingOperations": "0", "comprehensiveIncomeNetOfTax": "None", "ebit": "535000000", "ebitda": "826000000", "netIncome": "273000000"}, {"fiscalDateEnding": "2005-09-30", "reportedCurrency": "USD", "grossProfit": "2792000000", "totalRevenue": "3783000000", "costOfRevenue": "991000000", "costofGoodsAndServicesSold": "991000000", "operatingIncome": "788000000", "sellingGeneralAndAdministrative": "0", "researchAndDevelopment": "0", "operatingExpenses": "2004000000", "investmentIncomeNet": "None", "netInterestIncome": "None", "interestIncome": "None", "interestExpense": "198000000", "nonInterestIncome": "None", "otherNonOperatingIncome": "None", "depreciation": "None", "depreciationAndAmortization": "303000000", "incomeBeforeTax": "564000000", "incomeTaxExpense": "129000000", "interestAndDebtExpense": "None", "netIncomeFromContinuingOperations": "0", "comprehensiveIncomeNetOfTax": "None", "ebit": "762000000", "ebitda": "1065000000", "netIncome": "462000000"}, {"fiscalDateEnding": "2005-06-30", "reportedCurrency": "USD", "grossProfit": "1507000000", "totalRevenue": "2649000000", "costOfRevenue": "1142000000", "costofGoodsAndServicesSold": "1142000000", "operatingIncome": "409000000", "sellingGeneralAndAdministrative": "0", "researchAndDevelopment": "0", "operatingExpenses": "1098000000", "investmentIncomeNet": "None", "netInterestIncome": "None", "interestIncome": "None", "interestExpense": "204000000", "nonInterestIncome": "None", "otherNonOperatingIncome": "None", "depreciation": "None", "depreciationAndAmortization": "293000000", "incomeBeforeTax": "214000000", "incomeTaxExpense": "34000000", "interestAndDebtExpense": "None", "netIncomeFromContinuingOperations": "0", "comprehensiveIncomeNetOfTax": "None", "ebit": "378000000", "ebitda": "671000000", "netIncome": "201000000"}, {"fiscalDateEnding": "2005-03-31", "reportedCurrency": "USD", "grossProfit": "1639000000", "totalRevenue": "2446000000", "costOfRevenue": "807000000", "costofGoodsAndServicesSold": "807000000", "operatingIncome": "448000000", "sellingGeneralAndAdministrative": "0", "researchAndDevelopment": "0", "operatingExpenses": "1191000000", "investmentIncomeNet": "None", "netInterestIncome": "None", "interestIncome": "None", "interestExpense": "214000000", "nonInterestIncome": "None", "otherNonOperatingIncome": "None", "depreciation": "None", "depreciationAndAmortization": "281000000", "incomeBeforeTax": "298000000", "incomeTaxExpense": "104000000", "interestAndDebtExpense": "None", "netIncomeFromContinuingOperations": "0", "comprehensiveIncomeNetOfTax": "None", "ebit": "379000000", "ebitda": "660000000", "netIncome": "201000000"}, {"fiscalDateEnding": "2004-12-31", "reportedCurrency": "USD", "grossProfit": "1630000000", "totalRevenue": "2359000000", "costOfRevenue": "729000000", "costofGoodsAndServicesSold": "729000000", "operatingIncome": "447000000", "sellingGeneralAndAdministrative": "0", "researchAndDevelopment": "0", "operatingExpenses": "1183000000", "investmentIncomeNet": "None", "netInterestIncome": "None", "interestIncome": "None", "interestExpense": "236000000", "nonInterestIncome": "None", "otherNonOperatingIncome": "None", "depreciation": "None", "depreciationAndAmortization": "290000000", "incomeBeforeTax": "214000000", "incomeTaxExpense": "-53000000", "interestAndDebtExpense": "None", "netIncomeFromContinuingOperations": "0", "comprehensiveIncomeNetOfTax": "None", "ebit": "430000000", "ebitda": "720000000", "netIncome": "379000000"}]}