{"symbol": "NEE", "annualReports": [{"fiscalDateEnding": "2024-12-31", "reportedCurrency": "USD", "grossProfit": "17019000000", "totalRevenue": "17019000000", "costOfRevenue": "9886000000", "costofGoodsAndServicesSold": "9886000000", "operatingIncome": "6492000000", "sellingGeneralAndAdministrative": "None", "researchAndDevelopment": "None", "operatingExpenses": "10528000000", "investmentIncomeNet": "None", "netInterestIncome": "-2235000000", "interestIncome": "None", "interestExpense": "2235000000", "nonInterestIncome": "None", "otherNonOperatingIncome": "None", "depreciation": "None", "depreciationAndAmortization": "2827000000", "incomeBeforeTax": "5513000000", "incomeTaxExpense": "970000000", "interestAndDebtExpense": "None", "netIncomeFromContinuingOperations": "5698000000", "comprehensiveIncomeNetOfTax": "None", "ebit": "4335000000", "ebitda": "7162000000", "netIncome": "4543000000"}, {"fiscalDateEnding": "2023-12-31", "reportedCurrency": "USD", "grossProfit": "17976000000", "totalRevenue": "28114000000", "costOfRevenue": "10138000000", "costofGoodsAndServicesSold": "10138000000", "operatingIncome": "10237000000", "sellingGeneralAndAdministrative": "None", "researchAndDevelopment": "None", "operatingExpenses": "7364000000", "investmentIncomeNet": "None", "netInterestIncome": "-2029000000", "interestIncome": "None", "interestExpense": "3324000000", "nonInterestIncome": "None", "otherNonOperatingIncome": "None", "depreciation": "None", "depreciationAndAmortization": "6151000000", "incomeBeforeTax": "7288000000", "incomeTaxExpense": "1006000000", "interestAndDebtExpense": "None", "netIncomeFromContinuingOperations": "6634000000", "comprehensiveIncomeNetOfTax": "None", "ebit": "10612000000", "ebitda": "16763000000", "netIncome": "7310000000"}, {"fiscalDateEnding": "2022-12-31", "reportedCurrency": "USD", "grossProfit": "10139000000", "totalRevenue": "20956000000", "costOfRevenue": "10817000000", "costofGoodsAndServicesSold": "10817000000", "operatingIncome": "4081000000", "sellingGeneralAndAdministrative": "5983000000", "researchAndDevelopment": "None", "operatingExpenses": "6580000000", "investmentIncomeNet": "None", "netInterestIncome": "-585000000", "interestIncome": "763000000", "interestExpense": "585000000", "nonInterestIncome": "None", "otherNonOperatingIncome": "336000000", "depreciation": "None", "depreciationAndAmortization": "4873000000", "incomeBeforeTax": "3832000000", "incomeTaxExpense": "586000000", "interestAndDebtExpense": "None", "netIncomeFromContinuingOperations": "3246000000", "comprehensiveIncomeNetOfTax": "None", "ebit": "4081000000", "ebitda": "8954000000", "netIncome": "4147000000"}, {"fiscalDateEnding": "2021-12-31", "reportedCurrency": "USD", "grossProfit": "8589000000", "totalRevenue": "17069000000", "costOfRevenue": "8480000000", "costofGoodsAndServicesSold": "8480000000", "operatingIncome": "3889000000", "sellingGeneralAndAdministrative": "5677000000", "researchAndDevelopment": "None", "operatingExpenses": "5725000000", "investmentIncomeNet": "None", "netInterestIncome": "-1270000000", "interestIncome": "267000000", "interestExpense": "1270000000", "nonInterestIncome": "None", "otherNonOperatingIncome": "1532000000", "depreciation": "None", "depreciationAndAmortization": "4212000000", "incomeBeforeTax": "3175000000", "incomeTaxExpense": "348000000", "interestAndDebtExpense": "None", "netIncomeFromContinuingOperations": "2827000000", "comprehensiveIncomeNetOfTax": "None", "ebit": "3889000000", "ebitda": "8101000000", "netIncome": "3573000000"}, {"fiscalDateEnding": "2020-12-31", "reportedCurrency": "USD", "grossProfit": "10707000000", "totalRevenue": "17997000000", "costOfRevenue": "7290000000", "costofGoodsAndServicesSold": "7290000000", "operatingIncome": "3704000000", "sellingGeneralAndAdministrative": "5107000000", "researchAndDevelopment": "None", "operatingExpenses": "5761000000", "investmentIncomeNet": "None", "netInterestIncome": "-1912000000", "interestIncome": "38000000", "interestExpense": "1950000000", "nonInterestIncome": "None", "otherNonOperatingIncome": "-753000000", "depreciation": "None", "depreciationAndAmortization": "4315000000", "incomeBeforeTax": "2413000000", "incomeTaxExpense": "44000000", "interestAndDebtExpense": "None", "netIncomeFromContinuingOperations": "2369000000", "comprehensiveIncomeNetOfTax": "None", "ebit": "3912000000", "ebitda": "8227000000", "netIncome": "2919000000"}, {"fiscalDateEnding": "2019-12-31", "reportedCurrency": "USD", "grossProfit": "11201000000", "totalRevenue": "19204000000", "costOfRevenue": "8003000000", "costofGoodsAndServicesSold": "8003000000", "operatingIncome": "5353000000", "sellingGeneralAndAdministrative": "4931000000", "researchAndDevelopment": "None", "operatingExpenses": "5913000000", "investmentIncomeNet": "None", "netInterestIncome": "-2195000000", "interestIncome": "54000000", "interestExpense": "2249000000", "nonInterestIncome": "None", "otherNonOperatingIncome": "732000000", "depreciation": "None", "depreciationAndAmortization": "4478000000", "incomeBeforeTax": "3836000000", "incomeTaxExpense": "448000000", "interestAndDebtExpense": "None", "netIncomeFromContinuingOperations": "3388000000", "comprehensiveIncomeNetOfTax": "None", "ebit": "5343000000", "ebitda": "9821000000", "netIncome": "3769000000"}, {"fiscalDateEnding": "2018-12-31", "reportedCurrency": "USD", "grossProfit": "9665000000", "totalRevenue": "16727000000", "costOfRevenue": "7062000000", "costofGoodsAndServicesSold": "7062000000", "operatingIncome": "4280000000", "sellingGeneralAndAdministrative": "4758000000", "researchAndDevelopment": "0", "operatingExpenses": "5419000000", "investmentIncomeNet": "None", "netInterestIncome": "-1447000000", "interestIncome": "51000000", "interestExpense": "1498000000", "nonInterestIncome": "None", "otherNonOperatingIncome": "4570000000", "depreciation": "None", "depreciationAndAmortization": "4147000000", "incomeBeforeTax": "7352000000", "incomeTaxExpense": "1576000000", "interestAndDebtExpense": "None", "netIncomeFromContinuingOperations": "5776000000", "comprehensiveIncomeNetOfTax": "None", "ebit": "8568000000", "ebitda": "12715000000", "netIncome": "6638000000"}, {"fiscalDateEnding": "2017-12-31", "reportedCurrency": "USD", "grossProfit": "9797000000", "totalRevenue": "17195000000", "costOfRevenue": "7398000000", "costofGoodsAndServicesSold": "7398000000", "operatingIncome": "5326000000", "sellingGeneralAndAdministrative": "344000000", "researchAndDevelopment": "0", "operatingExpenses": "3812000000", "investmentIncomeNet": "None", "netInterestIncome": "-1477000000", "interestIncome": "81000000", "interestExpense": "1558000000", "nonInterestIncome": "None", "otherNonOperatingIncome": "899000000", "depreciation": "None", "depreciationAndAmortization": "2638000000", "incomeBeforeTax": "4667000000", "incomeTaxExpense": "-653000000", "interestAndDebtExpense": "None", "netIncomeFromContinuingOperations": "5320000000", "comprehensiveIncomeNetOfTax": "None", "ebit": "5927000000", "ebitda": "8565000000", "netIncome": "5378000000"}, {"fiscalDateEnding": "2016-12-31", "reportedCurrency": "USD", "grossProfit": "8724000000", "totalRevenue": "16155000000", "costOfRevenue": "7431000000", "costofGoodsAndServicesSold": "7431000000", "operatingIncome": "4608000000", "sellingGeneralAndAdministrative": "1350000000", "researchAndDevelopment": "0", "operatingExpenses": "4427000000", "investmentIncomeNet": "None", "netInterestIncome": "-1011000000", "interestIncome": "82000000", "interestExpense": "1093000000", "nonInterestIncome": "None", "otherNonOperatingIncome": "873000000", "depreciation": "None", "depreciationAndAmortization": "3377000000", "incomeBeforeTax": "4388000000", "incomeTaxExpense": "1383000000", "interestAndDebtExpense": "None", "netIncomeFromContinuingOperations": "3005000000", "comprehensiveIncomeNetOfTax": "None", "ebit": "5639000000", "ebitda": "9016000000", "netIncome": "2912000000"}, {"fiscalDateEnding": "2015-12-31", "reportedCurrency": "USD", "grossProfit": "8890000000", "totalRevenue": "17486000000", "costOfRevenue": "8596000000", "costofGoodsAndServicesSold": "8596000000", "operatingIncome": "4632000000", "sellingGeneralAndAdministrative": "1399000000", "researchAndDevelopment": "0", "operatingExpenses": "4230000000", "investmentIncomeNet": "None", "netInterestIncome": "None", "interestIncome": "928000000", "interestExpense": "1211000000", "nonInterestIncome": "None", "otherNonOperatingIncome": "569000000", "depreciation": "None", "depreciationAndAmortization": "3203000000", "incomeBeforeTax": "3990000000", "incomeTaxExpense": "1228000000", "interestAndDebtExpense": "None", "netIncomeFromContinuingOperations": "2762000000", "comprehensiveIncomeNetOfTax": "None", "ebit": "5114000000", "ebitda": "8317000000", "netIncome": "2752000000"}, {"fiscalDateEnding": "2014-12-31", "reportedCurrency": "USD", "grossProfit": "8270000000", "totalRevenue": "17021000000", "costOfRevenue": "8751000000", "costofGoodsAndServicesSold": "8751000000", "operatingIncome": "4384000000", "sellingGeneralAndAdministrative": "1324000000", "researchAndDevelopment": "0", "operatingExpenses": "3875000000", "investmentIncomeNet": "None", "netInterestIncome": "None", "interestIncome": "None", "interestExpense": "1261000000", "nonInterestIncome": "None", "otherNonOperatingIncome": "522000000", "depreciation": "None", "depreciationAndAmortization": "2896000000", "incomeBeforeTax": "3645000000", "incomeTaxExpense": "1176000000", "interestAndDebtExpense": "None", "netIncomeFromContinuingOperations": "2469000000", "comprehensiveIncomeNetOfTax": "None", "ebit": "4678000000", "ebitda": "7574000000", "netIncome": "2465000000"}, {"fiscalDateEnding": "2013-12-31", "reportedCurrency": "USD", "grossProfit": "6984000000", "totalRevenue": "15136000000", "costOfRevenue": "8152000000", "costofGoodsAndServicesSold": "8152000000", "operatingIncome": "3241000000", "sellingGeneralAndAdministrative": "1280000000", "researchAndDevelopment": "0", "operatingExpenses": "3443000000", "investmentIncomeNet": "None", "netInterestIncome": "None", "interestIncome": "None", "interestExpense": "1121000000", "nonInterestIncome": "None", "otherNonOperatingIncome": "401000000", "depreciation": "None", "depreciationAndAmortization": "2521000000", "incomeBeforeTax": "2521000000", "incomeTaxExpense": "801000000", "interestAndDebtExpense": "None", "netIncomeFromContinuingOperations": "1720000000", "comprehensiveIncomeNetOfTax": "None", "ebit": "3577000000", "ebitda": "6098000000", "netIncome": "1908000000"}, {"fiscalDateEnding": "2012-12-31", "reportedCurrency": "USD", "grossProfit": "5980000000", "totalRevenue": "14256000000", "costOfRevenue": "8276000000", "costofGoodsAndServicesSold": "8276000000", "operatingIncome": "3276000000", "sellingGeneralAndAdministrative": "0", "researchAndDevelopment": "0", "operatingExpenses": "2704000000", "investmentIncomeNet": "None", "netInterestIncome": "None", "interestIncome": "None", "interestExpense": "1038000000", "nonInterestIncome": "None", "otherNonOperatingIncome": "None", "depreciation": "None", "depreciationAndAmortization": "1772000000", "incomeBeforeTax": "2603000000", "incomeTaxExpense": "692000000", "interestAndDebtExpense": "None", "netIncomeFromContinuingOperations": "None", "comprehensiveIncomeNetOfTax": "None", "ebit": "3582000000", "ebitda": "5354000000", "netIncome": "1911000000"}, {"fiscalDateEnding": "2011-12-31", "reportedCurrency": "USD", "grossProfit": "9085000000", "totalRevenue": "15341000000", "costOfRevenue": "6256000000", "costofGoodsAndServicesSold": "6256000000", "operatingIncome": "3378000000", "sellingGeneralAndAdministrative": "0", "researchAndDevelopment": "0", "operatingExpenses": "5656000000", "investmentIncomeNet": "None", "netInterestIncome": "None", "interestIncome": "None", "interestExpense": "1035000000", "nonInterestIncome": "None", "otherNonOperatingIncome": "None", "depreciation": "None", "depreciationAndAmortization": "1844000000", "incomeBeforeTax": "2452000000", "incomeTaxExpense": "529000000", "interestAndDebtExpense": "None", "netIncomeFromContinuingOperations": "None", "comprehensiveIncomeNetOfTax": "None", "ebit": "3407000000", "ebitda": "5251000000", "netIncome": "1923000000"}, {"fiscalDateEnding": "2010-12-31", "reportedCurrency": "USD", "grossProfit": "9075000000", "totalRevenue": "15317000000", "costOfRevenue": "6242000000", "costofGoodsAndServicesSold": "6242000000", "operatingIncome": "3243000000", "sellingGeneralAndAdministrative": "0", "researchAndDevelopment": "0", "operatingExpenses": "5832000000", "investmentIncomeNet": "None", "netInterestIncome": "None", "interestIncome": "None", "interestExpense": "979000000", "nonInterestIncome": "None", "otherNonOperatingIncome": "None", "depreciation": "None", "depreciationAndAmortization": "2092000000", "incomeBeforeTax": "2489000000", "incomeTaxExpense": "532000000", "interestAndDebtExpense": "None", "netIncomeFromContinuingOperations": "None", "comprehensiveIncomeNetOfTax": "None", "ebit": "3399000000", "ebitda": "5491000000", "netIncome": "1957000000"}, {"fiscalDateEnding": "2009-12-31", "reportedCurrency": "USD", "grossProfit": "8241000000", "totalRevenue": "15646000000", "costOfRevenue": "7405000000", "costofGoodsAndServicesSold": "7405000000", "operatingIncome": "2594000000", "sellingGeneralAndAdministrative": "0", "researchAndDevelopment": "0", "operatingExpenses": "5647000000", "investmentIncomeNet": "None", "netInterestIncome": "None", "interestIncome": "None", "interestExpense": "849000000", "nonInterestIncome": "None", "otherNonOperatingIncome": "None", "depreciation": "None", "depreciationAndAmortization": "1947000000", "incomeBeforeTax": "1942000000", "incomeTaxExpense": "327000000", "interestAndDebtExpense": "None", "netIncomeFromContinuingOperations": "None", "comprehensiveIncomeNetOfTax": "None", "ebit": "2808000000", "ebitda": "4755000000", "netIncome": "1615000000"}, {"fiscalDateEnding": "2008-12-31", "reportedCurrency": "USD", "grossProfit": "7998000000", "totalRevenue": "16410000000", "costOfRevenue": "8412000000", "costofGoodsAndServicesSold": "8412000000", "operatingIncome": "2825000000", "sellingGeneralAndAdministrative": "None", "researchAndDevelopment": "None", "operatingExpenses": "5173000000", "investmentIncomeNet": "None", "netInterestIncome": "None", "interestIncome": "None", "interestExpense": "813000000", "nonInterestIncome": "None", "otherNonOperatingIncome": "None", "depreciation": "None", "depreciationAndAmortization": "1643000000", "incomeBeforeTax": "2089000000", "incomeTaxExpense": "450000000", "interestAndDebtExpense": "None", "netIncomeFromContinuingOperations": "None", "comprehensiveIncomeNetOfTax": "None", "ebit": "2902000000", "ebitda": "4545000000", "netIncome": "1639000000"}, {"fiscalDateEnding": "2007-12-31", "reportedCurrency": "USD", "grossProfit": "7071000000", "totalRevenue": "15263000000", "costOfRevenue": "8192000000", "costofGoodsAndServicesSold": "8192000000", "operatingIncome": "2283000000", "sellingGeneralAndAdministrative": "None", "researchAndDevelopment": "None", "operatingExpenses": "4788000000", "investmentIncomeNet": "None", "netInterestIncome": "None", "interestIncome": "None", "interestExpense": "762000000", "nonInterestIncome": "None", "otherNonOperatingIncome": "None", "depreciation": "None", "depreciationAndAmortization": "1479000000", "incomeBeforeTax": "1680000000", "incomeTaxExpense": "368000000", "interestAndDebtExpense": "None", "netIncomeFromContinuingOperations": "None", "comprehensiveIncomeNetOfTax": "None", "ebit": "2283000000", "ebitda": "3762000000", "netIncome": "1312000000"}, {"fiscalDateEnding": "2006-12-31", "reportedCurrency": "USD", "grossProfit": "6767000000", "totalRevenue": "15710000000", "costOfRevenue": "8943000000", "costofGoodsAndServicesSold": "8943000000", "operatingIncome": "2097000000", "sellingGeneralAndAdministrative": "None", "researchAndDevelopment": "None", "operatingExpenses": "4670000000", "investmentIncomeNet": "None", "netInterestIncome": "None", "interestIncome": "None", "interestExpense": "706000000", "nonInterestIncome": "None", "otherNonOperatingIncome": "None", "depreciation": "None", "depreciationAndAmortization": "1421000000", "incomeBeforeTax": "1678000000", "incomeTaxExpense": "397000000", "interestAndDebtExpense": "None", "netIncomeFromContinuingOperations": "None", "comprehensiveIncomeNetOfTax": "None", "ebit": "2097000000", "ebitda": "3518000000", "netIncome": "1281000000"}, {"fiscalDateEnding": "2005-12-31", "reportedCurrency": "USD", "grossProfit": "5675000000", "totalRevenue": "11846000000", "costOfRevenue": "6171000000", "costofGoodsAndServicesSold": "6171000000", "operatingIncome": "1464000000", "sellingGeneralAndAdministrative": "None", "researchAndDevelopment": "None", "operatingExpenses": "4211000000", "investmentIncomeNet": "None", "netInterestIncome": "None", "interestIncome": "None", "interestExpense": "593000000", "nonInterestIncome": "None", "otherNonOperatingIncome": "None", "depreciation": "None", "depreciationAndAmortization": "1496000000", "incomeBeforeTax": "1157000000", "incomeTaxExpense": "272000000", "interestAndDebtExpense": "None", "netIncomeFromContinuingOperations": "None", "comprehensiveIncomeNetOfTax": "None", "ebit": "1490000000", "ebitda": "2986000000", "netIncome": "885000000"}], "quarterlyReports": [{"fiscalDateEnding": "2024-12-31", "reportedCurrency": "USD", "grossProfit": "2977000000", "totalRevenue": "5385000000", "costOfRevenue": "2408000000", "costofGoodsAndServicesSold": "2408000000", "operatingIncome": "941000000", "sellingGeneralAndAdministrative": "None", "researchAndDevelopment": "None", "operatingExpenses": "2036000000", "investmentIncomeNet": "None", "netInterestIncome": "725000000", "interestIncome": "None", "interestExpense": "725000000", "nonInterestIncome": "None", "otherNonOperatingIncome": "None", "depreciation": "None", "depreciationAndAmortization": "1582000000", "incomeBeforeTax": "1044000000", "incomeTaxExpense": "171000000", "interestAndDebtExpense": "None", "netIncomeFromContinuingOperations": "873000000", "comprehensiveIncomeNetOfTax": "None", "ebit": "319000000", "ebitda": "1901000000", "netIncome": "1203000000"}, {"fiscalDateEnding": "2024-09-30", "reportedCurrency": "USD", "grossProfit": "4869000000", "totalRevenue": "7567000000", "costOfRevenue": "2698000000", "costofGoodsAndServicesSold": "2698000000", "operatingIncome": "2856000000", "sellingGeneralAndAdministrative": "None", "researchAndDevelopment": "None", "operatingExpenses": "2013000000", "investmentIncomeNet": "None", "netInterestIncome": "-1817000000", "interestIncome": "None", "interestExpense": "1817000000", "nonInterestIncome": "None", "otherNonOperatingIncome": "None", "depreciation": "None", "depreciationAndAmortization": "1720000000", "incomeBeforeTax": "1596000000", "incomeTaxExpense": "5000000", "interestAndDebtExpense": "None", "netIncomeFromContinuingOperations": "1591000000", "comprehensiveIncomeNetOfTax": "None", "ebit": "2537000000", "ebitda": "4257000000", "netIncome": "1852000000"}, {"fiscalDateEnding": "2024-06-30", "reportedCurrency": "USD", "grossProfit": "2254000000", "totalRevenue": "6114000000", "costOfRevenue": "3860000000", "costofGoodsAndServicesSold": "3860000000", "operatingIncome": "1686000000", "sellingGeneralAndAdministrative": "None", "researchAndDevelopment": "None", "operatingExpenses": "568000000", "investmentIncomeNet": "None", "netInterestIncome": "-820000000", "interestIncome": "None", "interestExpense": "820000000", "nonInterestIncome": "None", "otherNonOperatingIncome": "None", "depreciation": "None", "depreciationAndAmortization": "1471000000", "incomeBeforeTax": "1232000000", "incomeTaxExpense": "-64000000", "interestAndDebtExpense": "None", "netIncomeFromContinuingOperations": "1296000000", "comprehensiveIncomeNetOfTax": "None", "ebit": "2091000000", "ebitda": "3562000000", "netIncome": "1622000000"}, {"fiscalDateEnding": "2024-03-31", "reportedCurrency": "USD", "grossProfit": "3402000000", "totalRevenue": "5731000000", "costOfRevenue": "2329000000", "costofGoodsAndServicesSold": "2329000000", "operatingIncome": "2013000000", "sellingGeneralAndAdministrative": "None", "researchAndDevelopment": "None", "operatingExpenses": "1447000000", "investmentIncomeNet": "None", "netInterestIncome": "-323000000", "interestIncome": "None", "interestExpense": "323000000", "nonInterestIncome": "None", "otherNonOperatingIncome": "None", "depreciation": "None", "depreciationAndAmortization": "988000000", "incomeBeforeTax": "2164000000", "incomeTaxExpense": "227000000", "interestAndDebtExpense": "None", "netIncomeFromContinuingOperations": "1937000000", "comprehensiveIncomeNetOfTax": "None", "ebit": "3041000000", "ebitda": "4029000000", "netIncome": "2268000000"}, {"fiscalDateEnding": "2023-12-31", "reportedCurrency": "USD", "grossProfit": "4411000000", "totalRevenue": "6878000000", "costOfRevenue": "2467000000", "costofGoodsAndServicesSold": "2467000000", "operatingIncome": "2660000000", "sellingGeneralAndAdministrative": "None", "researchAndDevelopment": "None", "operatingExpenses": "2145000000", "investmentIncomeNet": "None", "netInterestIncome": "-1980000000", "interestIncome": "None", "interestExpense": "1980000000", "nonInterestIncome": "None", "otherNonOperatingIncome": "None", "depreciation": "None", "depreciationAndAmortization": "1681000000", "incomeBeforeTax": "1083000000", "incomeTaxExpense": "168000000", "interestAndDebtExpense": "None", "netIncomeFromContinuingOperations": "915000000", "comprehensiveIncomeNetOfTax": "None", "ebit": "1932000000", "ebitda": "3613000000", "netIncome": "1210000000"}, {"fiscalDateEnding": "2023-09-30", "reportedCurrency": "USD", "grossProfit": "4422000000", "totalRevenue": "7172000000", "costOfRevenue": "2750000000", "costofGoodsAndServicesSold": "2750000000", "operatingIncome": "1836000000", "sellingGeneralAndAdministrative": "None", "researchAndDevelopment": "None", "operatingExpenses": "2593000000", "investmentIncomeNet": "None", "netInterestIncome": "-26000000", "interestIncome": "1049000000", "interestExpense": "26000000", "nonInterestIncome": "None", "otherNonOperatingIncome": "None", "depreciation": "None", "depreciationAndAmortization": "2026000000", "incomeBeforeTax": "973000000", "incomeTaxExpense": "-46000000", "interestAndDebtExpense": "None", "netIncomeFromContinuingOperations": "1019000000", "comprehensiveIncomeNetOfTax": "None", "ebit": "1758000000", "ebitda": "3784000000", "netIncome": "1219000000"}, {"fiscalDateEnding": "2023-06-30", "reportedCurrency": "USD", "grossProfit": "4863000000", "totalRevenue": "7349000000", "costOfRevenue": "2486000000", "costofGoodsAndServicesSold": "2486000000", "operatingIncome": "2799000000", "sellingGeneralAndAdministrative": "1697000000", "researchAndDevelopment": "None", "operatingExpenses": "2070000000", "investmentIncomeNet": "None", "netInterestIncome": "-135000000", "interestIncome": "91000000", "interestExpense": "135000000", "nonInterestIncome": "None", "otherNonOperatingIncome": "397000000", "depreciation": "None", "depreciationAndAmortization": "1552000000", "incomeBeforeTax": "3061000000", "incomeTaxExpense": "497000000", "interestAndDebtExpense": "None", "netIncomeFromContinuingOperations": "2564000000", "comprehensiveIncomeNetOfTax": "None", "ebit": "3780000000", "ebitda": "5332000000", "netIncome": "2795000000"}, {"fiscalDateEnding": "2023-03-31", "reportedCurrency": "USD", "grossProfit": "4282000000", "totalRevenue": "6716000000", "costOfRevenue": "2434000000", "costofGoodsAndServicesSold": "2434000000", "operatingIncome": "2942000000", "sellingGeneralAndAdministrative": "1585000000", "researchAndDevelopment": "None", "operatingExpenses": "1307000000", "investmentIncomeNet": "None", "netInterestIncome": "-1183000000", "interestIncome": "992000000", "interestExpense": "1183000000", "nonInterestIncome": "None", "otherNonOperatingIncome": "412000000", "depreciation": "None", "depreciationAndAmortization": "893000000", "incomeBeforeTax": "2171000000", "incomeTaxExpense": "386000000", "interestAndDebtExpense": "None", "netIncomeFromContinuingOperations": "1785000000", "comprehensiveIncomeNetOfTax": "None", "ebit": "2851000000", "ebitda": "3744000000", "netIncome": "2086000000"}, {"fiscalDateEnding": "2022-12-31", "reportedCurrency": "USD", "grossProfit": "3396000000", "totalRevenue": "6164000000", "costOfRevenue": "2768000000", "costofGoodsAndServicesSold": "2768000000", "operatingIncome": "2045000000", "sellingGeneralAndAdministrative": "1447000000", "researchAndDevelopment": "None", "operatingExpenses": "1677000000", "investmentIncomeNet": "None", "netInterestIncome": "-685000000", "interestIncome": "556000000", "interestExpense": "685000000", "nonInterestIncome": "None", "otherNonOperatingIncome": "234000000", "depreciation": "None", "depreciationAndAmortization": "1246000000", "incomeBeforeTax": "1596000000", "incomeTaxExpense": "329000000", "interestAndDebtExpense": "None", "netIncomeFromContinuingOperations": "1267000000", "comprehensiveIncomeNetOfTax": "None", "ebit": "2240000000", "ebitda": "3486000000", "netIncome": "1522000000"}, {"fiscalDateEnding": "2022-09-30", "reportedCurrency": "USD", "grossProfit": "3561000000", "totalRevenue": "6719000000", "costOfRevenue": "3158000000", "costofGoodsAndServicesSold": "3158000000", "operatingIncome": "1862000000", "sellingGeneralAndAdministrative": "1635000000", "researchAndDevelopment": "None", "operatingExpenses": "1870000000", "investmentIncomeNet": "None", "netInterestIncome": "-259000000", "interestIncome": "153000000", "interestExpense": "259000000", "nonInterestIncome": "None", "otherNonOperatingIncome": "279000000", "depreciation": "None", "depreciationAndAmortization": "1356000000", "incomeBeforeTax": "1882000000", "incomeTaxExpense": "323000000", "interestAndDebtExpense": "None", "netIncomeFromContinuingOperations": "1559000000", "comprehensiveIncomeNetOfTax": "None", "ebit": "2340000000", "ebitda": "3696000000", "netIncome": "1696000000"}, {"fiscalDateEnding": "2022-06-30", "reportedCurrency": "USD", "grossProfit": "2617000000", "totalRevenue": "5183000000", "costOfRevenue": "2566000000", "costofGoodsAndServicesSold": "2566000000", "operatingIncome": "948000000", "sellingGeneralAndAdministrative": "1487000000", "researchAndDevelopment": "None", "operatingExpenses": "1670000000", "investmentIncomeNet": "None", "netInterestIncome": "217000000", "interestIncome": "217000000", "interestExpense": "217000000", "nonInterestIncome": "None", "otherNonOperatingIncome": "242000000", "depreciation": "None", "depreciationAndAmortization": "1227000000", "incomeBeforeTax": "1407000000", "incomeTaxExpense": "294000000", "interestAndDebtExpense": "None", "netIncomeFromContinuingOperations": "1113000000", "comprehensiveIncomeNetOfTax": "None", "ebit": "1717000000", "ebitda": "2944000000", "netIncome": "1380000000"}, {"fiscalDateEnding": "2022-03-31", "reportedCurrency": "USD", "grossProfit": "565000000", "totalRevenue": "2890000000", "costOfRevenue": "2325000000", "costofGoodsAndServicesSold": "2325000000", "operatingIncome": "-740000000", "sellingGeneralAndAdministrative": "1414000000", "researchAndDevelopment": "None", "operatingExpenses": "1363000000", "investmentIncomeNet": "None", "netInterestIncome": "142000000", "interestIncome": "142000000", "interestExpense": "142000000", "nonInterestIncome": "None", "otherNonOperatingIncome": "-419000000", "depreciation": "None", "depreciationAndAmortization": "960000000", "incomeBeforeTax": "-1052000000", "incomeTaxExpense": "-359000000", "interestAndDebtExpense": "None", "netIncomeFromContinuingOperations": "-693000000", "comprehensiveIncomeNetOfTax": "None", "ebit": "-798000000", "ebitda": "162000000", "netIncome": "-693000000"}, {"fiscalDateEnding": "2021-12-31", "reportedCurrency": "USD", "grossProfit": "2748000000", "totalRevenue": "5046000000", "costOfRevenue": "2298000000", "costofGoodsAndServicesSold": "2298000000", "operatingIncome": "1355000000", "sellingGeneralAndAdministrative": "1536000000", "researchAndDevelopment": "None", "operatingExpenses": "1396000000", "investmentIncomeNet": "None", "netInterestIncome": "-599000000", "interestIncome": "267000000", "interestExpense": "599000000", "nonInterestIncome": "None", "otherNonOperatingIncome": "462000000", "depreciation": "None", "depreciationAndAmortization": "1052000000", "incomeBeforeTax": "1218000000", "incomeTaxExpense": "265000000", "interestAndDebtExpense": "None", "netIncomeFromContinuingOperations": "953000000", "comprehensiveIncomeNetOfTax": "None", "ebit": "1716000000", "ebitda": "2768000000", "netIncome": "1204000000"}, {"fiscalDateEnding": "2021-09-30", "reportedCurrency": "USD", "grossProfit": "2077000000", "totalRevenue": "4370000000", "costOfRevenue": "2293000000", "costofGoodsAndServicesSold": "2293000000", "operatingIncome": "379000000", "sellingGeneralAndAdministrative": "1378000000", "researchAndDevelopment": "None", "operatingExpenses": "1711000000", "investmentIncomeNet": "None", "netInterestIncome": "-328000000", "interestIncome": "228000000", "interestExpense": "335000000", "nonInterestIncome": "None", "otherNonOperatingIncome": "233000000", "depreciation": "None", "depreciationAndAmortization": "1298000000", "incomeBeforeTax": "277000000", "incomeTaxExpense": "-27000000", "interestAndDebtExpense": "None", "netIncomeFromContinuingOperations": "304000000", "comprehensiveIncomeNetOfTax": "None", "ebit": "604000000", "ebitda": "1902000000", "netIncome": "447000000"}, {"fiscalDateEnding": "2021-06-30", "reportedCurrency": "USD", "grossProfit": "1958000000", "totalRevenue": "3927000000", "costOfRevenue": "1969000000", "costofGoodsAndServicesSold": "1969000000", "operatingIncome": "510000000", "sellingGeneralAndAdministrative": "1333000000", "researchAndDevelopment": "None", "operatingExpenses": "1441000000", "investmentIncomeNet": "None", "netInterestIncome": "-750000000", "interestIncome": "7000000", "interestExpense": "757000000", "nonInterestIncome": "None", "otherNonOperatingIncome": "179000000", "depreciation": "None", "depreciationAndAmortization": "1041000000", "incomeBeforeTax": "-68000000", "incomeTaxExpense": "-140000000", "interestAndDebtExpense": "None", "netIncomeFromContinuingOperations": "72000000", "comprehensiveIncomeNetOfTax": "None", "ebit": "260000000", "ebitda": "1301000000", "netIncome": "256000000"}, {"fiscalDateEnding": "2021-03-31", "reportedCurrency": "USD", "grossProfit": "1831000000", "totalRevenue": "3726000000", "costOfRevenue": "1895000000", "costofGoodsAndServicesSold": "1895000000", "operatingIncome": "669000000", "sellingGeneralAndAdministrative": "1430000000", "researchAndDevelopment": "None", "operatingExpenses": "1176000000", "investmentIncomeNet": "None", "netInterestIncome": "440000000", "interestIncome": "967000000", "interestExpense": "421000000", "nonInterestIncome": "None", "otherNonOperatingIncome": "658000000", "depreciation": "None", "depreciationAndAmortization": "823000000", "incomeBeforeTax": "1748000000", "incomeTaxExpense": "250000000", "interestAndDebtExpense": "None", "netIncomeFromContinuingOperations": "1498000000", "comprehensiveIncomeNetOfTax": "None", "ebit": "2032000000", "ebitda": "2855000000", "netIncome": "1666000000"}, {"fiscalDateEnding": "2020-12-31", "reportedCurrency": "USD", "grossProfit": "2448000000", "totalRevenue": "4395000000", "costOfRevenue": "1947000000", "costofGoodsAndServicesSold": "1947000000", "operatingIncome": "941000000", "sellingGeneralAndAdministrative": "1451000000", "researchAndDevelopment": "None", "operatingExpenses": "1374000000", "investmentIncomeNet": "None", "netInterestIncome": "-104000000", "interestIncome": "7000000", "interestExpense": "111000000", "nonInterestIncome": "None", "otherNonOperatingIncome": "-1056000000", "depreciation": "None", "depreciationAndAmortization": "1023000000", "incomeBeforeTax": "-225000000", "incomeTaxExpense": "-34000000", "interestAndDebtExpense": "None", "netIncomeFromContinuingOperations": "-191000000", "comprehensiveIncomeNetOfTax": "None", "ebit": "208000000", "ebitda": "1231000000", "netIncome": "-5000000"}, {"fiscalDateEnding": "2020-09-30", "reportedCurrency": "USD", "grossProfit": "2752000000", "totalRevenue": "4785000000", "costOfRevenue": "2033000000", "costofGoodsAndServicesSold": "2033000000", "operatingIncome": "1008000000", "sellingGeneralAndAdministrative": "1387000000", "researchAndDevelopment": "None", "operatingExpenses": "1733000000", "investmentIncomeNet": "None", "netInterestIncome": "-201000000", "interestIncome": "151000000", "interestExpense": "208000000", "nonInterestIncome": "None", "otherNonOperatingIncome": "452000000", "depreciation": "None", "depreciationAndAmortization": "1279000000", "incomeBeforeTax": "1252000000", "incomeTaxExpense": "129000000", "interestAndDebtExpense": "None", "netIncomeFromContinuingOperations": "1123000000", "comprehensiveIncomeNetOfTax": "None", "ebit": "1680000000", "ebitda": "2959000000", "netIncome": "1229000000"}, {"fiscalDateEnding": "2020-06-30", "reportedCurrency": "USD", "grossProfit": "2569000000", "totalRevenue": "4204000000", "costOfRevenue": "1635000000", "costofGoodsAndServicesSold": "1635000000", "operatingIncome": "1186000000", "sellingGeneralAndAdministrative": "1306000000", "researchAndDevelopment": "None", "operatingExpenses": "1400000000", "investmentIncomeNet": "None", "netInterestIncome": "-309000000", "interestIncome": "11000000", "interestExpense": "320000000", "nonInterestIncome": "None", "otherNonOperatingIncome": "448000000", "depreciation": "None", "depreciationAndAmortization": "1032000000", "incomeBeforeTax": "1314000000", "incomeTaxExpense": "185000000", "interestAndDebtExpense": "None", "netIncomeFromContinuingOperations": "1129000000", "comprehensiveIncomeNetOfTax": "None", "ebit": "1712000000", "ebitda": "2744000000", "netIncome": "1275000000"}, {"fiscalDateEnding": "2020-03-31", "reportedCurrency": "USD", "grossProfit": "2962000000", "totalRevenue": "4613000000", "costOfRevenue": "1651000000", "costofGoodsAndServicesSold": "1651000000", "operatingIncome": "1981000000", "sellingGeneralAndAdministrative": "963000000", "researchAndDevelopment": "None", "operatingExpenses": "1254000000", "investmentIncomeNet": "None", "netInterestIncome": "-1298000000", "interestIncome": "13000000", "interestExpense": "1311000000", "nonInterestIncome": "None", "otherNonOperatingIncome": "-597000000", "depreciation": "None", "depreciationAndAmortization": "922000000", "incomeBeforeTax": "73000000", "incomeTaxExpense": "-235000000", "interestAndDebtExpense": "None", "netIncomeFromContinuingOperations": "308000000", "comprehensiveIncomeNetOfTax": "None", "ebit": "374000000", "ebitda": "1296000000", "netIncome": "421000000"}, {"fiscalDateEnding": "2019-12-31", "reportedCurrency": "USD", "grossProfit": "2497000000", "totalRevenue": "4588000000", "costOfRevenue": "2091000000", "costofGoodsAndServicesSold": "2091000000", "operatingIncome": "878000000", "sellingGeneralAndAdministrative": "1366000000", "researchAndDevelopment": "None", "operatingExpenses": "1383000000", "investmentIncomeNet": "None", "netInterestIncome": "-175000000", "interestIncome": "13000000", "interestExpense": "188000000", "nonInterestIncome": "None", "otherNonOperatingIncome": "347000000", "depreciation": "None", "depreciationAndAmortization": "1041000000", "incomeBeforeTax": "1037000000", "incomeTaxExpense": "193000000", "interestAndDebtExpense": "None", "netIncomeFromContinuingOperations": "845000000", "comprehensiveIncomeNetOfTax": "None", "ebit": "1414000000", "ebitda": "2455000000", "netIncome": "975000000"}, {"fiscalDateEnding": "2019-09-30", "reportedCurrency": "USD", "grossProfit": "3443000000", "totalRevenue": "5572000000", "costOfRevenue": "2129000000", "costofGoodsAndServicesSold": "2129000000", "operatingIncome": "1593000000", "sellingGeneralAndAdministrative": "1418000000", "researchAndDevelopment": "None", "operatingExpenses": "1848000000", "investmentIncomeNet": "None", "netInterestIncome": "-730000000", "interestIncome": "16000000", "interestExpense": "746000000", "nonInterestIncome": "None", "otherNonOperatingIncome": "9000000", "depreciation": "None", "depreciationAndAmortization": "1295000000", "incomeBeforeTax": "856000000", "incomeTaxExpense": "58000000", "interestAndDebtExpense": "None", "netIncomeFromContinuingOperations": "798000000", "comprehensiveIncomeNetOfTax": "None", "ebit": "1248000000", "ebitda": "2543000000", "netIncome": "879000000"}, {"fiscalDateEnding": "2019-06-30", "reportedCurrency": "USD", "grossProfit": "2996000000", "totalRevenue": "4970000000", "costOfRevenue": "1974000000", "costofGoodsAndServicesSold": "1974000000", "operatingIncome": "1747000000", "sellingGeneralAndAdministrative": "962000000", "researchAndDevelopment": "None", "operatingExpenses": "1597000000", "investmentIncomeNet": "None", "netInterestIncome": "-588000000", "interestIncome": "13000000", "interestExpense": "601000000", "nonInterestIncome": "None", "otherNonOperatingIncome": "117000000", "depreciation": "None", "depreciationAndAmortization": "1262000000", "incomeBeforeTax": "1263000000", "incomeTaxExpense": "124000000", "interestAndDebtExpense": "None", "netIncomeFromContinuingOperations": "1139000000", "comprehensiveIncomeNetOfTax": "None", "ebit": "1864000000", "ebitda": "3126000000", "netIncome": "1234000000"}, {"fiscalDateEnding": "2019-03-31", "reportedCurrency": "USD", "grossProfit": "2293000000", "totalRevenue": "4075000000", "costOfRevenue": "1782000000", "costofGoodsAndServicesSold": "1782000000", "operatingIncome": "1135000000", "sellingGeneralAndAdministrative": "1185000000", "researchAndDevelopment": "None", "operatingExpenses": "1168000000", "investmentIncomeNet": "None", "netInterestIncome": "-702000000", "interestIncome": "12000000", "interestExpense": "714000000", "nonInterestIncome": "None", "otherNonOperatingIncome": "259000000", "depreciation": "None", "depreciationAndAmortization": "862000000", "incomeBeforeTax": "680000000", "incomeTaxExpense": "74000000", "interestAndDebtExpense": "None", "netIncomeFromContinuingOperations": "606000000", "comprehensiveIncomeNetOfTax": "None", "ebit": "1036000000", "ebitda": "1898000000", "netIncome": "680000000"}, {"fiscalDateEnding": "2018-12-31", "reportedCurrency": "USD", "grossProfit": "2572000000", "totalRevenue": "4390000000", "costOfRevenue": "1818000000", "costofGoodsAndServicesSold": "1818000000", "operatingIncome": "1107000000", "sellingGeneralAndAdministrative": "3676000000", "researchAndDevelopment": "0", "operatingExpenses": "1465000000", "investmentIncomeNet": "None", "netInterestIncome": "None", "interestIncome": "None", "interestExpense": "709000000", "nonInterestIncome": "None", "otherNonOperatingIncome": "-118000000", "depreciation": "None", "depreciationAndAmortization": "1091000000", "incomeBeforeTax": "289000000", "incomeTaxExpense": "-25000000", "interestAndDebtExpense": "None", "netIncomeFromContinuingOperations": "301000000", "comprehensiveIncomeNetOfTax": "None", "ebit": "1044000000", "ebitda": "2135000000", "netIncome": "422000000"}, {"fiscalDateEnding": "2018-09-30", "reportedCurrency": "USD", "grossProfit": "2501000000", "totalRevenue": "4418000000", "costOfRevenue": "1917000000", "costofGoodsAndServicesSold": "1917000000", "operatingIncome": "970000000", "sellingGeneralAndAdministrative": "387000000", "researchAndDevelopment": "0", "operatingExpenses": "1527000000", "investmentIncomeNet": "None", "netInterestIncome": "None", "interestIncome": "None", "interestExpense": "167000000", "nonInterestIncome": "None", "otherNonOperatingIncome": "266000000", "depreciation": "None", "depreciationAndAmortization": "1180000000", "incomeBeforeTax": "1069000000", "incomeTaxExpense": "126000000", "interestAndDebtExpense": "None", "netIncomeFromContinuingOperations": "943000000", "comprehensiveIncomeNetOfTax": "None", "ebit": "1352000000", "ebitda": "2532000000", "netIncome": "1007000000"}, {"fiscalDateEnding": "2018-06-30", "reportedCurrency": "USD", "grossProfit": "2326000000", "totalRevenue": "4069000000", "costOfRevenue": "1743000000", "costofGoodsAndServicesSold": "1743000000", "operatingIncome": "1162000000", "sellingGeneralAndAdministrative": "332000000", "researchAndDevelopment": "0", "operatingExpenses": "1202000000", "investmentIncomeNet": "None", "netInterestIncome": "None", "interestIncome": "None", "interestExpense": "394000000", "nonInterestIncome": "None", "otherNonOperatingIncome": "163000000", "depreciation": "None", "depreciationAndAmortization": "891000000", "incomeBeforeTax": "931000000", "incomeTaxExpense": "230000000", "interestAndDebtExpense": "None", "netIncomeFromContinuingOperations": "701000000", "comprehensiveIncomeNetOfTax": "None", "ebit": "1382000000", "ebitda": "2273000000", "netIncome": "795000000"}, {"fiscalDateEnding": "2018-03-31", "reportedCurrency": "USD", "grossProfit": "2267000000", "totalRevenue": "3863000000", "costOfRevenue": "1596000000", "costofGoodsAndServicesSold": "1596000000", "operatingIncome": "1047000000", "sellingGeneralAndAdministrative": "363000000", "researchAndDevelopment": "0", "operatingExpenses": "1236000000", "investmentIncomeNet": "None", "netInterestIncome": "None", "interestIncome": "None", "interestExpense": "226000000", "nonInterestIncome": "None", "otherNonOperatingIncome": "4259000000", "depreciation": "None", "depreciationAndAmortization": "924000000", "incomeBeforeTax": "5080000000", "incomeTaxExpense": "1249000000", "interestAndDebtExpense": "None", "netIncomeFromContinuingOperations": "3831000000", "comprehensiveIncomeNetOfTax": "None", "ebit": "5182000000", "ebitda": "6106000000", "netIncome": "4428000000"}, {"fiscalDateEnding": "2017-12-31", "reportedCurrency": "USD", "grossProfit": "2104000000", "totalRevenue": "4010000000", "costOfRevenue": "1906000000", "costofGoodsAndServicesSold": "1906000000", "operatingIncome": "236000000", "sellingGeneralAndAdministrative": "334000000", "researchAndDevelopment": "0", "operatingExpenses": "140000000", "investmentIncomeNet": "None", "netInterestIncome": "None", "interestIncome": "None", "interestExpense": "387000000", "nonInterestIncome": "None", "otherNonOperatingIncome": "238000000", "depreciation": "None", "depreciationAndAmortization": "-219000000", "incomeBeforeTax": "86000000", "incomeTaxExpense": "-1982000000", "interestAndDebtExpense": "None", "netIncomeFromContinuingOperations": "2069000000", "comprehensiveIncomeNetOfTax": "None", "ebit": "535000000", "ebitda": "316000000", "netIncome": "2155000000"}, {"fiscalDateEnding": "2017-09-30", "reportedCurrency": "USD", "grossProfit": "2863000000", "totalRevenue": "4808000000", "costOfRevenue": "1945000000", "costofGoodsAndServicesSold": "1945000000", "operatingIncome": "1399000000", "sellingGeneralAndAdministrative": "392000000", "researchAndDevelopment": "0", "operatingExpenses": "1467000000", "investmentIncomeNet": "None", "netInterestIncome": "None", "interestIncome": "None", "interestExpense": "381000000", "nonInterestIncome": "None", "otherNonOperatingIncome": "202000000", "depreciation": "None", "depreciationAndAmortization": "1138000000", "incomeBeforeTax": "1220000000", "incomeTaxExpense": "364000000", "interestAndDebtExpense": "None", "netIncomeFromContinuingOperations": "856000000", "comprehensiveIncomeNetOfTax": "None", "ebit": "1601000000", "ebitda": "2739000000", "netIncome": "847000000"}, {"fiscalDateEnding": "2017-06-30", "reportedCurrency": "USD", "grossProfit": "2550000000", "totalRevenue": "4404000000", "costOfRevenue": "1854000000", "costofGoodsAndServicesSold": "1854000000", "operatingIncome": "1285000000", "sellingGeneralAndAdministrative": "375000000", "researchAndDevelopment": "0", "operatingExpenses": "1262000000", "investmentIncomeNet": "None", "netInterestIncome": "None", "interestIncome": "None", "interestExpense": "430000000", "nonInterestIncome": "None", "otherNonOperatingIncome": "238000000", "depreciation": "None", "depreciationAndAmortization": "957000000", "incomeBeforeTax": "1093000000", "incomeTaxExpense": "289000000", "interestAndDebtExpense": "None", "netIncomeFromContinuingOperations": "804000000", "comprehensiveIncomeNetOfTax": "None", "ebit": "1328000000", "ebitda": "2285000000", "netIncome": "793000000"}, {"fiscalDateEnding": "2017-03-31", "reportedCurrency": "USD", "grossProfit": "2278000000", "totalRevenue": "3972000000", "costOfRevenue": "1694000000", "costofGoodsAndServicesSold": "1694000000", "operatingIncome": "2405000000", "sellingGeneralAndAdministrative": "757000000", "researchAndDevelopment": "0", "operatingExpenses": "958000000", "investmentIncomeNet": "None", "netInterestIncome": "None", "interestIncome": "None", "interestExpense": "360000000", "nonInterestIncome": "None", "otherNonOperatingIncome": "221000000", "depreciation": "None", "depreciationAndAmortization": "691000000", "incomeBeforeTax": "2266000000", "incomeTaxExpense": "675000000", "interestAndDebtExpense": "None", "netIncomeFromContinuingOperations": "1591000000", "comprehensiveIncomeNetOfTax": "None", "ebit": "2590000000", "ebitda": "3281000000", "netIncome": "1583000000"}, {"fiscalDateEnding": "2016-12-31", "reportedCurrency": "USD", "grossProfit": "1848000000", "totalRevenue": "3699000000", "costOfRevenue": "1851000000", "costofGoodsAndServicesSold": "1851000000", "operatingIncome": "926000000", "sellingGeneralAndAdministrative": "546000000", "researchAndDevelopment": "0", "operatingExpenses": "1105000000", "investmentIncomeNet": "None", "netInterestIncome": "None", "interestIncome": "None", "interestExpense": "387000000", "nonInterestIncome": "None", "otherNonOperatingIncome": "209000000", "depreciation": "None", "depreciationAndAmortization": "840000000", "incomeBeforeTax": "1521000000", "incomeTaxExpense": "504000000", "interestAndDebtExpense": "None", "netIncomeFromContinuingOperations": "1035000000", "comprehensiveIncomeNetOfTax": "None", "ebit": "2120000000", "ebitda": "2960000000", "netIncome": "966000000"}, {"fiscalDateEnding": "2016-09-30", "reportedCurrency": "USD", "grossProfit": "2755000000", "totalRevenue": "4805000000", "costOfRevenue": "2050000000", "costofGoodsAndServicesSold": "2050000000", "operatingIncome": "1279000000", "sellingGeneralAndAdministrative": "370000000", "researchAndDevelopment": "0", "operatingExpenses": "1353000000", "investmentIncomeNet": "None", "netInterestIncome": "None", "interestIncome": "None", "interestExpense": "369000000", "nonInterestIncome": "None", "otherNonOperatingIncome": "297000000", "depreciation": "None", "depreciationAndAmortization": "1070000000", "incomeBeforeTax": "1207000000", "incomeTaxExpense": "418000000", "interestAndDebtExpense": "None", "netIncomeFromContinuingOperations": "789000000", "comprehensiveIncomeNetOfTax": "None", "ebit": "1467000000", "ebitda": "2537000000", "netIncome": "753000000"}, {"fiscalDateEnding": "2016-06-30", "reportedCurrency": "USD", "grossProfit": "2014000000", "totalRevenue": "3817000000", "costOfRevenue": "1803000000", "costofGoodsAndServicesSold": "1803000000", "operatingIncome": "1169000000", "sellingGeneralAndAdministrative": "101000000", "researchAndDevelopment": "0", "operatingExpenses": "843000000", "investmentIncomeNet": "None", "netInterestIncome": "None", "interestIncome": "None", "interestExpense": "602000000", "nonInterestIncome": "None", "otherNonOperatingIncome": "196000000", "depreciation": "None", "depreciationAndAmortization": "816000000", "incomeBeforeTax": "763000000", "incomeTaxExpense": "219000000", "interestAndDebtExpense": "None", "netIncomeFromContinuingOperations": "544000000", "comprehensiveIncomeNetOfTax": "None", "ebit": "1365000000", "ebitda": "2181000000", "netIncome": "540000000"}, {"fiscalDateEnding": "2016-03-31", "reportedCurrency": "USD", "grossProfit": "2108000000", "totalRevenue": "3835000000", "costOfRevenue": "1727000000", "costofGoodsAndServicesSold": "1727000000", "operatingIncome": "1234000000", "sellingGeneralAndAdministrative": "333000000", "researchAndDevelopment": "0", "operatingExpenses": "870000000", "investmentIncomeNet": "None", "netInterestIncome": "None", "interestIncome": "None", "interestExpense": "509000000", "nonInterestIncome": "None", "otherNonOperatingIncome": "171000000", "depreciation": "None", "depreciationAndAmortization": "651000000", "incomeBeforeTax": "896000000", "incomeTaxExpense": "259000000", "interestAndDebtExpense": "None", "netIncomeFromContinuingOperations": "637000000", "comprehensiveIncomeNetOfTax": "None", "ebit": "1405000000", "ebitda": "2056000000", "netIncome": "636000000"}, {"fiscalDateEnding": "2015-12-31", "reportedCurrency": "USD", "grossProfit": "1978000000", "totalRevenue": "4069000000", "costOfRevenue": "2091000000", "costofGoodsAndServicesSold": "2091000000", "operatingIncome": "876000000", "sellingGeneralAndAdministrative": "144000000", "researchAndDevelopment": "0", "operatingExpenses": "1094000000", "investmentIncomeNet": "None", "netInterestIncome": "None", "interestIncome": "None", "interestExpense": "299000000", "nonInterestIncome": "None", "otherNonOperatingIncome": "None", "depreciation": "None", "depreciationAndAmortization": "841000000", "incomeBeforeTax": "757000000", "incomeTaxExpense": "247000000", "interestAndDebtExpense": "None", "netIncomeFromContinuingOperations": "2762000000", "comprehensiveIncomeNetOfTax": "None", "ebit": "1056000000", "ebitda": "1897000000", "netIncome": "507000000"}, {"fiscalDateEnding": "2015-09-30", "reportedCurrency": "USD", "grossProfit": "2663000000", "totalRevenue": "4954000000", "costOfRevenue": "2291000000", "costofGoodsAndServicesSold": "2291000000", "operatingIncome": "1481000000", "sellingGeneralAndAdministrative": "377000000", "researchAndDevelopment": "0", "operatingExpenses": "1175000000", "investmentIncomeNet": "None", "netInterestIncome": "None", "interestIncome": "None", "interestExpense": "311000000", "nonInterestIncome": "None", "otherNonOperatingIncome": "132000000", "depreciation": "None", "depreciationAndAmortization": "798000000", "incomeBeforeTax": "1302000000", "incomeTaxExpense": "421000000", "interestAndDebtExpense": "None", "netIncomeFromContinuingOperations": "881000000", "comprehensiveIncomeNetOfTax": "None", "ebit": "1715000000", "ebitda": "2513000000", "netIncome": "879000000"}, {"fiscalDateEnding": "2015-06-30", "reportedCurrency": "USD", "grossProfit": "2242000000", "totalRevenue": "4358000000", "costOfRevenue": "2116000000", "costofGoodsAndServicesSold": "2116000000", "operatingIncome": "1146000000", "sellingGeneralAndAdministrative": "350000000", "researchAndDevelopment": "0", "operatingExpenses": "1087000000", "investmentIncomeNet": "None", "netInterestIncome": "None", "interestIncome": "None", "interestExpense": "280000000", "nonInterestIncome": "None", "otherNonOperatingIncome": "128000000", "depreciation": "None", "depreciationAndAmortization": "825000000", "incomeBeforeTax": "994000000", "incomeTaxExpense": "274000000", "interestAndDebtExpense": "None", "netIncomeFromContinuingOperations": "720000000", "comprehensiveIncomeNetOfTax": "None", "ebit": "1274000000", "ebitda": "2099000000", "netIncome": "716000000"}, {"fiscalDateEnding": "2015-03-31", "reportedCurrency": "USD", "grossProfit": "2006000000", "totalRevenue": "4104000000", "costOfRevenue": "2098000000", "costofGoodsAndServicesSold": "2098000000", "operatingIncome": "1129000000", "sellingGeneralAndAdministrative": "326000000", "researchAndDevelopment": "0", "operatingExpenses": "873000000", "investmentIncomeNet": "None", "netInterestIncome": "None", "interestIncome": "None", "interestExpense": "321000000", "nonInterestIncome": "None", "otherNonOperatingIncome": "128000000", "depreciation": "None", "depreciationAndAmortization": "637000000", "incomeBeforeTax": "936000000", "incomeTaxExpense": "286000000", "interestAndDebtExpense": "None", "netIncomeFromContinuingOperations": "650000000", "comprehensiveIncomeNetOfTax": "None", "ebit": "1257000000", "ebitda": "1894000000", "netIncome": "650000000"}, {"fiscalDateEnding": "2014-12-31", "reportedCurrency": "USD", "grossProfit": "2546000000", "totalRevenue": "4664000000", "costOfRevenue": "2118000000", "costofGoodsAndServicesSold": "2118000000", "operatingIncome": "1531000000", "sellingGeneralAndAdministrative": "310000000", "researchAndDevelopment": "0", "operatingExpenses": "1004000000", "investmentIncomeNet": "None", "netInterestIncome": "None", "interestIncome": "None", "interestExpense": "321000000", "nonInterestIncome": "None", "otherNonOperatingIncome": "124000000", "depreciation": "None", "depreciationAndAmortization": "778000000", "incomeBeforeTax": "1337000000", "incomeTaxExpense": "453000000", "interestAndDebtExpense": "None", "netIncomeFromContinuingOperations": "883000000", "comprehensiveIncomeNetOfTax": "None", "ebit": "1658000000", "ebitda": "2436000000", "netIncome": "884000000"}, {"fiscalDateEnding": "2014-09-30", "reportedCurrency": "USD", "grossProfit": "2316000000", "totalRevenue": "4654000000", "costOfRevenue": "2338000000", "costofGoodsAndServicesSold": "2338000000", "operatingIncome": "1163000000", "sellingGeneralAndAdministrative": "371000000", "researchAndDevelopment": "0", "operatingExpenses": "1153000000", "investmentIncomeNet": "None", "netInterestIncome": "None", "interestIncome": "None", "interestExpense": "316000000", "nonInterestIncome": "None", "otherNonOperatingIncome": "96000000", "depreciation": "None", "depreciationAndAmortization": "872000000", "incomeBeforeTax": "943000000", "incomeTaxExpense": "279000000", "interestAndDebtExpense": "None", "netIncomeFromContinuingOperations": "664000000", "comprehensiveIncomeNetOfTax": "None", "ebit": "1259000000", "ebitda": "2131000000", "netIncome": "660000000"}, {"fiscalDateEnding": "2014-06-30", "reportedCurrency": "USD", "grossProfit": "1888000000", "totalRevenue": "4029000000", "costOfRevenue": "2141000000", "costofGoodsAndServicesSold": "2141000000", "operatingIncome": "951000000", "sellingGeneralAndAdministrative": "323000000", "researchAndDevelopment": "0", "operatingExpenses": "937000000", "investmentIncomeNet": "None", "netInterestIncome": "None", "interestIncome": "None", "interestExpense": "305000000", "nonInterestIncome": "None", "otherNonOperatingIncome": "138000000", "depreciation": "None", "depreciationAndAmortization": "695000000", "incomeBeforeTax": "784000000", "incomeTaxExpense": "292000000", "interestAndDebtExpense": "None", "netIncomeFromContinuingOperations": "492000000", "comprehensiveIncomeNetOfTax": "None", "ebit": "1089000000", "ebitda": "1784000000", "netIncome": "492000000"}, {"fiscalDateEnding": "2014-03-31", "reportedCurrency": "USD", "grossProfit": "1521000000", "totalRevenue": "3674000000", "costOfRevenue": "2153000000", "costofGoodsAndServicesSold": "2153000000", "operatingIncome": "738000000", "sellingGeneralAndAdministrative": "320000000", "researchAndDevelopment": "0", "operatingExpenses": "783000000", "investmentIncomeNet": "None", "netInterestIncome": "None", "interestIncome": "None", "interestExpense": "319000000", "nonInterestIncome": "None", "otherNonOperatingIncome": "164000000", "depreciation": "None", "depreciationAndAmortization": "551000000", "incomeBeforeTax": "583000000", "incomeTaxExpense": "153000000", "interestAndDebtExpense": "None", "netIncomeFromContinuingOperations": "430000000", "comprehensiveIncomeNetOfTax": "None", "ebit": "902000000", "ebitda": "1453000000", "netIncome": "430000000"}, {"fiscalDateEnding": "2013-12-31", "reportedCurrency": "USD", "grossProfit": "1582000000", "totalRevenue": "3630000000", "costOfRevenue": "2048000000", "costofGoodsAndServicesSold": "2048000000", "operatingIncome": "641000000", "sellingGeneralAndAdministrative": "0", "researchAndDevelopment": "0", "operatingExpenses": "941000000", "investmentIncomeNet": "None", "netInterestIncome": "None", "interestIncome": "None", "interestExpense": "296000000", "nonInterestIncome": "None", "otherNonOperatingIncome": "None", "depreciation": "None", "depreciationAndAmortization": "640000000", "incomeBeforeTax": "452000000", "incomeTaxExpense": "125000000", "interestAndDebtExpense": "None", "netIncomeFromContinuingOperations": "0", "comprehensiveIncomeNetOfTax": "None", "ebit": "722000000", "ebitda": "1362000000", "netIncome": "327000000"}, {"fiscalDateEnding": "2013-09-30", "reportedCurrency": "USD", "grossProfit": "2138000000", "totalRevenue": "4394000000", "costOfRevenue": "2256000000", "costofGoodsAndServicesSold": "2256000000", "operatingIncome": "1185000000", "sellingGeneralAndAdministrative": "348000000", "researchAndDevelopment": "0", "operatingExpenses": "953000000", "investmentIncomeNet": "None", "netInterestIncome": "None", "interestIncome": "None", "interestExpense": "288000000", "nonInterestIncome": "None", "otherNonOperatingIncome": "98000000", "depreciation": "None", "depreciationAndAmortization": "690000000", "incomeBeforeTax": "995000000", "incomeTaxExpense": "297000000", "interestAndDebtExpense": "None", "netIncomeFromContinuingOperations": "698000000", "comprehensiveIncomeNetOfTax": "None", "ebit": "1283000000", "ebitda": "1973000000", "netIncome": "698000000"}, {"fiscalDateEnding": "2013-06-30", "reportedCurrency": "USD", "grossProfit": "1807000000", "totalRevenue": "3833000000", "costOfRevenue": "2026000000", "costofGoodsAndServicesSold": "2026000000", "operatingIncome": "981000000", "sellingGeneralAndAdministrative": "326000000", "researchAndDevelopment": "0", "operatingExpenses": "826000000", "investmentIncomeNet": "None", "netInterestIncome": "None", "interestIncome": "None", "interestExpense": "266000000", "nonInterestIncome": "None", "otherNonOperatingIncome": "106000000", "depreciation": "None", "depreciationAndAmortization": "595000000", "incomeBeforeTax": "821000000", "incomeTaxExpense": "211000000", "interestAndDebtExpense": "None", "netIncomeFromContinuingOperations": "610000000", "comprehensiveIncomeNetOfTax": "None", "ebit": "1087000000", "ebitda": "1682000000", "netIncome": "610000000"}, {"fiscalDateEnding": "2013-03-31", "reportedCurrency": "USD", "grossProfit": "1458000000", "totalRevenue": "3279000000", "costOfRevenue": "1821000000", "costofGoodsAndServicesSold": "1821000000", "operatingIncome": "434000000", "sellingGeneralAndAdministrative": "0", "researchAndDevelopment": "0", "operatingExpenses": "724000000", "investmentIncomeNet": "None", "netInterestIncome": "None", "interestIncome": "None", "interestExpense": "272000000", "nonInterestIncome": "None", "otherNonOperatingIncome": "None", "depreciation": "None", "depreciationAndAmortization": "500000000", "incomeBeforeTax": "252000000", "incomeTaxExpense": "168000000", "interestAndDebtExpense": "None", "netIncomeFromContinuingOperations": "0", "comprehensiveIncomeNetOfTax": "None", "ebit": "457000000", "ebitda": "957000000", "netIncome": "272000000"}, {"fiscalDateEnding": "2012-12-31", "reportedCurrency": "USD", "grossProfit": "1390000000", "totalRevenue": "3375000000", "costOfRevenue": "1985000000", "costofGoodsAndServicesSold": "1985000000", "operatingIncome": "732000000", "sellingGeneralAndAdministrative": "0", "researchAndDevelopment": "0", "operatingExpenses": "658000000", "investmentIncomeNet": "None", "netInterestIncome": "None", "interestIncome": "None", "interestExpense": "243000000", "nonInterestIncome": "None", "otherNonOperatingIncome": "None", "depreciation": "None", "depreciationAndAmortization": "651000000", "incomeBeforeTax": "567000000", "incomeTaxExpense": "138000000", "interestAndDebtExpense": "None", "netIncomeFromContinuingOperations": "0", "comprehensiveIncomeNetOfTax": "None", "ebit": "617000000", "ebitda": "1268000000", "netIncome": "429000000"}, {"fiscalDateEnding": "2012-09-30", "reportedCurrency": "USD", "grossProfit": "2317000000", "totalRevenue": "3843000000", "costOfRevenue": "1526000000", "costofGoodsAndServicesSold": "1526000000", "operatingIncome": "749000000", "sellingGeneralAndAdministrative": "0", "researchAndDevelopment": "0", "operatingExpenses": "1568000000", "investmentIncomeNet": "None", "netInterestIncome": "None", "interestIncome": "None", "interestExpense": "259000000", "nonInterestIncome": "None", "otherNonOperatingIncome": "None", "depreciation": "None", "depreciationAndAmortization": "336000000", "incomeBeforeTax": "569000000", "incomeTaxExpense": "154000000", "interestAndDebtExpense": "None", "netIncomeFromContinuingOperations": "0", "comprehensiveIncomeNetOfTax": "None", "ebit": "916000000", "ebitda": "1252000000", "netIncome": "415000000"}, {"fiscalDateEnding": "2012-06-30", "reportedCurrency": "USD", "grossProfit": "2431000000", "totalRevenue": "3667000000", "costOfRevenue": "1236000000", "costofGoodsAndServicesSold": "1236000000", "operatingIncome": "1022000000", "sellingGeneralAndAdministrative": "0", "researchAndDevelopment": "0", "operatingExpenses": "1409000000", "investmentIncomeNet": "None", "netInterestIncome": "None", "interestIncome": "None", "interestExpense": "270000000", "nonInterestIncome": "None", "otherNonOperatingIncome": "None", "depreciation": "None", "depreciationAndAmortization": "402000000", "incomeBeforeTax": "850000000", "incomeTaxExpense": "243000000", "interestAndDebtExpense": "None", "netIncomeFromContinuingOperations": "0", "comprehensiveIncomeNetOfTax": "None", "ebit": "1048000000", "ebitda": "1450000000", "netIncome": "607000000"}, {"fiscalDateEnding": "2012-03-31", "reportedCurrency": "USD", "grossProfit": "2189000000", "totalRevenue": "3371000000", "costOfRevenue": "1182000000", "costofGoodsAndServicesSold": "1182000000", "operatingIncome": "843000000", "sellingGeneralAndAdministrative": "0", "researchAndDevelopment": "0", "operatingExpenses": "1346000000", "investmentIncomeNet": "None", "netInterestIncome": "None", "interestIncome": "None", "interestExpense": "265000000", "nonInterestIncome": "None", "otherNonOperatingIncome": "None", "depreciation": "None", "depreciationAndAmortization": "383000000", "incomeBeforeTax": "618000000", "incomeTaxExpense": "157000000", "interestAndDebtExpense": "None", "netIncomeFromContinuingOperations": "0", "comprehensiveIncomeNetOfTax": "None", "ebit": "863000000", "ebitda": "1246000000", "netIncome": "461000000"}, {"fiscalDateEnding": "2011-12-31", "reportedCurrency": "USD", "grossProfit": "2481000000", "totalRevenue": "3864000000", "costOfRevenue": "1383000000", "costofGoodsAndServicesSold": "1383000000", "operatingIncome": "1132000000", "sellingGeneralAndAdministrative": "0", "researchAndDevelopment": "0", "operatingExpenses": "1349000000", "investmentIncomeNet": "None", "netInterestIncome": "None", "interestIncome": "None", "interestExpense": "260000000", "nonInterestIncome": "None", "otherNonOperatingIncome": "None", "depreciation": "None", "depreciationAndAmortization": "331000000", "incomeBeforeTax": "923000000", "incomeTaxExpense": "256000000", "interestAndDebtExpense": "None", "netIncomeFromContinuingOperations": "0", "comprehensiveIncomeNetOfTax": "None", "ebit": "1250000000", "ebitda": "1581000000", "netIncome": "667000000"}, {"fiscalDateEnding": "2011-09-30", "reportedCurrency": "USD", "grossProfit": "2471000000", "totalRevenue": "4382000000", "costOfRevenue": "1911000000", "costofGoodsAndServicesSold": "1911000000", "operatingIncome": "911000000", "sellingGeneralAndAdministrative": "0", "researchAndDevelopment": "0", "operatingExpenses": "1560000000", "investmentIncomeNet": "None", "netInterestIncome": "None", "interestIncome": "None", "interestExpense": "265000000", "nonInterestIncome": "None", "otherNonOperatingIncome": "None", "depreciation": "None", "depreciationAndAmortization": "575000000", "incomeBeforeTax": "565000000", "incomeTaxExpense": "158000000", "interestAndDebtExpense": "None", "netIncomeFromContinuingOperations": "0", "comprehensiveIncomeNetOfTax": "None", "ebit": "960000000", "ebitda": "1535000000", "netIncome": "407000000"}, {"fiscalDateEnding": "2011-06-30", "reportedCurrency": "USD", "grossProfit": "2404000000", "totalRevenue": "3961000000", "costOfRevenue": "1557000000", "costofGoodsAndServicesSold": "1557000000", "operatingIncome": "907000000", "sellingGeneralAndAdministrative": "0", "researchAndDevelopment": "0", "operatingExpenses": "1446000000", "investmentIncomeNet": "None", "netInterestIncome": "None", "interestIncome": "None", "interestExpense": "256000000", "nonInterestIncome": "None", "otherNonOperatingIncome": "None", "depreciation": "None", "depreciationAndAmortization": "469000000", "incomeBeforeTax": "727000000", "incomeTaxExpense": "147000000", "interestAndDebtExpense": "None", "netIncomeFromContinuingOperations": "0", "comprehensiveIncomeNetOfTax": "None", "ebit": "983000000", "ebitda": "1452000000", "netIncome": "580000000"}, {"fiscalDateEnding": "2011-03-31", "reportedCurrency": "USD", "grossProfit": "1730000000", "totalRevenue": "3134000000", "costOfRevenue": "1404000000", "costofGoodsAndServicesSold": "1404000000", "operatingIncome": "428000000", "sellingGeneralAndAdministrative": "0", "researchAndDevelopment": "0", "operatingExpenses": "1302000000", "investmentIncomeNet": "None", "netInterestIncome": "None", "interestIncome": "None", "interestExpense": "254000000", "nonInterestIncome": "None", "otherNonOperatingIncome": "None", "depreciation": "None", "depreciationAndAmortization": "402000000", "incomeBeforeTax": "236000000", "incomeTaxExpense": "-32000000", "interestAndDebtExpense": "None", "netIncomeFromContinuingOperations": "0", "comprehensiveIncomeNetOfTax": "None", "ebit": "490000000", "ebitda": "892000000", "netIncome": "268000000"}, {"fiscalDateEnding": "2010-12-31", "reportedCurrency": "USD", "grossProfit": "1966000000", "totalRevenue": "3413000000", "costOfRevenue": "1447000000", "costofGoodsAndServicesSold": "1447000000", "operatingIncome": "470000000", "sellingGeneralAndAdministrative": "0", "researchAndDevelopment": "0", "operatingExpenses": "1496000000", "investmentIncomeNet": "None", "netInterestIncome": "None", "interestIncome": "None", "interestExpense": "247000000", "nonInterestIncome": "None", "otherNonOperatingIncome": "None", "depreciation": "None", "depreciationAndAmortization": "548000000", "incomeBeforeTax": "263000000", "incomeTaxExpense": "1000000", "interestAndDebtExpense": "None", "netIncomeFromContinuingOperations": "0", "comprehensiveIncomeNetOfTax": "None", "ebit": "510000000", "ebitda": "1058000000", "netIncome": "263000000"}, {"fiscalDateEnding": "2010-09-30", "reportedCurrency": "USD", "grossProfit": "2700000000", "totalRevenue": "4691000000", "costOfRevenue": "1991000000", "costofGoodsAndServicesSold": "1991000000", "operatingIncome": "1125000000", "sellingGeneralAndAdministrative": "0", "researchAndDevelopment": "0", "operatingExpenses": "1575000000", "investmentIncomeNet": "None", "netInterestIncome": "None", "interestIncome": "None", "interestExpense": "247000000", "nonInterestIncome": "None", "otherNonOperatingIncome": "None", "depreciation": "None", "depreciationAndAmortization": "604000000", "incomeBeforeTax": "960000000", "incomeTaxExpense": "240000000", "interestAndDebtExpense": "None", "netIncomeFromContinuingOperations": "0", "comprehensiveIncomeNetOfTax": "None", "ebit": "1207000000", "ebitda": "1811000000", "netIncome": "720000000"}, {"fiscalDateEnding": "2010-06-30", "reportedCurrency": "USD", "grossProfit": "2136000000", "totalRevenue": "3591000000", "costOfRevenue": "1455000000", "costofGoodsAndServicesSold": "1455000000", "operatingIncome": "709000000", "sellingGeneralAndAdministrative": "0", "researchAndDevelopment": "0", "operatingExpenses": "1427000000", "investmentIncomeNet": "None", "netInterestIncome": "None", "interestIncome": "None", "interestExpense": "247000000", "nonInterestIncome": "None", "otherNonOperatingIncome": "None", "depreciation": "None", "depreciationAndAmortization": "454000000", "incomeBeforeTax": "494000000", "incomeTaxExpense": "77000000", "interestAndDebtExpense": "None", "netIncomeFromContinuingOperations": "0", "comprehensiveIncomeNetOfTax": "None", "ebit": "741000000", "ebitda": "1195000000", "netIncome": "417000000"}, {"fiscalDateEnding": "2010-03-31", "reportedCurrency": "USD", "grossProfit": "2273000000", "totalRevenue": "3622000000", "costOfRevenue": "1349000000", "costofGoodsAndServicesSold": "1349000000", "operatingIncome": "939000000", "sellingGeneralAndAdministrative": "0", "researchAndDevelopment": "0", "operatingExpenses": "1334000000", "investmentIncomeNet": "None", "netInterestIncome": "None", "interestIncome": "None", "interestExpense": "238000000", "nonInterestIncome": "None", "otherNonOperatingIncome": "None", "depreciation": "None", "depreciationAndAmortization": "486000000", "incomeBeforeTax": "770000000", "incomeTaxExpense": "214000000", "interestAndDebtExpense": "None", "netIncomeFromContinuingOperations": "0", "comprehensiveIncomeNetOfTax": "None", "ebit": "1008000000", "ebitda": "1494000000", "netIncome": "556000000"}, {"fiscalDateEnding": "2009-12-31", "reportedCurrency": "USD", "grossProfit": "2023000000", "totalRevenue": "3655000000", "costOfRevenue": "1632000000", "costofGoodsAndServicesSold": "1632000000", "operatingIncome": "557000000", "sellingGeneralAndAdministrative": "0", "researchAndDevelopment": "0", "operatingExpenses": "1466000000", "investmentIncomeNet": "None", "netInterestIncome": "None", "interestIncome": "None", "interestExpense": "218000000", "nonInterestIncome": "None", "otherNonOperatingIncome": "None", "depreciation": "None", "depreciationAndAmortization": "541000000", "incomeBeforeTax": "403000000", "incomeTaxExpense": "55000000", "interestAndDebtExpense": "None", "netIncomeFromContinuingOperations": "0", "comprehensiveIncomeNetOfTax": "None", "ebit": "621000000", "ebitda": "1162000000", "netIncome": "348000000"}, {"fiscalDateEnding": "2009-09-30", "reportedCurrency": "USD", "grossProfit": "2309000000", "totalRevenue": "4473000000", "costOfRevenue": "2164000000", "costofGoodsAndServicesSold": "2164000000", "operatingIncome": "849000000", "sellingGeneralAndAdministrative": "0", "researchAndDevelopment": "0", "operatingExpenses": "1460000000", "investmentIncomeNet": "None", "netInterestIncome": "None", "interestIncome": "None", "interestExpense": "204000000", "nonInterestIncome": "None", "otherNonOperatingIncome": "None", "depreciation": "None", "depreciationAndAmortization": "500000000", "incomeBeforeTax": "715000000", "incomeTaxExpense": "182000000", "interestAndDebtExpense": "None", "netIncomeFromContinuingOperations": "0", "comprehensiveIncomeNetOfTax": "None", "ebit": "919000000", "ebitda": "1419000000", "netIncome": "533000000"}, {"fiscalDateEnding": "2009-06-30", "reportedCurrency": "USD", "grossProfit": "2014000000", "totalRevenue": "3811000000", "costOfRevenue": "1797000000", "costofGoodsAndServicesSold": "1797000000", "operatingIncome": "605000000", "sellingGeneralAndAdministrative": "0", "researchAndDevelopment": "0", "operatingExpenses": "1409000000", "investmentIncomeNet": "None", "netInterestIncome": "None", "interestIncome": "None", "interestExpense": "215000000", "nonInterestIncome": "None", "otherNonOperatingIncome": "None", "depreciation": "None", "depreciationAndAmortization": "435000000", "incomeBeforeTax": "441000000", "incomeTaxExpense": "71000000", "interestAndDebtExpense": "None", "netIncomeFromContinuingOperations": "0", "comprehensiveIncomeNetOfTax": "None", "ebit": "635000000", "ebitda": "1070000000", "netIncome": "370000000"}, {"fiscalDateEnding": "2009-03-31", "reportedCurrency": "USD", "grossProfit": "1894000000", "totalRevenue": "3705000000", "costOfRevenue": "1811000000", "costofGoodsAndServicesSold": "1811000000", "operatingIncome": "583000000", "sellingGeneralAndAdministrative": "0", "researchAndDevelopment": "0", "operatingExpenses": "1311000000", "investmentIncomeNet": "None", "netInterestIncome": "None", "interestIncome": "None", "interestExpense": "211000000", "nonInterestIncome": "None", "otherNonOperatingIncome": "None", "depreciation": "None", "depreciationAndAmortization": "469000000", "incomeBeforeTax": "383000000", "incomeTaxExpense": "19000000", "interestAndDebtExpense": "None", "netIncomeFromContinuingOperations": "0", "comprehensiveIncomeNetOfTax": "None", "ebit": "594000000", "ebitda": "1063000000", "netIncome": "364000000"}, {"fiscalDateEnding": "2008-12-31", "reportedCurrency": "USD", "grossProfit": "2009000000", "totalRevenue": "4003000000", "costOfRevenue": "1994000000", "costofGoodsAndServicesSold": "1994000000", "operatingIncome": "706000000", "sellingGeneralAndAdministrative": "0", "researchAndDevelopment": "0", "operatingExpenses": "1303000000", "investmentIncomeNet": "None", "netInterestIncome": "None", "interestIncome": "None", "interestExpense": "813000000", "nonInterestIncome": "None", "otherNonOperatingIncome": "None", "depreciation": "None", "depreciationAndAmortization": "618000000", "incomeBeforeTax": "515000000", "incomeTaxExpense": "108000000", "interestAndDebtExpense": "None", "netIncomeFromContinuingOperations": "0", "comprehensiveIncomeNetOfTax": "None", "ebit": "706000000", "ebitda": "1324000000", "netIncome": "407000000"}, {"fiscalDateEnding": "2008-09-30", "reportedCurrency": "USD", "grossProfit": "2659000000", "totalRevenue": "5387000000", "costOfRevenue": "2728000000", "costofGoodsAndServicesSold": "2728000000", "operatingIncome": "1336000000", "sellingGeneralAndAdministrative": "0", "researchAndDevelopment": "0", "operatingExpenses": "1323000000", "investmentIncomeNet": "None", "netInterestIncome": "None", "interestIncome": "None", "interestExpense": "203000000", "nonInterestIncome": "None", "otherNonOperatingIncome": "None", "depreciation": "None", "depreciationAndAmortization": "232000000", "incomeBeforeTax": "1135000000", "incomeTaxExpense": "361000000", "interestAndDebtExpense": "None", "netIncomeFromContinuingOperations": "0", "comprehensiveIncomeNetOfTax": "None", "ebit": "1452000000", "ebitda": "1684000000", "netIncome": "774000000"}, {"fiscalDateEnding": "2008-06-30", "reportedCurrency": "USD", "grossProfit": "1621000000", "totalRevenue": "3585000000", "costOfRevenue": "1964000000", "costofGoodsAndServicesSold": "1964000000", "operatingIncome": "313000000", "sellingGeneralAndAdministrative": "0", "researchAndDevelopment": "0", "operatingExpenses": "1308000000", "investmentIncomeNet": "None", "netInterestIncome": "None", "interestIncome": "None", "interestExpense": "195000000", "nonInterestIncome": "None", "otherNonOperatingIncome": "None", "depreciation": "None", "depreciationAndAmortization": "402000000", "incomeBeforeTax": "160000000", "incomeTaxExpense": "-49000000", "interestAndDebtExpense": "None", "netIncomeFromContinuingOperations": "0", "comprehensiveIncomeNetOfTax": "None", "ebit": "313000000", "ebitda": "715000000", "netIncome": "209000000"}, {"fiscalDateEnding": "2008-03-31", "reportedCurrency": "USD", "grossProfit": "1708000000", "totalRevenue": "3434000000", "costOfRevenue": "1726000000", "costofGoodsAndServicesSold": "1726000000", "operatingIncome": "443000000", "sellingGeneralAndAdministrative": "0", "researchAndDevelopment": "0", "operatingExpenses": "1265000000", "investmentIncomeNet": "None", "netInterestIncome": "None", "interestIncome": "None", "interestExpense": "199000000", "nonInterestIncome": "None", "otherNonOperatingIncome": "None", "depreciation": "None", "depreciationAndAmortization": "391000000", "incomeBeforeTax": "279000000", "incomeTaxExpense": "30000000", "interestAndDebtExpense": "None", "netIncomeFromContinuingOperations": "0", "comprehensiveIncomeNetOfTax": "None", "ebit": "443000000", "ebitda": "834000000", "netIncome": "249000000"}, {"fiscalDateEnding": "2007-12-31", "reportedCurrency": "USD", "grossProfit": "1713000000", "totalRevenue": "3684000000", "costOfRevenue": "1971000000", "costofGoodsAndServicesSold": "1971000000", "operatingIncome": "421000000", "sellingGeneralAndAdministrative": "0", "researchAndDevelopment": "0", "operatingExpenses": "1292000000", "investmentIncomeNet": "None", "netInterestIncome": "None", "interestIncome": "None", "interestExpense": "210000000", "nonInterestIncome": "None", "otherNonOperatingIncome": "None", "depreciation": "None", "depreciationAndAmortization": "402000000", "incomeBeforeTax": "232000000", "incomeTaxExpense": "8000000", "interestAndDebtExpense": "None", "netIncomeFromContinuingOperations": "0", "comprehensiveIncomeNetOfTax": "None", "ebit": "421000000", "ebitda": "823000000", "netIncome": "224000000"}, {"fiscalDateEnding": "2007-09-30", "reportedCurrency": "USD", "grossProfit": "2132000000", "totalRevenue": "4575000000", "costOfRevenue": "2443000000", "costofGoodsAndServicesSold": "2443000000", "operatingIncome": "900000000", "sellingGeneralAndAdministrative": "0", "researchAndDevelopment": "0", "operatingExpenses": "1232000000", "investmentIncomeNet": "None", "netInterestIncome": "None", "interestIncome": "None", "interestExpense": "194000000", "nonInterestIncome": "None", "otherNonOperatingIncome": "None", "depreciation": "None", "depreciationAndAmortization": "365000000", "incomeBeforeTax": "760000000", "incomeTaxExpense": "227000000", "interestAndDebtExpense": "None", "netIncomeFromContinuingOperations": "0", "comprehensiveIncomeNetOfTax": "None", "ebit": "900000000", "ebitda": "1265000000", "netIncome": "533000000"}, {"fiscalDateEnding": "2007-06-30", "reportedCurrency": "USD", "grossProfit": "1823000000", "totalRevenue": "3929000000", "costOfRevenue": "2106000000", "costofGoodsAndServicesSold": "2106000000", "operatingIncome": "664000000", "sellingGeneralAndAdministrative": "0", "researchAndDevelopment": "0", "operatingExpenses": "1159000000", "investmentIncomeNet": "None", "netInterestIncome": "None", "interestIncome": "None", "interestExpense": "178000000", "nonInterestIncome": "None", "otherNonOperatingIncome": "None", "depreciation": "None", "depreciationAndAmortization": "361000000", "incomeBeforeTax": "532000000", "incomeTaxExpense": "127000000", "interestAndDebtExpense": "None", "netIncomeFromContinuingOperations": "0", "comprehensiveIncomeNetOfTax": "None", "ebit": "664000000", "ebitda": "1025000000", "netIncome": "405000000"}, {"fiscalDateEnding": "2007-03-31", "reportedCurrency": "USD", "grossProfit": "1403000000", "totalRevenue": "3075000000", "costOfRevenue": "1672000000", "costofGoodsAndServicesSold": "1672000000", "operatingIncome": "298000000", "sellingGeneralAndAdministrative": "0", "researchAndDevelopment": "0", "operatingExpenses": "1105000000", "investmentIncomeNet": "None", "netInterestIncome": "None", "interestIncome": "None", "interestExpense": "180000000", "nonInterestIncome": "None", "otherNonOperatingIncome": "None", "depreciation": "None", "depreciationAndAmortization": "351000000", "incomeBeforeTax": "156000000", "incomeTaxExpense": "6000000", "interestAndDebtExpense": "None", "netIncomeFromContinuingOperations": "0", "comprehensiveIncomeNetOfTax": "None", "ebit": "298000000", "ebitda": "649000000", "netIncome": "150000000"}, {"fiscalDateEnding": "2006-12-31", "reportedCurrency": "USD", "grossProfit": "1563000000", "totalRevenue": "3623000000", "costOfRevenue": "2060000000", "costofGoodsAndServicesSold": "2060000000", "operatingIncome": "324000000", "sellingGeneralAndAdministrative": "0", "researchAndDevelopment": "0", "operatingExpenses": "1239000000", "investmentIncomeNet": "None", "netInterestIncome": "None", "interestIncome": "None", "interestExpense": "180000000", "nonInterestIncome": "None", "otherNonOperatingIncome": "None", "depreciation": "None", "depreciationAndAmortization": "361000000", "incomeBeforeTax": "288000000", "incomeTaxExpense": "17000000", "interestAndDebtExpense": "None", "netIncomeFromContinuingOperations": "0", "comprehensiveIncomeNetOfTax": "None", "ebit": "324000000", "ebitda": "685000000", "netIncome": "271000000"}, {"fiscalDateEnding": "2006-09-30", "reportedCurrency": "USD", "grossProfit": "2038000000", "totalRevenue": "4694000000", "costOfRevenue": "2656000000", "costofGoodsAndServicesSold": "2656000000", "operatingIncome": "867000000", "sellingGeneralAndAdministrative": "0", "researchAndDevelopment": "0", "operatingExpenses": "1171000000", "investmentIncomeNet": "None", "netInterestIncome": "None", "interestIncome": "None", "interestExpense": "179000000", "nonInterestIncome": "None", "otherNonOperatingIncome": "None", "depreciation": "None", "depreciationAndAmortization": "500000000", "incomeBeforeTax": "753000000", "incomeTaxExpense": "229000000", "interestAndDebtExpense": "None", "netIncomeFromContinuingOperations": "0", "comprehensiveIncomeNetOfTax": "None", "ebit": "872000000", "ebitda": "1372000000", "netIncome": "524000000"}, {"fiscalDateEnding": "2006-06-30", "reportedCurrency": "USD", "grossProfit": "1635000000", "totalRevenue": "3809000000", "costOfRevenue": "2174000000", "costofGoodsAndServicesSold": "2174000000", "operatingIncome": "438000000", "sellingGeneralAndAdministrative": "0", "researchAndDevelopment": "0", "operatingExpenses": "1197000000", "investmentIncomeNet": "None", "netInterestIncome": "None", "interestIncome": "None", "interestExpense": "75000000", "nonInterestIncome": "None", "otherNonOperatingIncome": "None", "depreciation": "None", "depreciationAndAmortization": "218000000", "incomeBeforeTax": "315000000", "incomeTaxExpense": "77000000", "interestAndDebtExpense": "None", "netIncomeFromContinuingOperations": "0", "comprehensiveIncomeNetOfTax": "None", "ebit": "521000000", "ebitda": "739000000", "netIncome": "238000000"}, {"fiscalDateEnding": "2006-03-31", "reportedCurrency": "USD", "grossProfit": "1531000000", "totalRevenue": "3584000000", "costOfRevenue": "2053000000", "costofGoodsAndServicesSold": "2053000000", "operatingIncome": "473000000", "sellingGeneralAndAdministrative": "0", "researchAndDevelopment": "0", "operatingExpenses": "1058000000", "investmentIncomeNet": "None", "netInterestIncome": "None", "interestIncome": "None", "interestExpense": "68000000", "nonInterestIncome": "None", "otherNonOperatingIncome": "None", "depreciation": "None", "depreciationAndAmortization": "342000000", "incomeBeforeTax": "323000000", "incomeTaxExpense": "75000000", "interestAndDebtExpense": "None", "netIncomeFromContinuingOperations": "0", "comprehensiveIncomeNetOfTax": "None", "ebit": "473000000", "ebitda": "815000000", "netIncome": "248000000"}, {"fiscalDateEnding": "2005-12-31", "reportedCurrency": "USD", "grossProfit": "1451000000", "totalRevenue": "3164000000", "costOfRevenue": "1713000000", "costofGoodsAndServicesSold": "1713000000", "operatingIncome": "352000000", "sellingGeneralAndAdministrative": "0", "researchAndDevelopment": "0", "operatingExpenses": "1099000000", "investmentIncomeNet": "None", "netInterestIncome": "None", "interestIncome": "None", "interestExpense": "165000000", "nonInterestIncome": "None", "otherNonOperatingIncome": "None", "depreciation": "None", "depreciationAndAmortization": "381000000", "incomeBeforeTax": "249000000", "incomeTaxExpense": "43000000", "interestAndDebtExpense": "None", "netIncomeFromContinuingOperations": "0", "comprehensiveIncomeNetOfTax": "None", "ebit": "352000000", "ebitda": "733000000", "netIncome": "206000000"}, {"fiscalDateEnding": "2005-09-30", "reportedCurrency": "USD", "grossProfit": "1678000000", "totalRevenue": "3504000000", "costOfRevenue": "1826000000", "costofGoodsAndServicesSold": "1826000000", "operatingIncome": "559000000", "sellingGeneralAndAdministrative": "0", "researchAndDevelopment": "0", "operatingExpenses": "1119000000", "investmentIncomeNet": "None", "netInterestIncome": "None", "interestIncome": "None", "interestExpense": "150000000", "nonInterestIncome": "None", "otherNonOperatingIncome": "None", "depreciation": "None", "depreciationAndAmortization": "515000000", "incomeBeforeTax": "492000000", "incomeTaxExpense": "153000000", "interestAndDebtExpense": "None", "netIncomeFromContinuingOperations": "0", "comprehensiveIncomeNetOfTax": "None", "ebit": "559000000", "ebitda": "1074000000", "netIncome": "339000000"}, {"fiscalDateEnding": "2005-06-30", "reportedCurrency": "USD", "grossProfit": "1348000000", "totalRevenue": "2741000000", "costOfRevenue": "1393000000", "costofGoodsAndServicesSold": "1393000000", "operatingIncome": "346000000", "sellingGeneralAndAdministrative": "0", "researchAndDevelopment": "0", "operatingExpenses": "1002000000", "investmentIncomeNet": "None", "netInterestIncome": "None", "interestIncome": "None", "interestExpense": "140000000", "nonInterestIncome": "None", "otherNonOperatingIncome": "None", "depreciation": "None", "depreciationAndAmortization": "280000000", "incomeBeforeTax": "257000000", "incomeTaxExpense": "54000000", "interestAndDebtExpense": "None", "netIncomeFromContinuingOperations": "0", "comprehensiveIncomeNetOfTax": "None", "ebit": "385000000", "ebitda": "665000000", "netIncome": "203000000"}, {"fiscalDateEnding": "2005-03-31", "reportedCurrency": "USD", "grossProfit": "1199000000", "totalRevenue": "2437000000", "costOfRevenue": "1238000000", "costofGoodsAndServicesSold": "1238000000", "operatingIncome": "234000000", "sellingGeneralAndAdministrative": "0", "researchAndDevelopment": "0", "operatingExpenses": "965000000", "investmentIncomeNet": "None", "netInterestIncome": "None", "interestIncome": "None", "interestExpense": "49000000", "nonInterestIncome": "None", "otherNonOperatingIncome": "None", "depreciation": "None", "depreciationAndAmortization": "320000000", "incomeBeforeTax": "159000000", "incomeTaxExpense": "22000000", "interestAndDebtExpense": "None", "netIncomeFromContinuingOperations": "0", "comprehensiveIncomeNetOfTax": "None", "ebit": "253000000", "ebitda": "573000000", "netIncome": "137000000"}, {"fiscalDateEnding": "2004-12-31", "reportedCurrency": "USD", "grossProfit": "1261000000", "totalRevenue": "2589000000", "costOfRevenue": "1328000000", "costofGoodsAndServicesSold": "1328000000", "operatingIncome": "254000000", "sellingGeneralAndAdministrative": "0", "researchAndDevelopment": "0", "operatingExpenses": "1007000000", "investmentIncomeNet": "None", "netInterestIncome": "None", "interestIncome": "None", "interestExpense": "489000000", "nonInterestIncome": "None", "otherNonOperatingIncome": "None", "depreciation": "None", "depreciationAndAmortization": "311000000", "incomeBeforeTax": "173000000", "incomeTaxExpense": "1000000", "interestAndDebtExpense": "None", "netIncomeFromContinuingOperations": "0", "comprehensiveIncomeNetOfTax": "None", "ebit": "254000000", "ebitda": "565000000", "netIncome": "172000000"}]}