{"symbol": "TGT", "annualReports": [{"fiscalDateEnding": "2025-01-31", "reportedCurrency": "USD", "grossProfit": "30064000000", "totalRevenue": "106566000000", "costOfRevenue": "76502000000", "costofGoodsAndServicesSold": "76502000000", "operatingIncome": "5566000000", "sellingGeneralAndAdministrative": "21969000000", "researchAndDevelopment": "None", "operatingExpenses": "24498000000", "investmentIncomeNet": "None", "netInterestIncome": "-411000000", "interestIncome": "None", "interestExpense": "411000000", "nonInterestIncome": "None", "otherNonOperatingIncome": "None", "depreciation": "None", "depreciationAndAmortization": "-106000000", "incomeBeforeTax": "5261000000", "incomeTaxExpense": "1170000000", "interestAndDebtExpense": "None", "netIncomeFromContinuingOperations": "4091000000", "comprehensiveIncomeNetOfTax": "None", "ebit": "5672000000", "ebitda": "5566000000", "netIncome": "4091000000"}, {"fiscalDateEnding": "2024-01-31", "reportedCurrency": "USD", "grossProfit": "29676000000", "totalRevenue": "107412000000", "costOfRevenue": "77736000000", "costofGoodsAndServicesSold": "77736000000", "operatingIncome": "5707000000", "sellingGeneralAndAdministrative": "19961000000", "researchAndDevelopment": "None", "operatingExpenses": "23969000000", "investmentIncomeNet": "None", "netInterestIncome": "-502000000", "interestIncome": "None", "interestExpense": "502000000", "nonInterestIncome": "None", "otherNonOperatingIncome": "None", "depreciation": "None", "depreciationAndAmortization": "2801000000", "incomeBeforeTax": "5297000000", "incomeTaxExpense": "1159000000", "interestAndDebtExpense": "None", "netIncomeFromContinuingOperations": "4138000000", "comprehensiveIncomeNetOfTax": "None", "ebit": "5823000000", "ebitda": "8624000000", "netIncome": "4138000000"}, {"fiscalDateEnding": "2023-01-31", "reportedCurrency": "USD", "grossProfit": "26891000000", "totalRevenue": "109120000000", "costOfRevenue": "82229000000", "costofGoodsAndServicesSold": "82229000000", "operatingIncome": "3848000000", "sellingGeneralAndAdministrative": "19158000000", "researchAndDevelopment": "None", "operatingExpenses": "23043000000", "investmentIncomeNet": "None", "netInterestIncome": "-478000000", "interestIncome": "478000000", "interestExpense": "478000000", "nonInterestIncome": "None", "otherNonOperatingIncome": "48000000", "depreciation": "None", "depreciationAndAmortization": "2700000000", "incomeBeforeTax": "3418000000", "incomeTaxExpense": "638000000", "interestAndDebtExpense": "None", "netIncomeFromContinuingOperations": "2780000000", "comprehensiveIncomeNetOfTax": "None", "ebit": "3960000000", "ebitda": "6660000000", "netIncome": "2780000000"}, {"fiscalDateEnding": "2022-01-31", "reportedCurrency": "USD", "grossProfit": "31042000000", "totalRevenue": "106005000000", "costOfRevenue": "74963000000", "costofGoodsAndServicesSold": "74963000000", "operatingIncome": "8946000000", "sellingGeneralAndAdministrative": "18252000000", "researchAndDevelopment": "None", "operatingExpenses": "22096000000", "investmentIncomeNet": "None", "netInterestIncome": "-421000000", "interestIncome": "421000000", "interestExpense": "421000000", "nonInterestIncome": "None", "otherNonOperatingIncome": "382000000", "depreciation": "None", "depreciationAndAmortization": "2642000000", "incomeBeforeTax": "8907000000", "incomeTaxExpense": "1961000000", "interestAndDebtExpense": "None", "netIncomeFromContinuingOperations": "6946000000", "comprehensiveIncomeNetOfTax": "None", "ebit": "9328000000", "ebitda": "11970000000", "netIncome": "6946000000"}, {"fiscalDateEnding": "2021-01-31", "reportedCurrency": "USD", "grossProfit": "27384000000", "totalRevenue": "93561000000", "costOfRevenue": "66177000000", "costofGoodsAndServicesSold": "66177000000", "operatingIncome": "6539000000", "sellingGeneralAndAdministrative": "17115000000", "researchAndDevelopment": "None", "operatingExpenses": "20845000000", "investmentIncomeNet": "None", "netInterestIncome": "-977000000", "interestIncome": "465000000", "interestExpense": "977000000", "nonInterestIncome": "None", "otherNonOperatingIncome": "-16000000", "depreciation": "None", "depreciationAndAmortization": "2485000000", "incomeBeforeTax": "5546000000", "incomeTaxExpense": "1178000000", "interestAndDebtExpense": "None", "netIncomeFromContinuingOperations": "4368000000", "comprehensiveIncomeNetOfTax": "None", "ebit": "6608000000", "ebitda": "9093000000", "netIncome": "4368000000"}, {"fiscalDateEnding": "2020-01-31", "reportedCurrency": "USD", "grossProfit": "23248000000", "totalRevenue": "78112000000", "costOfRevenue": "54864000000", "costofGoodsAndServicesSold": "54864000000", "operatingIncome": "4658000000", "sellingGeneralAndAdministrative": "14633000000", "researchAndDevelopment": "None", "operatingExpenses": "18590000000", "investmentIncomeNet": "None", "netInterestIncome": "-477000000", "interestIncome": "467000000", "interestExpense": "477000000", "nonInterestIncome": "None", "otherNonOperatingIncome": "9000000", "depreciation": "None", "depreciationAndAmortization": "2604000000", "incomeBeforeTax": "4190000000", "incomeTaxExpense": "921000000", "interestAndDebtExpense": "None", "netIncomeFromContinuingOperations": "3269000000", "comprehensiveIncomeNetOfTax": "None", "ebit": "4728000000", "ebitda": "7332000000", "netIncome": "3281000000"}, {"fiscalDateEnding": "2019-01-31", "reportedCurrency": "USD", "grossProfit": "22057000000", "totalRevenue": "75356000000", "costOfRevenue": "53299000000", "costofGoodsAndServicesSold": "53299000000", "operatingIncome": "4110000000", "sellingGeneralAndAdministrative": "15631000000", "researchAndDevelopment": "None", "operatingExpenses": "17947000000", "investmentIncomeNet": "None", "netInterestIncome": "-461000000", "interestIncome": "461000000", "interestExpense": "461000000", "nonInterestIncome": "None", "otherNonOperatingIncome": "27000000", "depreciation": "None", "depreciationAndAmortization": "2474000000", "incomeBeforeTax": "3676000000", "incomeTaxExpense": "746000000", "interestAndDebtExpense": "None", "netIncomeFromContinuingOperations": "2930000000", "comprehensiveIncomeNetOfTax": "None", "ebit": "4227000000", "ebitda": "6701000000", "netIncome": "2937000000"}, {"fiscalDateEnding": "2018-01-31", "reportedCurrency": "USD", "grossProfit": "21589000000", "totalRevenue": "72714000000", "costOfRevenue": "51125000000", "costofGoodsAndServicesSold": "51125000000", "operatingIncome": "4224000000", "sellingGeneralAndAdministrative": "15049000000", "researchAndDevelopment": "None", "operatingExpenses": "17365000000", "investmentIncomeNet": "None", "netInterestIncome": "-666000000", "interestIncome": "530000000", "interestExpense": "653000000", "nonInterestIncome": "None", "otherNonOperatingIncome": "None", "depreciation": "None", "depreciationAndAmortization": "2476000000", "incomeBeforeTax": "3630000000", "incomeTaxExpense": "722000000", "interestAndDebtExpense": "None", "netIncomeFromContinuingOperations": "2928000000", "comprehensiveIncomeNetOfTax": "None", "ebit": "4374000000", "ebitda": "6850000000", "netIncome": "2914000000"}, {"fiscalDateEnding": "2017-01-31", "reportedCurrency": "USD", "grossProfit": "20623000000", "totalRevenue": "69495000000", "costOfRevenue": "48872000000", "costofGoodsAndServicesSold": "48872000000", "operatingIncome": "4969000000", "sellingGeneralAndAdministrative": "14174000000", "researchAndDevelopment": "None", "operatingExpenses": "15654000000", "investmentIncomeNet": "None", "netInterestIncome": "None", "interestIncome": "569000000", "interestExpense": "1004000000", "nonInterestIncome": "None", "otherNonOperatingIncome": "None", "depreciation": "None", "depreciationAndAmortization": "2298000000", "incomeBeforeTax": "3965000000", "incomeTaxExpense": "1296000000", "interestAndDebtExpense": "None", "netIncomeFromContinuingOperations": "2669000000", "comprehensiveIncomeNetOfTax": "None", "ebit": "5015000000", "ebitda": "7313000000", "netIncome": "2737000000"}, {"fiscalDateEnding": "2016-01-31", "reportedCurrency": "USD", "grossProfit": "21788000000", "totalRevenue": "73785000000", "costOfRevenue": "51997000000", "costofGoodsAndServicesSold": "51997000000", "operatingIncome": "4910000000", "sellingGeneralAndAdministrative": "14665000000", "researchAndDevelopment": "None", "operatingExpenses": "16878000000", "investmentIncomeNet": "None", "netInterestIncome": "None", "interestIncome": "None", "interestExpense": "607000000", "nonInterestIncome": "None", "otherNonOperatingIncome": "620000000", "depreciation": "None", "depreciationAndAmortization": "2213000000", "incomeBeforeTax": "4923000000", "incomeTaxExpense": "1602000000", "interestAndDebtExpense": "None", "netIncomeFromContinuingOperations": "3321000000", "comprehensiveIncomeNetOfTax": "None", "ebit": "5102000000", "ebitda": "7315000000", "netIncome": "3363000000"}, {"fiscalDateEnding": "2015-01-31", "reportedCurrency": "USD", "grossProfit": "21340000000", "totalRevenue": "72618000000", "costOfRevenue": "51278000000", "costofGoodsAndServicesSold": "51278000000", "operatingIncome": "4535000000", "sellingGeneralAndAdministrative": "14676000000", "researchAndDevelopment": "None", "operatingExpenses": "16805000000", "investmentIncomeNet": "None", "netInterestIncome": "None", "interestIncome": "None", "interestExpense": "882000000", "nonInterestIncome": "None", "otherNonOperatingIncome": "None", "depreciation": "None", "depreciationAndAmortization": "2129000000", "incomeBeforeTax": "3653000000", "incomeTaxExpense": "1204000000", "interestAndDebtExpense": "None", "netIncomeFromContinuingOperations": "2449000000", "comprehensiveIncomeNetOfTax": "None", "ebit": "4535000000", "ebitda": "6664000000", "netIncome": "-1636000000"}, {"fiscalDateEnding": "2014-01-31", "reportedCurrency": "USD", "grossProfit": "21436000000", "totalRevenue": "72596000000", "costOfRevenue": "51160000000", "costofGoodsAndServicesSold": "51160000000", "operatingIncome": "3838000000", "sellingGeneralAndAdministrative": "15375000000", "researchAndDevelopment": "None", "operatingExpenses": "17598000000", "investmentIncomeNet": "None", "netInterestIncome": "None", "interestIncome": "None", "interestExpense": "1126000000", "nonInterestIncome": "None", "otherNonOperatingIncome": "None", "depreciation": "None", "depreciationAndAmortization": "2223000000", "incomeBeforeTax": "3103000000", "incomeTaxExpense": "1132000000", "interestAndDebtExpense": "None", "netIncomeFromContinuingOperations": "None", "comprehensiveIncomeNetOfTax": "None", "ebit": "4652000000", "ebitda": "6875000000", "netIncome": "1971000000"}, {"fiscalDateEnding": "2013-01-31", "reportedCurrency": "USD", "grossProfit": "22266000000", "totalRevenue": "73301000000", "costOfRevenue": "51035000000", "costofGoodsAndServicesSold": "51035000000", "operatingIncome": "5210000000", "sellingGeneralAndAdministrative": "14914000000", "researchAndDevelopment": "None", "operatingExpenses": "17056000000", "investmentIncomeNet": "None", "netInterestIncome": "None", "interestIncome": "None", "interestExpense": "762000000", "nonInterestIncome": "None", "otherNonOperatingIncome": "None", "depreciation": "None", "depreciationAndAmortization": "2142000000", "incomeBeforeTax": "4609000000", "incomeTaxExpense": "1610000000", "interestAndDebtExpense": "None", "netIncomeFromContinuingOperations": "2999000000", "comprehensiveIncomeNetOfTax": "None", "ebit": "5415000000", "ebitda": "7557000000", "netIncome": "2999000000"}, {"fiscalDateEnding": "2012-01-31", "reportedCurrency": "USD", "grossProfit": "21559000000", "totalRevenue": "69865000000", "costOfRevenue": "48306000000", "costofGoodsAndServicesSold": "48306000000", "operatingIncome": "5322000000", "sellingGeneralAndAdministrative": "14106000000", "researchAndDevelopment": "None", "operatingExpenses": "16237000000", "investmentIncomeNet": "None", "netInterestIncome": "None", "interestIncome": "None", "interestExpense": "869000000", "nonInterestIncome": "None", "otherNonOperatingIncome": "None", "depreciation": "None", "depreciationAndAmortization": "2131000000", "incomeBeforeTax": "4456000000", "incomeTaxExpense": "1527000000", "interestAndDebtExpense": "None", "netIncomeFromContinuingOperations": "2929000000", "comprehensiveIncomeNetOfTax": "None", "ebit": "5322000000", "ebitda": "7453000000", "netIncome": "2929000000"}, {"fiscalDateEnding": "2011-01-31", "reportedCurrency": "USD", "grossProfit": "20805000000", "totalRevenue": "67390000000", "costOfRevenue": "46585000000", "costofGoodsAndServicesSold": "46585000000", "operatingIncome": "5252000000", "sellingGeneralAndAdministrative": "13469000000", "researchAndDevelopment": "None", "operatingExpenses": "15553000000", "investmentIncomeNet": "None", "netInterestIncome": "None", "interestIncome": "None", "interestExpense": "760000000", "nonInterestIncome": "None", "otherNonOperatingIncome": "None", "depreciation": "None", "depreciationAndAmortization": "2084000000", "incomeBeforeTax": "4495000000", "incomeTaxExpense": "1575000000", "interestAndDebtExpense": "None", "netIncomeFromContinuingOperations": "2920000000", "comprehensiveIncomeNetOfTax": "None", "ebit": "5252000000", "ebitda": "7336000000", "netIncome": "2920000000"}, {"fiscalDateEnding": "2010-01-31", "reportedCurrency": "USD", "grossProfit": "19774000000", "totalRevenue": "65357000000", "costOfRevenue": "45583000000", "costofGoodsAndServicesSold": "45583000000", "operatingIncome": "4673000000", "sellingGeneralAndAdministrative": "13078000000", "researchAndDevelopment": "None", "operatingExpenses": "15101000000", "investmentIncomeNet": "None", "netInterestIncome": "None", "interestIncome": "None", "interestExpense": "804000000", "nonInterestIncome": "None", "otherNonOperatingIncome": "None", "depreciation": "None", "depreciationAndAmortization": "2023000000", "incomeBeforeTax": "3872000000", "incomeTaxExpense": "1384000000", "interestAndDebtExpense": "None", "netIncomeFromContinuingOperations": "None", "comprehensiveIncomeNetOfTax": "None", "ebit": "4725000000", "ebitda": "6748000000", "netIncome": "2488000000"}, {"fiscalDateEnding": "2009-01-31", "reportedCurrency": "USD", "grossProfit": "20791000000", "totalRevenue": "64948000000", "costOfRevenue": "44157000000", "costofGoodsAndServicesSold": "44157000000", "operatingIncome": "4402000000", "sellingGeneralAndAdministrative": "14563000000", "researchAndDevelopment": "None", "operatingExpenses": "16389000000", "investmentIncomeNet": "None", "netInterestIncome": "None", "interestIncome": "None", "interestExpense": "894000000", "nonInterestIncome": "None", "otherNonOperatingIncome": "None", "depreciation": "None", "depreciationAndAmortization": "1826000000", "incomeBeforeTax": "3536000000", "incomeTaxExpense": "1322000000", "interestAndDebtExpense": "None", "netIncomeFromContinuingOperations": "None", "comprehensiveIncomeNetOfTax": "None", "ebit": "4501000000", "ebitda": "6327000000", "netIncome": "2214000000"}, {"fiscalDateEnding": "2008-01-31", "reportedCurrency": "USD", "grossProfit": "20635000000", "totalRevenue": "63367000000", "costOfRevenue": "42732000000", "costofGoodsAndServicesSold": "42732000000", "operatingIncome": "5272000000", "sellingGeneralAndAdministrative": "13704000000", "researchAndDevelopment": "None", "operatingExpenses": "15363000000", "investmentIncomeNet": "None", "netInterestIncome": "None", "interestIncome": "None", "interestExpense": "0", "nonInterestIncome": "None", "otherNonOperatingIncome": "None", "depreciation": "None", "depreciationAndAmortization": "1659000000", "incomeBeforeTax": "4625000000", "incomeTaxExpense": "1776000000", "interestAndDebtExpense": "None", "netIncomeFromContinuingOperations": "None", "comprehensiveIncomeNetOfTax": "None", "ebit": "5272000000", "ebitda": "6931000000", "netIncome": "2849000000"}, {"fiscalDateEnding": "2007-01-31", "reportedCurrency": "USD", "grossProfit": "20091000000", "totalRevenue": "59490000000", "costOfRevenue": "39399000000", "costofGoodsAndServicesSold": "39399000000", "operatingIncome": "5069000000", "sellingGeneralAndAdministrative": "12819000000", "researchAndDevelopment": "None", "operatingExpenses": "15022000000", "investmentIncomeNet": "None", "netInterestIncome": "None", "interestIncome": "None", "interestExpense": "0", "nonInterestIncome": "None", "otherNonOperatingIncome": "None", "depreciation": "None", "depreciationAndAmortization": "1496000000", "incomeBeforeTax": "4497000000", "incomeTaxExpense": "1710000000", "interestAndDebtExpense": "None", "netIncomeFromContinuingOperations": "None", "comprehensiveIncomeNetOfTax": "None", "ebit": "5069000000", "ebitda": "6565000000", "netIncome": "2787000000"}, {"fiscalDateEnding": "2006-01-31", "reportedCurrency": "USD", "grossProfit": "17693000000", "totalRevenue": "52620000000", "costOfRevenue": "34927000000", "costofGoodsAndServicesSold": "34927000000", "operatingIncome": "4323000000", "sellingGeneralAndAdministrative": "11185000000", "researchAndDevelopment": "None", "operatingExpenses": "13370000000", "investmentIncomeNet": "None", "netInterestIncome": "None", "interestIncome": "None", "interestExpense": "0", "nonInterestIncome": "None", "otherNonOperatingIncome": "None", "depreciation": "None", "depreciationAndAmortization": "1409000000", "incomeBeforeTax": "3860000000", "incomeTaxExpense": "1452000000", "interestAndDebtExpense": "None", "netIncomeFromContinuingOperations": "None", "comprehensiveIncomeNetOfTax": "None", "ebit": "4323000000", "ebitda": "5732000000", "netIncome": "2408000000"}], "quarterlyReports": [{"fiscalDateEnding": "2025-01-31", "reportedCurrency": "USD", "grossProfit": "8036000000", "totalRevenue": "30915000000", "costOfRevenue": "22879000000", "costofGoodsAndServicesSold": "22879000000", "operatingIncome": "1467000000", "sellingGeneralAndAdministrative": "5923000000", "researchAndDevelopment": "None", "operatingExpenses": "6000000000", "investmentIncomeNet": "None", "netInterestIncome": "-90000000", "interestIncome": "None", "interestExpense": "90000000", "nonInterestIncome": "None", "otherNonOperatingIncome": "None", "depreciation": "None", "depreciationAndAmortization": "-29000000", "incomeBeforeTax": "1406000000", "incomeTaxExpense": "303000000", "interestAndDebtExpense": "None", "netIncomeFromContinuingOperations": "1103000000", "comprehensiveIncomeNetOfTax": "None", "ebit": "1496000000", "ebitda": "1467000000", "netIncome": "1103000000"}, {"fiscalDateEnding": "2024-10-31", "reportedCurrency": "USD", "grossProfit": "7911000000", "totalRevenue": "25668000000", "costOfRevenue": "17757000000", "costofGoodsAndServicesSold": "17757000000", "operatingIncome": "1168000000", "sellingGeneralAndAdministrative": "5486000000", "researchAndDevelopment": "None", "operatingExpenses": "5486000000", "investmentIncomeNet": "None", "netInterestIncome": "-105000000", "interestIncome": "None", "interestExpense": "105000000", "nonInterestIncome": "None", "otherNonOperatingIncome": "None", "depreciation": "None", "depreciationAndAmortization": "-1461000000", "incomeBeforeTax": "1091000000", "incomeTaxExpense": "237000000", "interestAndDebtExpense": "None", "netIncomeFromContinuingOperations": "854000000", "comprehensiveIncomeNetOfTax": "None", "ebit": "1196000000", "ebitda": "-265000000", "netIncome": "854000000"}, {"fiscalDateEnding": "2024-07-31", "reportedCurrency": "USD", "grossProfit": "7653000000", "totalRevenue": "25452000000", "costOfRevenue": "17799000000", "costofGoodsAndServicesSold": "17799000000", "operatingIncome": "1635000000", "sellingGeneralAndAdministrative": "5392000000", "researchAndDevelopment": "None", "operatingExpenses": "6018000000", "investmentIncomeNet": "None", "netInterestIncome": "-110000000", "interestIncome": "None", "interestExpense": "110000000", "nonInterestIncome": "None", "otherNonOperatingIncome": "None", "depreciation": "None", "depreciationAndAmortization": "743000000", "incomeBeforeTax": "1545000000", "incomeTaxExpense": "353000000", "interestAndDebtExpense": "None", "netIncomeFromContinuingOperations": "1192000000", "comprehensiveIncomeNetOfTax": "None", "ebit": "1691000000", "ebitda": "2434000000", "netIncome": "1192000000"}, {"fiscalDateEnding": "2024-04-30", "reportedCurrency": "USD", "grossProfit": "6464000000", "totalRevenue": "24531000000", "costOfRevenue": "18067000000", "costofGoodsAndServicesSold": "18067000000", "operatingIncome": "1296000000", "sellingGeneralAndAdministrative": "5168000000", "researchAndDevelopment": "None", "operatingExpenses": "5168000000", "investmentIncomeNet": "None", "netInterestIncome": "-106000000", "interestIncome": "None", "interestExpense": "106000000", "nonInterestIncome": "None", "otherNonOperatingIncome": "None", "depreciation": "None", "depreciationAndAmortization": "718000000", "incomeBeforeTax": "1219000000", "incomeTaxExpense": "277000000", "interestAndDebtExpense": "None", "netIncomeFromContinuingOperations": "942000000", "comprehensiveIncomeNetOfTax": "None", "ebit": "1325000000", "ebitda": "2043000000", "netIncome": "942000000"}, {"fiscalDateEnding": "2024-01-31", "reportedCurrency": "USD", "grossProfit": "7894000000", "totalRevenue": "31919000000", "costOfRevenue": "24025000000", "costofGoodsAndServicesSold": "24025000000", "operatingIncome": "1869000000", "sellingGeneralAndAdministrative": "4625000000", "researchAndDevelopment": "None", "operatingExpenses": "6025000000", "investmentIncomeNet": "None", "netInterestIncome": "-107000000", "interestIncome": "None", "interestExpense": "113000000", "nonInterestIncome": "None", "otherNonOperatingIncome": "None", "depreciation": "None", "depreciationAndAmortization": "729000000", "incomeBeforeTax": "1786000000", "incomeTaxExpense": "404000000", "interestAndDebtExpense": "None", "netIncomeFromContinuingOperations": "1382000000", "comprehensiveIncomeNetOfTax": "None", "ebit": "1896000000", "ebitda": "2625000000", "netIncome": "1382000000"}, {"fiscalDateEnding": "2023-10-31", "reportedCurrency": "USD", "grossProfit": "7249000000", "totalRevenue": "25398000000", "costOfRevenue": "18149000000", "costofGoodsAndServicesSold": "18149000000", "operatingIncome": "1317000000", "sellingGeneralAndAdministrative": "5316000000", "researchAndDevelopment": "None", "operatingExpenses": "5932000000", "investmentIncomeNet": "None", "netInterestIncome": "-107000000", "interestIncome": "107000000", "interestExpense": "107000000", "nonInterestIncome": "None", "otherNonOperatingIncome": "None", "depreciation": "None", "depreciationAndAmortization": "722000000", "incomeBeforeTax": "1235000000", "incomeTaxExpense": "264000000", "interestAndDebtExpense": "None", "netIncomeFromContinuingOperations": "971000000", "comprehensiveIncomeNetOfTax": "None", "ebit": "1406000000", "ebitda": "2128000000", "netIncome": "971000000"}, {"fiscalDateEnding": "2023-07-31", "reportedCurrency": "USD", "grossProfit": "6975000000", "totalRevenue": "24773000000", "costOfRevenue": "17798000000", "costofGoodsAndServicesSold": "17798000000", "operatingIncome": "1197000000", "sellingGeneralAndAdministrative": "5184000000", "researchAndDevelopment": "None", "operatingExpenses": "5778000000", "investmentIncomeNet": "None", "netInterestIncome": "-141000000", "interestIncome": "141000000", "interestExpense": "141000000", "nonInterestIncome": "None", "otherNonOperatingIncome": "16000000", "depreciation": "None", "depreciationAndAmortization": "683000000", "incomeBeforeTax": "1072000000", "incomeTaxExpense": "237000000", "interestAndDebtExpense": "None", "netIncomeFromContinuingOperations": "835000000", "comprehensiveIncomeNetOfTax": "None", "ebit": "1246000000", "ebitda": "1929000000", "netIncome": "835000000"}, {"fiscalDateEnding": "2023-04-30", "reportedCurrency": "USD", "grossProfit": "6936000000", "totalRevenue": "25322000000", "costOfRevenue": "18386000000", "costofGoodsAndServicesSold": "18386000000", "operatingIncome": "1328000000", "sellingGeneralAndAdministrative": "5025000000", "researchAndDevelopment": "None", "operatingExpenses": "5608000000", "investmentIncomeNet": "None", "netInterestIncome": "-147000000", "interestIncome": "147000000", "interestExpense": "147000000", "nonInterestIncome": "None", "otherNonOperatingIncome": "23000000", "depreciation": "None", "depreciationAndAmortization": "667000000", "incomeBeforeTax": "1204000000", "incomeTaxExpense": "254000000", "interestAndDebtExpense": "None", "netIncomeFromContinuingOperations": "950000000", "comprehensiveIncomeNetOfTax": "None", "ebit": "1354000000", "ebitda": "2021000000", "netIncome": "950000000"}, {"fiscalDateEnding": "2023-01-31", "reportedCurrency": "USD", "grossProfit": "7449000000", "totalRevenue": "31395000000", "costOfRevenue": "23946000000", "costofGoodsAndServicesSold": "23946000000", "operatingIncome": "1159000000", "sellingGeneralAndAdministrative": "4175000000", "researchAndDevelopment": "None", "operatingExpenses": "6290000000", "investmentIncomeNet": "None", "netInterestIncome": "-129000000", "interestIncome": "129000000", "interestExpense": "129000000", "nonInterestIncome": "None", "otherNonOperatingIncome": "13000000", "depreciation": "None", "depreciationAndAmortization": "696000000", "incomeBeforeTax": "1043000000", "incomeTaxExpense": "167000000", "interestAndDebtExpense": "None", "netIncomeFromContinuingOperations": "876000000", "comprehensiveIncomeNetOfTax": "None", "ebit": "1172000000", "ebitda": "1868000000", "netIncome": "876000000"}, {"fiscalDateEnding": "2022-10-31", "reportedCurrency": "USD", "grossProfit": "6838000000", "totalRevenue": "26518000000", "costOfRevenue": "19680000000", "costofGoodsAndServicesSold": "19680000000", "operatingIncome": "1022000000", "sellingGeneralAndAdministrative": "5219000000", "researchAndDevelopment": "None", "operatingExpenses": "5816000000", "investmentIncomeNet": "None", "netInterestIncome": "-125000000", "interestIncome": "125000000", "interestExpense": "125000000", "nonInterestIncome": "None", "otherNonOperatingIncome": "12000000", "depreciation": "None", "depreciationAndAmortization": "675000000", "incomeBeforeTax": "909000000", "incomeTaxExpense": "197000000", "interestAndDebtExpense": "None", "netIncomeFromContinuingOperations": "712000000", "comprehensiveIncomeNetOfTax": "None", "ebit": "1041000000", "ebitda": "1716000000", "netIncome": "712000000"}, {"fiscalDateEnding": "2022-07-31", "reportedCurrency": "USD", "grossProfit": "5323000000", "totalRevenue": "26037000000", "costOfRevenue": "20714000000", "costofGoodsAndServicesSold": "20714000000", "operatingIncome": "348000000", "sellingGeneralAndAdministrative": "5002000000", "researchAndDevelopment": "None", "operatingExpenses": "4975000000", "investmentIncomeNet": "None", "netInterestIncome": "-112000000", "interestIncome": "112000000", "interestExpense": "112000000", "nonInterestIncome": "None", "otherNonOperatingIncome": "8000000", "depreciation": "None", "depreciationAndAmortization": "650000000", "incomeBeforeTax": "217000000", "incomeTaxExpense": "34000000", "interestAndDebtExpense": "None", "netIncomeFromContinuingOperations": "183000000", "comprehensiveIncomeNetOfTax": "None", "ebit": "351000000", "ebitda": "1001000000", "netIncome": "183000000"}, {"fiscalDateEnding": "2022-04-30", "reportedCurrency": "USD", "grossProfit": "6709000000", "totalRevenue": "25170000000", "costOfRevenue": "18461000000", "costofGoodsAndServicesSold": "18461000000", "operatingIncome": "1346000000", "sellingGeneralAndAdministrative": "4762000000", "researchAndDevelopment": "None", "operatingExpenses": "5363000000", "investmentIncomeNet": "None", "netInterestIncome": "-112000000", "interestIncome": "112000000", "interestExpense": "112000000", "nonInterestIncome": "None", "otherNonOperatingIncome": "15000000", "depreciation": "None", "depreciationAndAmortization": "679000000", "incomeBeforeTax": "1249000000", "incomeTaxExpense": "240000000", "interestAndDebtExpense": "None", "netIncomeFromContinuingOperations": "1009000000", "comprehensiveIncomeNetOfTax": "None", "ebit": "1361000000", "ebitda": "2040000000", "netIncome": "1009000000"}, {"fiscalDateEnding": "2022-01-31", "reportedCurrency": "USD", "grossProfit": "8235000000", "totalRevenue": "30996000000", "costOfRevenue": "22761000000", "costofGoodsAndServicesSold": "22761000000", "operatingIncome": "2095000000", "sellingGeneralAndAdministrative": "4035000000", "researchAndDevelopment": "None", "operatingExpenses": "6140000000", "investmentIncomeNet": "None", "netInterestIncome": "-104000000", "interestIncome": "104000000", "interestExpense": "104000000", "nonInterestIncome": "None", "otherNonOperatingIncome": "26000000", "depreciation": "None", "depreciationAndAmortization": "690000000", "incomeBeforeTax": "2017000000", "incomeTaxExpense": "473000000", "interestAndDebtExpense": "None", "netIncomeFromContinuingOperations": "1544000000", "comprehensiveIncomeNetOfTax": "None", "ebit": "2121000000", "ebitda": "2811000000", "netIncome": "1544000000"}, {"fiscalDateEnding": "2021-10-31", "reportedCurrency": "USD", "grossProfit": "7446000000", "totalRevenue": "25652000000", "costOfRevenue": "18206000000", "costofGoodsAndServicesSold": "18206000000", "operatingIncome": "2010000000", "sellingGeneralAndAdministrative": "4859000000", "researchAndDevelopment": "None", "operatingExpenses": "5436000000", "investmentIncomeNet": "None", "netInterestIncome": "-105000000", "interestIncome": "105000000", "interestExpense": "105000000", "nonInterestIncome": "None", "otherNonOperatingIncome": "6000000", "depreciation": "None", "depreciationAndAmortization": "652000000", "incomeBeforeTax": "1911000000", "incomeTaxExpense": "423000000", "interestAndDebtExpense": "None", "netIncomeFromContinuingOperations": "1488000000", "comprehensiveIncomeNetOfTax": "None", "ebit": "2016000000", "ebitda": "2668000000", "netIncome": "1488000000"}, {"fiscalDateEnding": "2021-07-31", "reportedCurrency": "USD", "grossProfit": "7880000000", "totalRevenue": "25160000000", "costOfRevenue": "17280000000", "costofGoodsAndServicesSold": "17280000000", "operatingIncome": "2467000000", "sellingGeneralAndAdministrative": "4849000000", "researchAndDevelopment": "None", "operatingExpenses": "5413000000", "investmentIncomeNet": "None", "netInterestIncome": "-104000000", "interestIncome": "104000000", "interestExpense": "104000000", "nonInterestIncome": "None", "otherNonOperatingIncome": "7000000", "depreciation": "None", "depreciationAndAmortization": "633000000", "incomeBeforeTax": "2370000000", "incomeTaxExpense": "553000000", "interestAndDebtExpense": "None", "netIncomeFromContinuingOperations": "1817000000", "comprehensiveIncomeNetOfTax": "None", "ebit": "2474000000", "ebitda": "3107000000", "netIncome": "1817000000"}, {"fiscalDateEnding": "2021-04-30", "reportedCurrency": "USD", "grossProfit": "7481000000", "totalRevenue": "24197000000", "costOfRevenue": "16716000000", "costofGoodsAndServicesSold": "16716000000", "operatingIncome": "2374000000", "sellingGeneralAndAdministrative": "4509000000", "researchAndDevelopment": "None", "operatingExpenses": "5107000000", "investmentIncomeNet": "None", "netInterestIncome": "-108000000", "interestIncome": "108000000", "interestExpense": "108000000", "nonInterestIncome": "None", "otherNonOperatingIncome": "343000000", "depreciation": "None", "depreciationAndAmortization": "667000000", "incomeBeforeTax": "2609000000", "incomeTaxExpense": "512000000", "interestAndDebtExpense": "None", "netIncomeFromContinuingOperations": "2097000000", "comprehensiveIncomeNetOfTax": "None", "ebit": "2717000000", "ebitda": "3384000000", "netIncome": "2097000000"}, {"fiscalDateEnding": "2021-01-31", "reportedCurrency": "USD", "grossProfit": "7854000000", "totalRevenue": "28339000000", "costOfRevenue": "20485000000", "costofGoodsAndServicesSold": "20485000000", "operatingIncome": "1836000000", "sellingGeneralAndAdministrative": "3948000000", "researchAndDevelopment": "None", "operatingExpenses": "6018000000", "investmentIncomeNet": "None", "netInterestIncome": "-106000000", "interestIncome": "106000000", "interestExpense": "106000000", "nonInterestIncome": "None", "otherNonOperatingIncome": "None", "depreciation": "None", "depreciationAndAmortization": "637000000", "incomeBeforeTax": "1730000000", "incomeTaxExpense": "350000000", "interestAndDebtExpense": "None", "netIncomeFromContinuingOperations": "1380000000", "comprehensiveIncomeNetOfTax": "None", "ebit": "1836000000", "ebitda": "2473000000", "netIncome": "1380000000"}, {"fiscalDateEnding": "2020-10-31", "reportedCurrency": "USD", "grossProfit": "7123000000", "totalRevenue": "22632000000", "costOfRevenue": "15509000000", "costofGoodsAndServicesSold": "15509000000", "operatingIncome": "1935000000", "sellingGeneralAndAdministrative": "4647000000", "researchAndDevelopment": "None", "operatingExpenses": "5188000000", "investmentIncomeNet": "None", "netInterestIncome": "-632000000", "interestIncome": "120000000", "interestExpense": "632000000", "nonInterestIncome": "None", "otherNonOperatingIncome": "-5000000", "depreciation": "None", "depreciationAndAmortization": "603000000", "incomeBeforeTax": "1298000000", "incomeTaxExpense": "284000000", "interestAndDebtExpense": "None", "netIncomeFromContinuingOperations": "1014000000", "comprehensiveIncomeNetOfTax": "None", "ebit": "1930000000", "ebitda": "2533000000", "netIncome": "1014000000"}, {"fiscalDateEnding": "2020-07-31", "reportedCurrency": "USD", "grossProfit": "7302000000", "totalRevenue": "22975000000", "costOfRevenue": "15673000000", "costofGoodsAndServicesSold": "15673000000", "operatingIncome": "2300000000", "sellingGeneralAndAdministrative": "4435000000", "researchAndDevelopment": "None", "operatingExpenses": "5002000000", "investmentIncomeNet": "None", "netInterestIncome": "-122000000", "interestIncome": "122000000", "interestExpense": "122000000", "nonInterestIncome": "None", "otherNonOperatingIncome": "11000000", "depreciation": "None", "depreciationAndAmortization": "604000000", "incomeBeforeTax": "2189000000", "incomeTaxExpense": "499000000", "interestAndDebtExpense": "None", "netIncomeFromContinuingOperations": "1690000000", "comprehensiveIncomeNetOfTax": "None", "ebit": "2311000000", "ebitda": "2915000000", "netIncome": "1690000000"}, {"fiscalDateEnding": "2020-04-30", "reportedCurrency": "USD", "grossProfit": "5105000000", "totalRevenue": "19615000000", "costOfRevenue": "14510000000", "costofGoodsAndServicesSold": "14510000000", "operatingIncome": "468000000", "sellingGeneralAndAdministrative": "4025000000", "researchAndDevelopment": "None", "operatingExpenses": "4637000000", "investmentIncomeNet": "None", "netInterestIncome": "-117000000", "interestIncome": "117000000", "interestExpense": "117000000", "nonInterestIncome": "None", "otherNonOperatingIncome": "-22000000", "depreciation": "None", "depreciationAndAmortization": "641000000", "incomeBeforeTax": "329000000", "incomeTaxExpense": "45000000", "interestAndDebtExpense": "None", "netIncomeFromContinuingOperations": "284000000", "comprehensiveIncomeNetOfTax": "None", "ebit": "446000000", "ebitda": "1087000000", "netIncome": "284000000"}, {"fiscalDateEnding": "2020-01-31", "reportedCurrency": "USD", "grossProfit": "6342000000", "totalRevenue": "23398000000", "costOfRevenue": "17056000000", "costofGoodsAndServicesSold": "17056000000", "operatingIncome": "1198000000", "sellingGeneralAndAdministrative": "4503000000", "researchAndDevelopment": "None", "operatingExpenses": "5144000000", "investmentIncomeNet": "None", "netInterestIncome": "None", "interestIncome": "None", "interestExpense": "118000000", "nonInterestIncome": "None", "otherNonOperatingIncome": "None", "depreciation": "None", "depreciationAndAmortization": "699000000", "incomeBeforeTax": "1051000000", "incomeTaxExpense": "218000000", "interestAndDebtExpense": "None", "netIncomeFromContinuingOperations": "None", "comprehensiveIncomeNetOfTax": "None", "ebit": "1211000000", "ebitda": "1910000000", "netIncome": "834000000"}, {"fiscalDateEnding": "2019-10-31", "reportedCurrency": "USD", "grossProfit": "5730000000", "totalRevenue": "18665000000", "costOfRevenue": "12935000000", "costofGoodsAndServicesSold": "12935000000", "operatingIncome": "1002000000", "sellingGeneralAndAdministrative": "4146000000", "researchAndDevelopment": "None", "operatingExpenses": "4728000000", "investmentIncomeNet": "None", "netInterestIncome": "None", "interestIncome": "None", "interestExpense": "113000000", "nonInterestIncome": "None", "otherNonOperatingIncome": "None", "depreciation": "None", "depreciationAndAmortization": "638000000", "incomeBeforeTax": "901000000", "incomeTaxExpense": "195000000", "interestAndDebtExpense": "None", "netIncomeFromContinuingOperations": "None", "comprehensiveIncomeNetOfTax": "None", "ebit": "1014000000", "ebitda": "1652000000", "netIncome": "714000000"}, {"fiscalDateEnding": "2019-07-31", "reportedCurrency": "USD", "grossProfit": "5797000000", "totalRevenue": "18422000000", "costOfRevenue": "12625000000", "costofGoodsAndServicesSold": "12625000000", "operatingIncome": "1324000000", "sellingGeneralAndAdministrative": "3902000000", "researchAndDevelopment": "None", "operatingExpenses": "4473000000", "investmentIncomeNet": "None", "netInterestIncome": "None", "interestIncome": "None", "interestExpense": "120000000", "nonInterestIncome": "None", "otherNonOperatingIncome": "13000000", "depreciation": "None", "depreciationAndAmortization": "623000000", "incomeBeforeTax": "1217000000", "incomeTaxExpense": "279000000", "interestAndDebtExpense": "None", "netIncomeFromContinuingOperations": "938000000", "comprehensiveIncomeNetOfTax": "None", "ebit": "1337000000", "ebitda": "1960000000", "netIncome": "938000000"}, {"fiscalDateEnding": "2019-04-30", "reportedCurrency": "USD", "grossProfit": "5379000000", "totalRevenue": "17627000000", "costOfRevenue": "12248000000", "costofGoodsAndServicesSold": "12248000000", "operatingIncome": "1135000000", "sellingGeneralAndAdministrative": "3660000000", "researchAndDevelopment": "None", "operatingExpenses": "4244000000", "investmentIncomeNet": "None", "netInterestIncome": "None", "interestIncome": "None", "interestExpense": "126000000", "nonInterestIncome": "None", "otherNonOperatingIncome": "12000000", "depreciation": "None", "depreciationAndAmortization": "644000000", "incomeBeforeTax": "1021000000", "incomeTaxExpense": "229000000", "interestAndDebtExpense": "None", "netIncomeFromContinuingOperations": "792000000", "comprehensiveIncomeNetOfTax": "None", "ebit": "1147000000", "ebitda": "1791000000", "netIncome": "795000000"}, {"fiscalDateEnding": "2019-01-31", "reportedCurrency": "USD", "grossProfit": "6077000000", "totalRevenue": "22977000000", "costOfRevenue": "16900000000", "costofGoodsAndServicesSold": "16900000000", "operatingIncome": "1117000000", "sellingGeneralAndAdministrative": "4284000000", "researchAndDevelopment": "None", "operatingExpenses": "4960000000", "investmentIncomeNet": "None", "netInterestIncome": "None", "interestIncome": "None", "interestExpense": "110000000", "nonInterestIncome": "None", "otherNonOperatingIncome": "7000000", "depreciation": "None", "depreciationAndAmortization": "648000000", "incomeBeforeTax": "1014000000", "incomeTaxExpense": "216000000", "interestAndDebtExpense": "None", "netIncomeFromContinuingOperations": "798000000", "comprehensiveIncomeNetOfTax": "None", "ebit": "1131000000", "ebitda": "1779000000", "netIncome": "799000000"}, {"fiscalDateEnding": "2018-10-31", "reportedCurrency": "USD", "grossProfit": "5286000000", "totalRevenue": "17821000000", "costOfRevenue": "12535000000", "costofGoodsAndServicesSold": "12535000000", "operatingIncome": "819000000", "sellingGeneralAndAdministrative": "3937000000", "researchAndDevelopment": "None", "operatingExpenses": "4467000000", "investmentIncomeNet": "None", "netInterestIncome": "None", "interestIncome": "None", "interestExpense": "115000000", "nonInterestIncome": "None", "otherNonOperatingIncome": "9000000", "depreciation": "None", "depreciationAndAmortization": "592000000", "incomeBeforeTax": "713000000", "incomeTaxExpense": "97000000", "interestAndDebtExpense": "None", "netIncomeFromContinuingOperations": "616000000", "comprehensiveIncomeNetOfTax": "None", "ebit": "826000000", "ebitda": "1418000000", "netIncome": "622000000"}, {"fiscalDateEnding": "2018-07-31", "reportedCurrency": "USD", "grossProfit": "5537000000", "totalRevenue": "17776000000", "costOfRevenue": "12239000000", "costofGoodsAndServicesSold": "12239000000", "operatingIncome": "1133000000", "sellingGeneralAndAdministrative": "3865000000", "researchAndDevelopment": "None", "operatingExpenses": "4404000000", "investmentIncomeNet": "None", "netInterestIncome": "None", "interestIncome": "None", "interestExpense": "115000000", "nonInterestIncome": "None", "otherNonOperatingIncome": "4000000", "depreciation": "None", "depreciationAndAmortization": "603000000", "incomeBeforeTax": "1022000000", "incomeTaxExpense": "223000000", "interestAndDebtExpense": "None", "netIncomeFromContinuingOperations": "799000000", "comprehensiveIncomeNetOfTax": "None", "ebit": "1216000000", "ebitda": "1819000000", "netIncome": "799000000"}, {"fiscalDateEnding": "2018-04-30", "reportedCurrency": "USD", "grossProfit": "5156000000", "totalRevenue": "16781000000", "costOfRevenue": "11625000000", "costofGoodsAndServicesSold": "11625000000", "operatingIncome": "1041000000", "sellingGeneralAndAdministrative": "3545000000", "researchAndDevelopment": "None", "operatingExpenses": "4115000000", "investmentIncomeNet": "None", "netInterestIncome": "None", "interestIncome": "None", "interestExpense": "121000000", "nonInterestIncome": "None", "otherNonOperatingIncome": "7000000", "depreciation": "None", "depreciationAndAmortization": "631000000", "incomeBeforeTax": "927000000", "incomeTaxExpense": "210000000", "interestAndDebtExpense": "None", "netIncomeFromContinuingOperations": "717000000", "comprehensiveIncomeNetOfTax": "None", "ebit": "1048000000", "ebitda": "1679000000", "netIncome": "718000000"}, {"fiscalDateEnding": "2018-01-31", "reportedCurrency": "USD", "grossProfit": "5971000000", "totalRevenue": "22766000000", "costOfRevenue": "16795000000", "costofGoodsAndServicesSold": "16795000000", "operatingIncome": "1152000000", "sellingGeneralAndAdministrative": "4363000000", "researchAndDevelopment": "None", "operatingExpenses": "4819000000", "investmentIncomeNet": "None", "netInterestIncome": "None", "interestIncome": "None", "interestExpense": "134000000", "nonInterestIncome": "None", "otherNonOperatingIncome": "None", "depreciation": "None", "depreciationAndAmortization": "598000000", "incomeBeforeTax": "1018000000", "incomeTaxExpense": "-84000000", "interestAndDebtExpense": "None", "netIncomeFromContinuingOperations": "1102000000", "comprehensiveIncomeNetOfTax": "None", "ebit": "1152000000", "ebitda": "1750000000", "netIncome": "1101000000"}, {"fiscalDateEnding": "2017-10-31", "reportedCurrency": "USD", "grossProfit": "4955000000", "totalRevenue": "16667000000", "costOfRevenue": "11712000000", "costofGoodsAndServicesSold": "11712000000", "operatingIncome": "869000000", "sellingGeneralAndAdministrative": "3733000000", "researchAndDevelopment": "None", "operatingExpenses": "4086000000", "investmentIncomeNet": "None", "netInterestIncome": "None", "interestIncome": "None", "interestExpense": "254000000", "nonInterestIncome": "None", "otherNonOperatingIncome": "None", "depreciation": "None", "depreciationAndAmortization": "633000000", "incomeBeforeTax": "615000000", "incomeTaxExpense": "137000000", "interestAndDebtExpense": "None", "netIncomeFromContinuingOperations": "478000000", "comprehensiveIncomeNetOfTax": "None", "ebit": "873000000", "ebitda": "1506000000", "netIncome": "480000000"}, {"fiscalDateEnding": "2017-07-31", "reportedCurrency": "USD", "grossProfit": "5010000000", "totalRevenue": "16429000000", "costOfRevenue": "11419000000", "costofGoodsAndServicesSold": "11419000000", "operatingIncome": "1114000000", "sellingGeneralAndAdministrative": "3601000000", "researchAndDevelopment": "None", "operatingExpenses": "3896000000", "investmentIncomeNet": "None", "netInterestIncome": "None", "interestIncome": "None", "interestExpense": "135000000", "nonInterestIncome": "None", "otherNonOperatingIncome": "None", "depreciation": "None", "depreciationAndAmortization": "578000000", "incomeBeforeTax": "979000000", "incomeTaxExpense": "308000000", "interestAndDebtExpense": "None", "netIncomeFromContinuingOperations": "671000000", "comprehensiveIncomeNetOfTax": "None", "ebit": "1117000000", "ebitda": "1695000000", "netIncome": "672000000"}, {"fiscalDateEnding": "2017-04-30", "reportedCurrency": "USD", "grossProfit": "4883000000", "totalRevenue": "16017000000", "costOfRevenue": "11134000000", "costofGoodsAndServicesSold": "11134000000", "operatingIncome": "1178000000", "sellingGeneralAndAdministrative": "3353000000", "researchAndDevelopment": "None", "operatingExpenses": "3705000000", "investmentIncomeNet": "None", "netInterestIncome": "None", "interestIncome": "None", "interestExpense": "144000000", "nonInterestIncome": "None", "otherNonOperatingIncome": "None", "depreciation": "None", "depreciationAndAmortization": "573000000", "incomeBeforeTax": "1034000000", "incomeTaxExpense": "357000000", "interestAndDebtExpense": "None", "netIncomeFromContinuingOperations": "677000000", "comprehensiveIncomeNetOfTax": "None", "ebit": "1178000000", "ebitda": "1751000000", "netIncome": "681000000"}, {"fiscalDateEnding": "2017-01-31", "reportedCurrency": "USD", "grossProfit": "5574000000", "totalRevenue": "20690000000", "costOfRevenue": "15116000000", "costofGoodsAndServicesSold": "15116000000", "operatingIncome": "1348000000", "sellingGeneralAndAdministrative": "4470000000", "researchAndDevelopment": "None", "operatingExpenses": "4226000000", "investmentIncomeNet": "None", "netInterestIncome": "None", "interestIncome": "None", "interestExpense": "140000000", "nonInterestIncome": "None", "otherNonOperatingIncome": "None", "depreciation": "None", "depreciationAndAmortization": "612000000", "incomeBeforeTax": "1208000000", "incomeTaxExpense": "387000000", "interestAndDebtExpense": "None", "netIncomeFromContinuingOperations": "822000000", "comprehensiveIncomeNetOfTax": "None", "ebit": "1348000000", "ebitda": "1960000000", "netIncome": "817000000"}, {"fiscalDateEnding": "2016-10-31", "reportedCurrency": "USD", "grossProfit": "4970000000", "totalRevenue": "16441000000", "costOfRevenue": "11471000000", "costofGoodsAndServicesSold": "11471000000", "operatingIncome": "1061000000", "sellingGeneralAndAdministrative": "3330000000", "researchAndDevelopment": "None", "operatingExpenses": "3909000000", "investmentIncomeNet": "None", "netInterestIncome": "None", "interestIncome": "None", "interestExpense": "142000000", "nonInterestIncome": "None", "otherNonOperatingIncome": "None", "depreciation": "None", "depreciationAndAmortization": "570000000", "incomeBeforeTax": "919000000", "incomeTaxExpense": "311000000", "interestAndDebtExpense": "None", "netIncomeFromContinuingOperations": "608000000", "comprehensiveIncomeNetOfTax": "None", "ebit": "1061000000", "ebitda": "1631000000", "netIncome": "608000000"}, {"fiscalDateEnding": "2016-07-31", "reportedCurrency": "USD", "grossProfit": "5067000000", "totalRevenue": "16169000000", "costOfRevenue": "11102000000", "costofGoodsAndServicesSold": "11102000000", "operatingIncome": "1248000000", "sellingGeneralAndAdministrative": "3222000000", "researchAndDevelopment": "None", "operatingExpenses": "3819000000", "investmentIncomeNet": "None", "netInterestIncome": "None", "interestIncome": "None", "interestExpense": "307000000", "nonInterestIncome": "None", "otherNonOperatingIncome": "None", "depreciation": "None", "depreciationAndAmortization": "570000000", "incomeBeforeTax": "941000000", "incomeTaxExpense": "316000000", "interestAndDebtExpense": "None", "netIncomeFromContinuingOperations": "625000000", "comprehensiveIncomeNetOfTax": "None", "ebit": "1078000000", "ebitda": "1648000000", "netIncome": "680000000"}, {"fiscalDateEnding": "2016-04-30", "reportedCurrency": "USD", "grossProfit": "5011000000", "totalRevenue": "16196000000", "costOfRevenue": "11185000000", "costofGoodsAndServicesSold": "11185000000", "operatingIncome": "1312000000", "sellingGeneralAndAdministrative": "3153000000", "researchAndDevelopment": "None", "operatingExpenses": "3699000000", "investmentIncomeNet": "None", "netInterestIncome": "None", "interestIncome": "None", "interestExpense": "415000000", "nonInterestIncome": "None", "otherNonOperatingIncome": "None", "depreciation": "None", "depreciationAndAmortization": "546000000", "incomeBeforeTax": "897000000", "incomeTaxExpense": "283000000", "interestAndDebtExpense": "None", "netIncomeFromContinuingOperations": "614000000", "comprehensiveIncomeNetOfTax": "None", "ebit": "1312000000", "ebitda": "1858000000", "netIncome": "632000000"}, {"fiscalDateEnding": "2016-01-31", "reportedCurrency": "USD", "grossProfit": "6032000000", "totalRevenue": "21626000000", "costOfRevenue": "15594000000", "costofGoodsAndServicesSold": "15594000000", "operatingIncome": "1549000000", "sellingGeneralAndAdministrative": "3921000000", "researchAndDevelopment": "None", "operatingExpenses": "4483000000", "investmentIncomeNet": "None", "netInterestIncome": "None", "interestIncome": "None", "interestExpense": "152000000", "nonInterestIncome": "None", "otherNonOperatingIncome": "None", "depreciation": "None", "depreciationAndAmortization": "562000000", "incomeBeforeTax": "2017000000", "incomeTaxExpense": "596000000", "interestAndDebtExpense": "None", "netIncomeFromContinuingOperations": "None", "comprehensiveIncomeNetOfTax": "None", "ebit": "1523000000", "ebitda": "2085000000", "netIncome": "1426000000"}, {"fiscalDateEnding": "2015-10-31", "reportedCurrency": "USD", "grossProfit": "5173000000", "totalRevenue": "17613000000", "costOfRevenue": "12440000000", "costofGoodsAndServicesSold": "12440000000", "operatingIncome": "876000000", "sellingGeneralAndAdministrative": "3736000000", "researchAndDevelopment": "None", "operatingExpenses": "4297000000", "investmentIncomeNet": "None", "netInterestIncome": "None", "interestIncome": "None", "interestExpense": "151000000", "nonInterestIncome": "None", "otherNonOperatingIncome": "None", "depreciation": "None", "depreciationAndAmortization": "561000000", "incomeBeforeTax": "725000000", "incomeTaxExpense": "249000000", "interestAndDebtExpense": "None", "netIncomeFromContinuingOperations": "None", "comprehensiveIncomeNetOfTax": "None", "ebit": "876000000", "ebitda": "1437000000", "netIncome": "549000000"}, {"fiscalDateEnding": "2015-07-31", "reportedCurrency": "USD", "grossProfit": "5376000000", "totalRevenue": "17427000000", "costOfRevenue": "12051000000", "costofGoodsAndServicesSold": "12051000000", "operatingIncome": "1330000000", "sellingGeneralAndAdministrative": "3495000000", "researchAndDevelopment": "None", "operatingExpenses": "4046000000", "investmentIncomeNet": "None", "netInterestIncome": "None", "interestIncome": "None", "interestExpense": "148000000", "nonInterestIncome": "None", "otherNonOperatingIncome": "None", "depreciation": "None", "depreciationAndAmortization": "550000000", "incomeBeforeTax": "1182000000", "incomeTaxExpense": "409000000", "interestAndDebtExpense": "None", "netIncomeFromContinuingOperations": "773000000", "comprehensiveIncomeNetOfTax": "None", "ebit": "1331000000", "ebitda": "1881000000", "netIncome": "753000000"}, {"fiscalDateEnding": "2015-04-30", "reportedCurrency": "USD", "grossProfit": "5208000000", "totalRevenue": "17119000000", "costOfRevenue": "11911000000", "costofGoodsAndServicesSold": "11911000000", "operatingIncome": "1154000000", "sellingGeneralAndAdministrative": "3514000000", "researchAndDevelopment": "None", "operatingExpenses": "4054000000", "investmentIncomeNet": "None", "netInterestIncome": "None", "interestIncome": "None", "interestExpense": "155000000", "nonInterestIncome": "None", "otherNonOperatingIncome": "None", "depreciation": "None", "depreciationAndAmortization": "540000000", "incomeBeforeTax": "999000000", "incomeTaxExpense": "348000000", "interestAndDebtExpense": "None", "netIncomeFromContinuingOperations": "651000000", "comprehensiveIncomeNetOfTax": "None", "ebit": "1154000000", "ebitda": "1694000000", "netIncome": "635000000"}, {"fiscalDateEnding": "2015-01-31", "reportedCurrency": "USD", "grossProfit": "6188000000", "totalRevenue": "21751000000", "costOfRevenue": "15563000000", "costofGoodsAndServicesSold": "15563000000", "operatingIncome": "2228000000", "sellingGeneralAndAdministrative": "3373000000", "researchAndDevelopment": "None", "operatingExpenses": "4603000000", "investmentIncomeNet": "None", "netInterestIncome": "None", "interestIncome": "None", "interestExpense": "151000000", "nonInterestIncome": "None", "otherNonOperatingIncome": "None", "depreciation": "None", "depreciationAndAmortization": "338000000", "incomeBeforeTax": "1434000000", "incomeTaxExpense": "474000000", "interestAndDebtExpense": "None", "netIncomeFromContinuingOperations": "None", "comprehensiveIncomeNetOfTax": "None", "ebit": "2228000000", "ebitda": "2566000000", "netIncome": "-2640000000"}, {"fiscalDateEnding": "2014-10-31", "reportedCurrency": "USD", "grossProfit": "5177000000", "totalRevenue": "17732000000", "costOfRevenue": "12555000000", "costofGoodsAndServicesSold": "12555000000", "operatingIncome": "677000000", "sellingGeneralAndAdministrative": "3644000000", "researchAndDevelopment": "None", "operatingExpenses": "4500000000", "investmentIncomeNet": "None", "netInterestIncome": "None", "interestIncome": "None", "interestExpense": "165000000", "nonInterestIncome": "None", "otherNonOperatingIncome": "None", "depreciation": "None", "depreciationAndAmortization": "605000000", "incomeBeforeTax": "512000000", "incomeTaxExpense": "160000000", "interestAndDebtExpense": "None", "netIncomeFromContinuingOperations": "352000000", "comprehensiveIncomeNetOfTax": "None", "ebit": "678000000", "ebitda": "1283000000", "netIncome": "352000000"}, {"fiscalDateEnding": "2014-07-31", "reportedCurrency": "USD", "grossProfit": "5241000000", "totalRevenue": "17406000000", "costOfRevenue": "12165000000", "costofGoodsAndServicesSold": "12165000000", "operatingIncome": "819000000", "sellingGeneralAndAdministrative": "3599000000", "researchAndDevelopment": "None", "operatingExpenses": "4422000000", "investmentIncomeNet": "None", "netInterestIncome": "None", "interestIncome": "None", "interestExpense": "453000000", "nonInterestIncome": "None", "otherNonOperatingIncome": "None", "depreciation": "None", "depreciationAndAmortization": "607000000", "incomeBeforeTax": "366000000", "incomeTaxExpense": "132000000", "interestAndDebtExpense": "None", "netIncomeFromContinuingOperations": "None", "comprehensiveIncomeNetOfTax": "None", "ebit": "819000000", "ebitda": "1426000000", "netIncome": "234000000"}, {"fiscalDateEnding": "2014-04-30", "reportedCurrency": "USD", "grossProfit": "4983000000", "totalRevenue": "17050000000", "costOfRevenue": "12067000000", "costofGoodsAndServicesSold": "12067000000", "operatingIncome": "811000000", "sellingGeneralAndAdministrative": "3376000000", "researchAndDevelopment": "None", "operatingExpenses": "4172000000", "investmentIncomeNet": "None", "netInterestIncome": "None", "interestIncome": "None", "interestExpense": "170000000", "nonInterestIncome": "None", "otherNonOperatingIncome": "None", "depreciation": "None", "depreciationAndAmortization": "579000000", "incomeBeforeTax": "641000000", "incomeTaxExpense": "223000000", "interestAndDebtExpense": "None", "netIncomeFromContinuingOperations": "418000000", "comprehensiveIncomeNetOfTax": "None", "ebit": "811000000", "ebitda": "1390000000", "netIncome": "418000000"}, {"fiscalDateEnding": "2014-01-31", "reportedCurrency": "USD", "grossProfit": "5797000000", "totalRevenue": "21516000000", "costOfRevenue": "15719000000", "costofGoodsAndServicesSold": "15719000000", "operatingIncome": "986000000", "sellingGeneralAndAdministrative": "3946000000", "researchAndDevelopment": "None", "operatingExpenses": "4811000000", "investmentIncomeNet": "None", "netInterestIncome": "None", "interestIncome": "None", "interestExpense": "161000000", "nonInterestIncome": "None", "otherNonOperatingIncome": "None", "depreciation": "None", "depreciationAndAmortization": "575000000", "incomeBeforeTax": "825000000", "incomeTaxExpense": "305000000", "interestAndDebtExpense": "None", "netIncomeFromContinuingOperations": "None", "comprehensiveIncomeNetOfTax": "None", "ebit": "986000000", "ebitda": "1561000000", "netIncome": "520000000"}, {"fiscalDateEnding": "2013-10-31", "reportedCurrency": "USD", "grossProfit": "5125000000", "totalRevenue": "17258000000", "costOfRevenue": "12133000000", "costofGoodsAndServicesSold": "12133000000", "operatingIncome": "703000000", "sellingGeneralAndAdministrative": "3231000000", "researchAndDevelopment": "None", "operatingExpenses": "4422000000", "investmentIncomeNet": "None", "netInterestIncome": "None", "interestIncome": "None", "interestExpense": "165000000", "nonInterestIncome": "None", "otherNonOperatingIncome": "None", "depreciation": "None", "depreciationAndAmortization": "569000000", "incomeBeforeTax": "538000000", "incomeTaxExpense": "197000000", "interestAndDebtExpense": "None", "netIncomeFromContinuingOperations": "341000000", "comprehensiveIncomeNetOfTax": "None", "ebit": "703000000", "ebitda": "1272000000", "netIncome": "341000000"}, {"fiscalDateEnding": "2013-07-31", "reportedCurrency": "USD", "grossProfit": "5372000000", "totalRevenue": "17117000000", "costOfRevenue": "11745000000", "costofGoodsAndServicesSold": "11745000000", "operatingIncome": "1132000000", "sellingGeneralAndAdministrative": "3698000000", "researchAndDevelopment": "None", "operatingExpenses": "4240000000", "investmentIncomeNet": "None", "netInterestIncome": "None", "interestIncome": "None", "interestExpense": "171000000", "nonInterestIncome": "None", "otherNonOperatingIncome": "None", "depreciation": "None", "depreciationAndAmortization": "543000000", "incomeBeforeTax": "961000000", "incomeTaxExpense": "350000000", "interestAndDebtExpense": "None", "netIncomeFromContinuingOperations": "611000000", "comprehensiveIncomeNetOfTax": "None", "ebit": "1132000000", "ebitda": "1675000000", "netIncome": "611000000"}, {"fiscalDateEnding": "2013-04-30", "reportedCurrency": "USD", "grossProfit": "5143000000", "totalRevenue": "16706000000", "costOfRevenue": "11563000000", "costofGoodsAndServicesSold": "11563000000", "operatingIncome": "1017000000", "sellingGeneralAndAdministrative": "3590000000", "researchAndDevelopment": "None", "operatingExpenses": "4126000000", "investmentIncomeNet": "None", "netInterestIncome": "None", "interestIncome": "None", "interestExpense": "629000000", "nonInterestIncome": "None", "otherNonOperatingIncome": "None", "depreciation": "None", "depreciationAndAmortization": "536000000", "incomeBeforeTax": "779000000", "incomeTaxExpense": "281000000", "interestAndDebtExpense": "None", "netIncomeFromContinuingOperations": "498000000", "comprehensiveIncomeNetOfTax": "None", "ebit": "1408000000", "ebitda": "1944000000", "netIncome": "498000000"}, {"fiscalDateEnding": "2013-01-31", "reportedCurrency": "USD", "grossProfit": "6431000000", "totalRevenue": "22726000000", "costOfRevenue": "16295000000", "costofGoodsAndServicesSold": "16295000000", "operatingIncome": "1663000000", "sellingGeneralAndAdministrative": "4229000000", "researchAndDevelopment": "None", "operatingExpenses": "4768000000", "investmentIncomeNet": "None", "netInterestIncome": "None", "interestIncome": "None", "interestExpense": "204000000", "nonInterestIncome": "None", "otherNonOperatingIncome": "None", "depreciation": "None", "depreciationAndAmortization": "539000000", "incomeBeforeTax": "1464000000", "incomeTaxExpense": "503000000", "interestAndDebtExpense": "None", "netIncomeFromContinuingOperations": "961000000", "comprehensiveIncomeNetOfTax": "None", "ebit": "1668000000", "ebitda": "2207000000", "netIncome": "961000000"}, {"fiscalDateEnding": "2012-10-31", "reportedCurrency": "USD", "grossProfit": "5254000000", "totalRevenue": "16929000000", "costOfRevenue": "11675000000", "costofGoodsAndServicesSold": "11675000000", "operatingIncome": "1008000000", "sellingGeneralAndAdministrative": "3704000000", "researchAndDevelopment": "None", "operatingExpenses": "4246000000", "investmentIncomeNet": "None", "netInterestIncome": "None", "interestIncome": "None", "interestExpense": "192000000", "nonInterestIncome": "None", "otherNonOperatingIncome": "None", "depreciation": "None", "depreciationAndAmortization": "543000000", "incomeBeforeTax": "972000000", "incomeTaxExpense": "335000000", "interestAndDebtExpense": "None", "netIncomeFromContinuingOperations": "637000000", "comprehensiveIncomeNetOfTax": "None", "ebit": "1164000000", "ebitda": "1707000000", "netIncome": "637000000"}, {"fiscalDateEnding": "2012-07-31", "reportedCurrency": "USD", "grossProfit": "5482000000", "totalRevenue": "16779000000", "costOfRevenue": "11297000000", "costofGoodsAndServicesSold": "11297000000", "operatingIncome": "1255000000", "sellingGeneralAndAdministrative": "3588000000", "researchAndDevelopment": "None", "operatingExpenses": "4227000000", "investmentIncomeNet": "None", "netInterestIncome": "None", "interestIncome": "None", "interestExpense": "184000000", "nonInterestIncome": "None", "otherNonOperatingIncome": "None", "depreciation": "None", "depreciationAndAmortization": "531000000", "incomeBeforeTax": "1071000000", "incomeTaxExpense": "367000000", "interestAndDebtExpense": "None", "netIncomeFromContinuingOperations": "704000000", "comprehensiveIncomeNetOfTax": "None", "ebit": "1255000000", "ebitda": "1786000000", "netIncome": "704000000"}, {"fiscalDateEnding": "2012-04-30", "reportedCurrency": "USD", "grossProfit": "5206000000", "totalRevenue": "16867000000", "costOfRevenue": "11661000000", "costofGoodsAndServicesSold": "11661000000", "operatingIncome": "1285000000", "sellingGeneralAndAdministrative": "3392000000", "researchAndDevelopment": "None", "operatingExpenses": "3921000000", "investmentIncomeNet": "None", "netInterestIncome": "None", "interestIncome": "None", "interestExpense": "184000000", "nonInterestIncome": "None", "otherNonOperatingIncome": "None", "depreciation": "None", "depreciationAndAmortization": "529000000", "incomeBeforeTax": "1101000000", "incomeTaxExpense": "404000000", "interestAndDebtExpense": "None", "netIncomeFromContinuingOperations": "697000000", "comprehensiveIncomeNetOfTax": "None", "ebit": "1285000000", "ebitda": "1814000000", "netIncome": "697000000"}, {"fiscalDateEnding": "2012-01-31", "reportedCurrency": "USD", "grossProfit": "6139000000", "totalRevenue": "21288000000", "costOfRevenue": "15149000000", "costofGoodsAndServicesSold": "15149000000", "operatingIncome": "1700000000", "sellingGeneralAndAdministrative": "3876000000", "researchAndDevelopment": "None", "operatingExpenses": "4439000000", "investmentIncomeNet": "None", "netInterestIncome": "None", "interestIncome": "None", "interestExpense": "292000000", "nonInterestIncome": "None", "otherNonOperatingIncome": "None", "depreciation": "None", "depreciationAndAmortization": "563000000", "incomeBeforeTax": "1408000000", "incomeTaxExpense": "427000000", "interestAndDebtExpense": "None", "netIncomeFromContinuingOperations": "981000000", "comprehensiveIncomeNetOfTax": "None", "ebit": "1700000000", "ebitda": "2263000000", "netIncome": "981000000"}, {"fiscalDateEnding": "2011-10-31", "reportedCurrency": "USD", "grossProfit": "5128000000", "totalRevenue": "16402000000", "costOfRevenue": "11274000000", "costofGoodsAndServicesSold": "11274000000", "operatingIncome": "1057000000", "sellingGeneralAndAdministrative": "3525000000", "researchAndDevelopment": "None", "operatingExpenses": "4071000000", "investmentIncomeNet": "None", "netInterestIncome": "None", "interestIncome": "None", "interestExpense": "202000000", "nonInterestIncome": "None", "otherNonOperatingIncome": "None", "depreciation": "None", "depreciationAndAmortization": "546000000", "incomeBeforeTax": "857000000", "incomeTaxExpense": "302000000", "interestAndDebtExpense": "None", "netIncomeFromContinuingOperations": "555000000", "comprehensiveIncomeNetOfTax": "None", "ebit": "1057000000", "ebitda": "1603000000", "netIncome": "555000000"}, {"fiscalDateEnding": "2011-07-31", "reportedCurrency": "USD", "grossProfit": "5282000000", "totalRevenue": "16240000000", "costOfRevenue": "10958000000", "costofGoodsAndServicesSold": "10958000000", "operatingIncome": "1300000000", "sellingGeneralAndAdministrative": "3472000000", "researchAndDevelopment": "None", "operatingExpenses": "3982000000", "investmentIncomeNet": "None", "netInterestIncome": "None", "interestIncome": "None", "interestExpense": "192000000", "nonInterestIncome": "None", "otherNonOperatingIncome": "None", "depreciation": "None", "depreciationAndAmortization": "510000000", "incomeBeforeTax": "1109000000", "incomeTaxExpense": "405000000", "interestAndDebtExpense": "None", "netIncomeFromContinuingOperations": "704000000", "comprehensiveIncomeNetOfTax": "None", "ebit": "1300000000", "ebitda": "1810000000", "netIncome": "704000000"}, {"fiscalDateEnding": "2011-04-30", "reportedCurrency": "USD", "grossProfit": "5009000000", "totalRevenue": "15935000000", "costOfRevenue": "10926000000", "costofGoodsAndServicesSold": "10926000000", "operatingIncome": "1264000000", "sellingGeneralAndAdministrative": "3233000000", "researchAndDevelopment": "None", "operatingExpenses": "3745000000", "investmentIncomeNet": "None", "netInterestIncome": "None", "interestIncome": "None", "interestExpense": "183000000", "nonInterestIncome": "None", "otherNonOperatingIncome": "None", "depreciation": "None", "depreciationAndAmortization": "512000000", "incomeBeforeTax": "1081000000", "incomeTaxExpense": "392000000", "interestAndDebtExpense": "None", "netIncomeFromContinuingOperations": "689000000", "comprehensiveIncomeNetOfTax": "None", "ebit": "1264000000", "ebitda": "1776000000", "netIncome": "689000000"}, {"fiscalDateEnding": "2011-01-31", "reportedCurrency": "USD", "grossProfit": "6036000000", "totalRevenue": "20661000000", "costOfRevenue": "14625000000", "costofGoodsAndServicesSold": "14625000000", "operatingIncome": "1777000000", "sellingGeneralAndAdministrative": "3720000000", "researchAndDevelopment": "None", "operatingExpenses": "4259000000", "investmentIncomeNet": "None", "netInterestIncome": "None", "interestIncome": "None", "interestExpense": "193000000", "nonInterestIncome": "None", "otherNonOperatingIncome": "None", "depreciation": "None", "depreciationAndAmortization": "539000000", "incomeBeforeTax": "1587000000", "incomeTaxExpense": "552000000", "interestAndDebtExpense": "None", "netIncomeFromContinuingOperations": "None", "comprehensiveIncomeNetOfTax": "None", "ebit": "1780000000", "ebitda": "2319000000", "netIncome": "1035000000"}, {"fiscalDateEnding": "2010-10-31", "reportedCurrency": "USD", "grossProfit": "4845000000", "totalRevenue": "15605000000", "costOfRevenue": "10760000000", "costofGoodsAndServicesSold": "10760000000", "operatingIncome": "967000000", "sellingGeneralAndAdministrative": "3345000000", "researchAndDevelopment": "None", "operatingExpenses": "3878000000", "investmentIncomeNet": "None", "netInterestIncome": "None", "interestIncome": "None", "interestExpense": "195000000", "nonInterestIncome": "None", "otherNonOperatingIncome": "None", "depreciation": "None", "depreciationAndAmortization": "533000000", "incomeBeforeTax": "773000000", "incomeTaxExpense": "238000000", "interestAndDebtExpense": "None", "netIncomeFromContinuingOperations": "None", "comprehensiveIncomeNetOfTax": "None", "ebit": "968000000", "ebitda": "1501000000", "netIncome": "535000000"}, {"fiscalDateEnding": "2010-07-31", "reportedCurrency": "USD", "grossProfit": "5025000000", "totalRevenue": "15532000000", "costOfRevenue": "10507000000", "costofGoodsAndServicesSold": "10507000000", "operatingIncome": "1266000000", "sellingGeneralAndAdministrative": "3263000000", "researchAndDevelopment": "None", "operatingExpenses": "3759000000", "investmentIncomeNet": "None", "netInterestIncome": "None", "interestIncome": "None", "interestExpense": "186000000", "nonInterestIncome": "None", "otherNonOperatingIncome": "None", "depreciation": "None", "depreciationAndAmortization": "496000000", "incomeBeforeTax": "1081000000", "incomeTaxExpense": "402000000", "interestAndDebtExpense": "None", "netIncomeFromContinuingOperations": "None", "comprehensiveIncomeNetOfTax": "None", "ebit": "1267000000", "ebitda": "1763000000", "netIncome": "679000000"}, {"fiscalDateEnding": "2010-04-30", "reportedCurrency": "USD", "grossProfit": "4901000000", "totalRevenue": "15593000000", "costOfRevenue": "10692000000", "costofGoodsAndServicesSold": "10692000000", "operatingIncome": "1242000000", "sellingGeneralAndAdministrative": "3143000000", "researchAndDevelopment": "None", "operatingExpenses": "3659000000", "investmentIncomeNet": "None", "netInterestIncome": "None", "interestIncome": "None", "interestExpense": "188000000", "nonInterestIncome": "None", "otherNonOperatingIncome": "None", "depreciation": "None", "depreciationAndAmortization": "516000000", "incomeBeforeTax": "1055000000", "incomeTaxExpense": "384000000", "interestAndDebtExpense": "None", "netIncomeFromContinuingOperations": "None", "comprehensiveIncomeNetOfTax": "None", "ebit": "1243000000", "ebitda": "1759000000", "netIncome": "671000000"}, {"fiscalDateEnding": "2010-01-31", "reportedCurrency": "USD", "grossProfit": "5831000000", "totalRevenue": "20181000000", "costOfRevenue": "14350000000", "costofGoodsAndServicesSold": "14350000000", "operatingIncome": "1622000000", "sellingGeneralAndAdministrative": "3673000000", "researchAndDevelopment": "None", "operatingExpenses": "4209000000", "investmentIncomeNet": "None", "netInterestIncome": "None", "interestIncome": "None", "interestExpense": "213000000", "nonInterestIncome": "None", "otherNonOperatingIncome": "None", "depreciation": "None", "depreciationAndAmortization": "536000000", "incomeBeforeTax": "1409000000", "incomeTaxExpense": "473000000", "interestAndDebtExpense": "None", "netIncomeFromContinuingOperations": "None", "comprehensiveIncomeNetOfTax": "None", "ebit": "1622000000", "ebitda": "2158000000", "netIncome": "936000000"}, {"fiscalDateEnding": "2009-10-31", "reportedCurrency": "USD", "grossProfit": "4666000000", "totalRevenue": "15276000000", "costOfRevenue": "10610000000", "costofGoodsAndServicesSold": "10610000000", "operatingIncome": "874000000", "sellingGeneralAndAdministrative": "3255000000", "researchAndDevelopment": "None", "operatingExpenses": "3792000000", "investmentIncomeNet": "None", "netInterestIncome": "None", "interestIncome": "None", "interestExpense": "191000000", "nonInterestIncome": "None", "otherNonOperatingIncome": "None", "depreciation": "None", "depreciationAndAmortization": "537000000", "incomeBeforeTax": "683000000", "incomeTaxExpense": "247000000", "interestAndDebtExpense": "None", "netIncomeFromContinuingOperations": "None", "comprehensiveIncomeNetOfTax": "None", "ebit": "874000000", "ebitda": "1411000000", "netIncome": "436000000"}, {"fiscalDateEnding": "2009-07-31", "reportedCurrency": "USD", "grossProfit": "4765000000", "totalRevenue": "15067000000", "costOfRevenue": "10302000000", "costofGoodsAndServicesSold": "10302000000", "operatingIncome": "1151000000", "sellingGeneralAndAdministrative": "3136000000", "researchAndDevelopment": "None", "operatingExpenses": "3614000000", "investmentIncomeNet": "None", "netInterestIncome": "None", "interestIncome": "None", "interestExpense": "195000000", "nonInterestIncome": "None", "otherNonOperatingIncome": "None", "depreciation": "None", "depreciationAndAmortization": "478000000", "incomeBeforeTax": "957000000", "incomeTaxExpense": "363000000", "interestAndDebtExpense": "None", "netIncomeFromContinuingOperations": "None", "comprehensiveIncomeNetOfTax": "None", "ebit": "1152000000", "ebitda": "1630000000", "netIncome": "594000000"}, {"fiscalDateEnding": "2009-04-30", "reportedCurrency": "USD", "grossProfit": "4513000000", "totalRevenue": "14833000000", "costOfRevenue": "10320000000", "costofGoodsAndServicesSold": "10320000000", "operatingIncome": "1026000000", "sellingGeneralAndAdministrative": "3015000000", "researchAndDevelopment": "None", "operatingExpenses": "3487000000", "investmentIncomeNet": "None", "netInterestIncome": "None", "interestIncome": "None", "interestExpense": "203000000", "nonInterestIncome": "None", "otherNonOperatingIncome": "None", "depreciation": "None", "depreciationAndAmortization": "472000000", "incomeBeforeTax": "824000000", "incomeTaxExpense": "302000000", "interestAndDebtExpense": "None", "netIncomeFromContinuingOperations": "None", "comprehensiveIncomeNetOfTax": "None", "ebit": "1027000000", "ebitda": "1499000000", "netIncome": "522000000"}, {"fiscalDateEnding": "2009-01-31", "reportedCurrency": "USD", "grossProfit": "5735000000", "totalRevenue": "19560000000", "costOfRevenue": "13825000000", "costofGoodsAndServicesSold": "13825000000", "operatingIncome": "1157000000", "sellingGeneralAndAdministrative": "4104000000", "researchAndDevelopment": "None", "operatingExpenses": "4578000000", "investmentIncomeNet": "None", "netInterestIncome": "None", "interestIncome": "None", "interestExpense": "None", "nonInterestIncome": "None", "otherNonOperatingIncome": "None", "depreciation": "None", "depreciationAndAmortization": "474000000", "incomeBeforeTax": "943000000", "incomeTaxExpense": "334000000", "interestAndDebtExpense": "None", "netIncomeFromContinuingOperations": "None", "comprehensiveIncomeNetOfTax": "None", "ebit": "1157000000", "ebitda": "1631000000", "netIncome": "609000000"}, {"fiscalDateEnding": "2008-10-31", "reportedCurrency": "USD", "grossProfit": "4984000000", "totalRevenue": "15114000000", "costOfRevenue": "10130000000", "costofGoodsAndServicesSold": "10130000000", "operatingIncome": "867000000", "sellingGeneralAndAdministrative": "3245000000", "researchAndDevelopment": "None", "operatingExpenses": "4117000000", "investmentIncomeNet": "None", "netInterestIncome": "None", "interestIncome": "None", "interestExpense": "867000000", "nonInterestIncome": "None", "otherNonOperatingIncome": "None", "depreciation": "None", "depreciationAndAmortization": "468000000", "incomeBeforeTax": "633000000", "incomeTaxExpense": "264000000", "interestAndDebtExpense": "None", "netIncomeFromContinuingOperations": "None", "comprehensiveIncomeNetOfTax": "None", "ebit": "868000000", "ebitda": "1336000000", "netIncome": "369000000"}, {"fiscalDateEnding": "2008-07-31", "reportedCurrency": "USD", "grossProfit": "5168000000", "totalRevenue": "15472000000", "costOfRevenue": "10304000000", "costofGoodsAndServicesSold": "10304000000", "operatingIncome": "1220000000", "sellingGeneralAndAdministrative": "3153000000", "researchAndDevelopment": "None", "operatingExpenses": "3948000000", "investmentIncomeNet": "None", "netInterestIncome": "None", "interestIncome": "None", "interestExpense": "1220000000", "nonInterestIncome": "None", "otherNonOperatingIncome": "None", "depreciation": "None", "depreciationAndAmortization": "449000000", "incomeBeforeTax": "1003000000", "incomeTaxExpense": "369000000", "interestAndDebtExpense": "None", "netIncomeFromContinuingOperations": "None", "comprehensiveIncomeNetOfTax": "None", "ebit": "1220000000", "ebitda": "1669000000", "netIncome": "634000000"}, {"fiscalDateEnding": "2008-04-30", "reportedCurrency": "USD", "grossProfit": "4904000000", "totalRevenue": "14802000000", "costOfRevenue": "9898000000", "costofGoodsAndServicesSold": "9898000000", "operatingIncome": "1158000000", "sellingGeneralAndAdministrative": "3037000000", "researchAndDevelopment": "None", "operatingExpenses": "3746000000", "investmentIncomeNet": "None", "netInterestIncome": "None", "interestIncome": "None", "interestExpense": "1158000000", "nonInterestIncome": "None", "otherNonOperatingIncome": "None", "depreciation": "None", "depreciationAndAmortization": "435000000", "incomeBeforeTax": "957000000", "incomeTaxExpense": "355000000", "interestAndDebtExpense": "None", "netIncomeFromContinuingOperations": "None", "comprehensiveIncomeNetOfTax": "None", "ebit": "0", "ebitda": "435000000", "netIncome": "602000000"}, {"fiscalDateEnding": "2008-01-31", "reportedCurrency": "USD", "grossProfit": "6109000000", "totalRevenue": "19871000000", "costOfRevenue": "13762000000", "costofGoodsAndServicesSold": "13762000000", "operatingIncome": "1846000000", "sellingGeneralAndAdministrative": "3546000000", "researchAndDevelopment": "None", "operatingExpenses": "4263000000", "investmentIncomeNet": "None", "netInterestIncome": "None", "interestIncome": "None", "interestExpense": "1846000000", "nonInterestIncome": "None", "otherNonOperatingIncome": "None", "depreciation": "None", "depreciationAndAmortization": "434000000", "incomeBeforeTax": "1666000000", "incomeTaxExpense": "638000000", "interestAndDebtExpense": "None", "netIncomeFromContinuingOperations": "None", "comprehensiveIncomeNetOfTax": "None", "ebit": "1846000000", "ebitda": "2280000000", "netIncome": "1028000000"}, {"fiscalDateEnding": "2007-10-31", "reportedCurrency": "USD", "grossProfit": "4842000000", "totalRevenue": "14835000000", "costOfRevenue": "9993000000", "costofGoodsAndServicesSold": "9993000000", "operatingIncome": "958000000", "sellingGeneralAndAdministrative": "3191000000", "researchAndDevelopment": "None", "operatingExpenses": "3884000000", "investmentIncomeNet": "None", "netInterestIncome": "None", "interestIncome": "None", "interestExpense": "958000", "nonInterestIncome": "None", "otherNonOperatingIncome": "None", "depreciation": "None", "depreciationAndAmortization": "429000000", "incomeBeforeTax": "781000000", "incomeTaxExpense": "298000000", "interestAndDebtExpense": "None", "netIncomeFromContinuingOperations": "None", "comprehensiveIncomeNetOfTax": "None", "ebit": "958000000", "ebitda": "1387000000", "netIncome": "483000000"}, {"fiscalDateEnding": "2007-07-31", "reportedCurrency": "USD", "grossProfit": "4999000000", "totalRevenue": "14620000000", "costOfRevenue": "9621000000", "costofGoodsAndServicesSold": "9621000000", "operatingIncome": "1267000000", "sellingGeneralAndAdministrative": "3071000000", "researchAndDevelopment": "None", "operatingExpenses": "3732000000", "investmentIncomeNet": "None", "netInterestIncome": "None", "interestIncome": "None", "interestExpense": "1267000", "nonInterestIncome": "None", "otherNonOperatingIncome": "None", "depreciation": "None", "depreciationAndAmortization": "404000000", "incomeBeforeTax": "1113000000", "incomeTaxExpense": "427000000", "interestAndDebtExpense": "None", "netIncomeFromContinuingOperations": "None", "comprehensiveIncomeNetOfTax": "None", "ebit": "1267000000", "ebitda": "1671000000", "netIncome": "686000000"}, {"fiscalDateEnding": "2007-04-30", "reportedCurrency": "USD", "grossProfit": "4685000000", "totalRevenue": "14041000000", "costOfRevenue": "9356000000", "costofGoodsAndServicesSold": "9356000000", "operatingIncome": "1200000000", "sellingGeneralAndAdministrative": "2863000000", "researchAndDevelopment": "None", "operatingExpenses": "3485000000", "investmentIncomeNet": "None", "netInterestIncome": "None", "interestIncome": "None", "interestExpense": "1200000", "nonInterestIncome": "None", "otherNonOperatingIncome": "None", "depreciation": "None", "depreciationAndAmortization": "392000000", "incomeBeforeTax": "1064000000", "incomeTaxExpense": "413000000", "interestAndDebtExpense": "None", "netIncomeFromContinuingOperations": "None", "comprehensiveIncomeNetOfTax": "None", "ebit": "1200000000", "ebitda": "1592000000", "netIncome": "651000000"}, {"fiscalDateEnding": "2007-01-31", "reportedCurrency": "USD", "grossProfit": "6873000000", "totalRevenue": "19710000000", "costOfRevenue": "12837000000", "costofGoodsAndServicesSold": "12837000000", "operatingIncome": "1961000000", "sellingGeneralAndAdministrative": "3804000000", "researchAndDevelopment": "None", "operatingExpenses": "4912000000", "investmentIncomeNet": "None", "netInterestIncome": "None", "interestIncome": "None", "interestExpense": "1961000000", "nonInterestIncome": "None", "otherNonOperatingIncome": "None", "depreciation": "None", "depreciationAndAmortization": "402000000", "incomeBeforeTax": "1810000000", "incomeTaxExpense": "691000000", "interestAndDebtExpense": "None", "netIncomeFromContinuingOperations": "None", "comprehensiveIncomeNetOfTax": "None", "ebit": "1961000000", "ebitda": "2363000000", "netIncome": "1119000000"}, {"fiscalDateEnding": "2006-10-31", "reportedCurrency": "USD", "grossProfit": "4497000000", "totalRevenue": "13570000000", "costOfRevenue": "9073000000", "costofGoodsAndServicesSold": "9073000000", "operatingIncome": "957000000", "sellingGeneralAndAdministrative": "3151000000", "researchAndDevelopment": "None", "operatingExpenses": "3540000000", "investmentIncomeNet": "None", "netInterestIncome": "None", "interestIncome": "None", "interestExpense": "957000", "nonInterestIncome": "None", "otherNonOperatingIncome": "None", "depreciation": "None", "depreciationAndAmortization": "390000000", "incomeBeforeTax": "808000000", "incomeTaxExpense": "302000000", "interestAndDebtExpense": "None", "netIncomeFromContinuingOperations": "None", "comprehensiveIncomeNetOfTax": "None", "ebit": "957000000", "ebitda": "1347000000", "netIncome": "506000000"}, {"fiscalDateEnding": "2006-07-31", "reportedCurrency": "USD", "grossProfit": "4491000000", "totalRevenue": "13347000000", "costOfRevenue": "8856000000", "costofGoodsAndServicesSold": "8856000000", "operatingIncome": "1134000000", "sellingGeneralAndAdministrative": "2987000000", "researchAndDevelopment": "None", "operatingExpenses": "3357000000", "investmentIncomeNet": "None", "netInterestIncome": "None", "interestIncome": "None", "interestExpense": "1134000", "nonInterestIncome": "None", "otherNonOperatingIncome": "None", "depreciation": "None", "depreciationAndAmortization": "370000000", "incomeBeforeTax": "994000000", "incomeTaxExpense": "385000000", "interestAndDebtExpense": "None", "netIncomeFromContinuingOperations": "None", "comprehensiveIncomeNetOfTax": "None", "ebit": "1134000000", "ebitda": "1504000000", "netIncome": "609000000"}, {"fiscalDateEnding": "2006-04-30", "reportedCurrency": "USD", "grossProfit": "4230000000", "totalRevenue": "12863000000", "costOfRevenue": "8633000000", "costofGoodsAndServicesSold": "8633000000", "operatingIncome": "1017000000", "sellingGeneralAndAdministrative": "2879000000", "researchAndDevelopment": "None", "operatingExpenses": "3213000000", "investmentIncomeNet": "None", "netInterestIncome": "None", "interestIncome": "None", "interestExpense": "1017000", "nonInterestIncome": "None", "otherNonOperatingIncome": "None", "depreciation": "None", "depreciationAndAmortization": "334000000", "incomeBeforeTax": "886000000", "incomeTaxExpense": "332000000", "interestAndDebtExpense": "None", "netIncomeFromContinuingOperations": "None", "comprehensiveIncomeNetOfTax": "None", "ebit": "1017000000", "ebitda": "1351000000", "netIncome": "554000000"}, {"fiscalDateEnding": "2006-01-31", "reportedCurrency": "USD", "grossProfit": "5438000000", "totalRevenue": "16947000000", "costOfRevenue": "11509000000", "costofGoodsAndServicesSold": "11509000000", "operatingIncome": "1606000000", "sellingGeneralAndAdministrative": "3254000000", "researchAndDevelopment": "None", "operatingExpenses": "3832000000", "investmentIncomeNet": "None", "netInterestIncome": "None", "interestIncome": "None", "interestExpense": "1738000", "nonInterestIncome": "None", "otherNonOperatingIncome": "None", "depreciation": "None", "depreciationAndAmortization": "369000000", "incomeBeforeTax": "1482000000", "incomeTaxExpense": "543000000", "interestAndDebtExpense": "None", "netIncomeFromContinuingOperations": "None", "comprehensiveIncomeNetOfTax": "None", "ebit": "1606000000", "ebitda": "1975000000", "netIncome": "939000000"}, {"fiscalDateEnding": "2005-10-31", "reportedCurrency": "USD", "grossProfit": "4172000000", "totalRevenue": "12206000000", "costOfRevenue": "8034000000", "costofGoodsAndServicesSold": "8034000000", "operatingIncome": "831000000", "sellingGeneralAndAdministrative": "2786000000", "researchAndDevelopment": "None", "operatingExpenses": "3341000000", "investmentIncomeNet": "None", "netInterestIncome": "None", "interestIncome": "None", "interestExpense": "831000", "nonInterestIncome": "None", "otherNonOperatingIncome": "None", "depreciation": "None", "depreciationAndAmortization": "354000000", "incomeBeforeTax": "713000000", "incomeTaxExpense": "278000000", "interestAndDebtExpense": "None", "netIncomeFromContinuingOperations": "None", "comprehensiveIncomeNetOfTax": "None", "ebit": "831000000", "ebitda": "1185000000", "netIncome": "435000000"}, {"fiscalDateEnding": "2005-07-31", "reportedCurrency": "USD", "grossProfit": "3975000000", "totalRevenue": "11990000000", "costOfRevenue": "8015000000", "costofGoodsAndServicesSold": "8015000000", "operatingIncome": "979000000", "sellingGeneralAndAdministrative": "2650000000", "researchAndDevelopment": "None", "operatingExpenses": "2996000000", "investmentIncomeNet": "None", "netInterestIncome": "None", "interestIncome": "None", "interestExpense": "979000000", "nonInterestIncome": "None", "otherNonOperatingIncome": "None", "depreciation": "None", "depreciationAndAmortization": "346000000", "incomeBeforeTax": "869000000", "incomeTaxExpense": "329000000", "interestAndDebtExpense": "None", "netIncomeFromContinuingOperations": "None", "comprehensiveIncomeNetOfTax": "None", "ebit": "979000000", "ebitda": "1325000000", "netIncome": "540000000"}, {"fiscalDateEnding": "2005-04-30", "reportedCurrency": "USD", "grossProfit": "3921000000", "totalRevenue": "11477000000", "costOfRevenue": "7556000000", "costofGoodsAndServicesSold": "7556000000", "operatingIncome": "907000000", "sellingGeneralAndAdministrative": "2674000000", "researchAndDevelopment": "None", "operatingExpenses": "3014000000", "investmentIncomeNet": "None", "netInterestIncome": "None", "interestIncome": "None", "interestExpense": "907000", "nonInterestIncome": "None", "otherNonOperatingIncome": "None", "depreciation": "None", "depreciationAndAmortization": "340000000", "incomeBeforeTax": "796000000", "incomeTaxExpense": "302000000", "interestAndDebtExpense": "None", "netIncomeFromContinuingOperations": "None", "comprehensiveIncomeNetOfTax": "None", "ebit": "907000000", "ebitda": "1247000000", "netIncome": "494000000"}, {"fiscalDateEnding": "2005-01-31", "reportedCurrency": "USD", "grossProfit": "4846000000", "totalRevenue": "15194000000", "costOfRevenue": "10348000000", "costofGoodsAndServicesSold": "10348000000", "operatingIncome": "1379000000", "sellingGeneralAndAdministrative": "2888000000", "researchAndDevelopment": "None", "operatingExpenses": "3467000000", "investmentIncomeNet": "None", "netInterestIncome": "None", "interestIncome": "None", "interestExpense": "None", "nonInterestIncome": "None", "otherNonOperatingIncome": "None", "depreciation": "None", "depreciationAndAmortization": "344000000", "incomeBeforeTax": "1272000000", "incomeTaxExpense": "481000000", "interestAndDebtExpense": "None", "netIncomeFromContinuingOperations": "None", "comprehensiveIncomeNetOfTax": "None", "ebit": "1379000000", "ebitda": "1723000000", "netIncome": "807000000"}]}