{"symbol": "MAA", "annualReports": [{"fiscalDateEnding": "2024-12-31", "reportedCurrency": "USD", "grossProfit": "713267000", "totalRevenue": "2191015000", "costOfRevenue": "1477748000", "costofGoodsAndServicesSold": "1477748000", "operatingIncome": "656751000", "sellingGeneralAndAdministrative": "56516000", "researchAndDevelopment": "None", "operatingExpenses": "56516000", "investmentIncomeNet": "None", "netInterestIncome": "-168544000", "interestIncome": "None", "interestExpense": "168544000", "nonInterestIncome": "None", "otherNonOperatingIncome": "None", "depreciation": "None", "depreciationAndAmortization": "586402000", "incomeBeforeTax": "544865000", "incomeTaxExpense": "5240000", "interestAndDebtExpense": "None", "netIncomeFromContinuingOperations": "541576000", "comprehensiveIncomeNetOfTax": "None", "ebit": "713409000", "ebitda": "1299811000", "netIncome": "527543000"}, {"fiscalDateEnding": "2023-12-31", "reportedCurrency": "USD", "grossProfit": "747480000", "totalRevenue": "2148468000", "costOfRevenue": "1400988000", "costofGoodsAndServicesSold": "1400988000", "operatingIncome": "688902000", "sellingGeneralAndAdministrative": "58578000", "researchAndDevelopment": "0.27", "operatingExpenses": "58578000", "investmentIncomeNet": "None", "netInterestIncome": "-148739000", "interestIncome": "None", "interestExpense": "149234000", "nonInterestIncome": "None", "otherNonOperatingIncome": "None", "depreciation": "None", "depreciationAndAmortization": "565857000", "incomeBeforeTax": "570845000", "incomeTaxExpense": "4744000", "interestAndDebtExpense": "None", "netIncomeFromContinuingOperations": "601899000", "comprehensiveIncomeNetOfTax": "None", "ebit": "720079000", "ebitda": "1285936000", "netIncome": "552806000"}, {"fiscalDateEnding": "2022-12-31", "reportedCurrency": "USD", "grossProfit": "687711000", "totalRevenue": "2019866000", "costOfRevenue": "1332155000", "costofGoodsAndServicesSold": "1332155000", "operatingIncome": "628878000", "sellingGeneralAndAdministrative": "58833000", "researchAndDevelopment": "0.32", "operatingExpenses": "58833000", "investmentIncomeNet": "None", "netInterestIncome": "-154747000", "interestIncome": "211676000", "interestExpense": "154747000", "nonInterestIncome": "None", "otherNonOperatingIncome": "173628000", "depreciation": "None", "depreciationAndAmortization": "544004000", "incomeBeforeTax": "646989000", "incomeTaxExpense": "-6208000", "interestAndDebtExpense": "None", "netIncomeFromContinuingOperations": "654776000", "comprehensiveIncomeNetOfTax": "None", "ebit": "801736000", "ebitda": "1345740000", "netIncome": "637436000"}, {"fiscalDateEnding": "2021-12-31", "reportedCurrency": "USD", "grossProfit": "517752000", "totalRevenue": "1778082000", "costOfRevenue": "1260330000", "costofGoodsAndServicesSold": "1260330000", "operatingIncome": "464868000", "sellingGeneralAndAdministrative": "52884000", "researchAndDevelopment": "0.32", "operatingExpenses": "52884000", "investmentIncomeNet": "None", "netInterestIncome": "-156881000", "interestIncome": "120566000", "interestExpense": "156881000", "nonInterestIncome": "None", "otherNonOperatingIncome": "255541000", "depreciation": "None", "depreciationAndAmortization": "534415000", "incomeBeforeTax": "563128000", "incomeTaxExpense": "13637000", "interestAndDebtExpense": "None", "netIncomeFromContinuingOperations": "550702000", "comprehensiveIncomeNetOfTax": "None", "ebit": "720009000", "ebitda": "1254424000", "netIncome": "533791000"}, {"fiscalDateEnding": "2020-12-31", "reportedCurrency": "USD", "grossProfit": "526671000", "totalRevenue": "1677984000", "costOfRevenue": "1151313000", "costofGoodsAndServicesSold": "1151313000", "operatingIncome": "-79308000", "sellingGeneralAndAdministrative": "99158000", "researchAndDevelopment": "0.16", "operatingExpenses": "99158000", "investmentIncomeNet": "None", "netInterestIncome": "-167562000", "interestIncome": "160243000", "interestExpense": "167562000", "nonInterestIncome": "None", "otherNonOperatingIncome": "6367000", "depreciation": "None", "depreciationAndAmortization": "1271809000", "incomeBeforeTax": "265841000", "incomeTaxExpense": "3327000", "interestAndDebtExpense": "None", "netIncomeFromContinuingOperations": "262514000", "comprehensiveIncomeNetOfTax": "None", "ebit": "-327564000", "ebitda": "944245000", "netIncome": "254962000"}, {"fiscalDateEnding": "2019-12-31", "reportedCurrency": "USD", "grossProfit": "531329000", "totalRevenue": "1641017000", "costOfRevenue": "1109688000", "costofGoodsAndServicesSold": "1109688000", "operatingIncome": "-41371000", "sellingGeneralAndAdministrative": "101132000", "researchAndDevelopment": "0.22", "operatingExpenses": "101132000", "investmentIncomeNet": "None", "netInterestIncome": "-179847000", "interestIncome": "161961000", "interestExpense": "179847000", "nonInterestIncome": "None", "otherNonOperatingIncome": "107917000", "depreciation": "None", "depreciationAndAmortization": "1225410000", "incomeBeforeTax": "368660000", "incomeTaxExpense": "3696000", "interestAndDebtExpense": "None", "netIncomeFromContinuingOperations": "364964000", "comprehensiveIncomeNetOfTax": "None", "ebit": "-769938000", "ebitda": "455472000", "netIncome": "353811000"}, {"fiscalDateEnding": "2018-12-31", "reportedCurrency": "USD", "grossProfit": "486999000", "totalRevenue": "1571346000", "costOfRevenue": "1084347000", "costofGoodsAndServicesSold": "1084347000", "operatingIncome": "399104000", "sellingGeneralAndAdministrative": "82419000", "researchAndDevelopment": "0.15", "operatingExpenses": "82419000", "investmentIncomeNet": "None", "netInterestIncome": "-173594000", "interestIncome": "176170000", "interestExpense": "173594000", "nonInterestIncome": "None", "otherNonOperatingIncome": "23518000", "depreciation": "None", "depreciationAndAmortization": "1190293000", "incomeBeforeTax": "231801000", "incomeTaxExpense": "2611000", "interestAndDebtExpense": "None", "netIncomeFromContinuingOperations": "463602000", "comprehensiveIncomeNetOfTax": "None", "ebit": "-298787000", "ebitda": "891506000", "netIncome": "222899000"}, {"fiscalDateEnding": "2017-12-31", "reportedCurrency": "USD", "grossProfit": "458548000", "totalRevenue": "1528987000", "costOfRevenue": "1070439000", "costofGoodsAndServicesSold": "1070439000", "operatingIncome": "354776000", "sellingGeneralAndAdministrative": "83782000", "researchAndDevelopment": "0.22", "operatingExpenses": "83782000", "investmentIncomeNet": "None", "netInterestIncome": "-154751000", "interestIncome": "154751000", "interestExpense": "154751000", "nonInterestIncome": "None", "otherNonOperatingIncome": "286260000", "depreciation": "None", "depreciationAndAmortization": "1164017000", "incomeBeforeTax": "341785000", "incomeTaxExpense": "2619000", "interestAndDebtExpense": "None", "netIncomeFromContinuingOperations": "683570000", "comprehensiveIncomeNetOfTax": "None", "ebit": "-294711000", "ebitda": "869306000", "netIncome": "328379000"}, {"fiscalDateEnding": "2016-12-31", "reportedCurrency": "USD", "grossProfit": "379034000", "totalRevenue": "1125348000", "costOfRevenue": "746314000", "costofGoodsAndServicesSold": "746314000", "operatingIncome": "272150000", "sellingGeneralAndAdministrative": "63133000", "researchAndDevelopment": "0.20", "operatingExpenses": "63133000", "investmentIncomeNet": "None", "netInterestIncome": "-129223000", "interestIncome": "724000", "interestExpense": "129947000", "nonInterestIncome": "None", "otherNonOperatingIncome": "83450000", "depreciation": "None", "depreciationAndAmortization": "825429000", "incomeBeforeTax": "225860000", "incomeTaxExpense": "1699000", "interestAndDebtExpense": "None", "netIncomeFromContinuingOperations": "224402000", "comprehensiveIncomeNetOfTax": "None", "ebit": "-186245000", "ebitda": "639184000", "netIncome": "212222000"}, {"fiscalDateEnding": "2015-12-31", "reportedCurrency": "USD", "grossProfit": "347614000", "totalRevenue": "1042779000", "costOfRevenue": "695165000", "costofGoodsAndServicesSold": "695165000", "operatingIncome": "288131000", "sellingGeneralAndAdministrative": "56706000", "researchAndDevelopment": "0", "operatingExpenses": "56706000", "investmentIncomeNet": "None", "netInterestIncome": "None", "interestIncome": "122712000", "interestExpense": "122344000", "nonInterestIncome": "None", "otherNonOperatingIncome": "None", "depreciation": "None", "depreciationAndAmortization": "294520000", "incomeBeforeTax": "352420000", "incomeTaxExpense": "1673000", "interestAndDebtExpense": "None", "netIncomeFromContinuingOperations": "350745000", "comprehensiveIncomeNetOfTax": "None", "ebit": "291285000", "ebitda": "585805000", "netIncome": "332287000"}, {"fiscalDateEnding": "2014-12-31", "reportedCurrency": "USD", "grossProfit": "295156000", "totalRevenue": "989296000", "costOfRevenue": "694140000", "costofGoodsAndServicesSold": "694140000", "operatingIncome": "228217000", "sellingGeneralAndAdministrative": "53004000", "researchAndDevelopment": "0", "operatingExpenses": "53004000", "investmentIncomeNet": "None", "netInterestIncome": "None", "interestIncome": "None", "interestExpense": "119464000", "nonInterestIncome": "None", "otherNonOperatingIncome": "None", "depreciation": "None", "depreciationAndAmortization": "301811000", "incomeBeforeTax": "145109000", "incomeTaxExpense": "2050000", "interestAndDebtExpense": "None", "netIncomeFromContinuingOperations": "150946000", "comprehensiveIncomeNetOfTax": "None", "ebit": "229078000", "ebitda": "530889000", "netIncome": "147980000"}, {"fiscalDateEnding": "2013-12-31", "reportedCurrency": "USD", "grossProfit": "194441000", "totalRevenue": "634734000", "costOfRevenue": "440293000", "costofGoodsAndServicesSold": "440293000", "operatingIncome": "116891000", "sellingGeneralAndAdministrative": "38652000", "researchAndDevelopment": "0", "operatingExpenses": "38652000", "investmentIncomeNet": "None", "netInterestIncome": "None", "interestIncome": "None", "interestExpense": "75915000", "nonInterestIncome": "None", "otherNonOperatingIncome": "None", "depreciation": "None", "depreciationAndAmortization": "186979000", "incomeBeforeTax": "37832000", "incomeTaxExpense": "893000", "interestAndDebtExpense": "None", "netIncomeFromContinuingOperations": "37277000", "comprehensiveIncomeNetOfTax": "None", "ebit": "119919000", "ebitda": "306898000", "netIncome": "115281000"}, {"fiscalDateEnding": "2012-12-31", "reportedCurrency": "USD", "grossProfit": "167703000", "totalRevenue": "497165000", "costOfRevenue": "329462000", "costofGoodsAndServicesSold": "329462000", "operatingIncome": "130276000", "sellingGeneralAndAdministrative": "35846000", "researchAndDevelopment": "0", "operatingExpenses": "35846000", "investmentIncomeNet": "None", "netInterestIncome": "None", "interestIncome": "None", "interestExpense": "58751000", "nonInterestIncome": "None", "otherNonOperatingIncome": "-3954000", "depreciation": "None", "depreciationAndAmortization": "132195000", "incomeBeforeTax": "67788000", "incomeTaxExpense": "-37435000", "interestAndDebtExpense": "None", "netIncomeFromContinuingOperations": "67565000", "comprehensiveIncomeNetOfTax": "None", "ebit": "120167000", "ebitda": "252362000", "netIncome": "105223000"}, {"fiscalDateEnding": "2011-12-31", "reportedCurrency": "USD", "grossProfit": "257476000", "totalRevenue": "448992000", "costOfRevenue": "191516000", "costofGoodsAndServicesSold": "191516000", "operatingIncome": "99729000", "sellingGeneralAndAdministrative": "38823000", "researchAndDevelopment": "0", "operatingExpenses": "154428000", "investmentIncomeNet": "None", "netInterestIncome": "None", "interestIncome": "None", "interestExpense": "58612000", "nonInterestIncome": "None", "otherNonOperatingIncome": "None", "depreciation": "None", "depreciationAndAmortization": "115605000", "incomeBeforeTax": "48821000", "incomeTaxExpense": "-48821000", "interestAndDebtExpense": "None", "netIncomeFromContinuingOperations": "None", "comprehensiveIncomeNetOfTax": "None", "ebit": "37732000", "ebitda": "153337000", "netIncome": "48821000"}, {"fiscalDateEnding": "2010-12-31", "reportedCurrency": "USD", "grossProfit": "227609000", "totalRevenue": "402229000", "costOfRevenue": "174620000", "costofGoodsAndServicesSold": "174620000", "operatingIncome": "32026000", "sellingGeneralAndAdministrative": "28540000", "researchAndDevelopment": "0", "operatingExpenses": "134453000", "investmentIncomeNet": "None", "netInterestIncome": "None", "interestIncome": "None", "interestExpense": "55996000", "nonInterestIncome": "None", "otherNonOperatingIncome": "-2939000", "depreciation": "None", "depreciationAndAmortization": "104064000", "incomeBeforeTax": "29761000", "incomeTaxExpense": "-29761000", "interestAndDebtExpense": "None", "netIncomeFromContinuingOperations": "30877000", "comprehensiveIncomeNetOfTax": "None", "ebit": "93156000", "ebitda": "197220000", "netIncome": "29761000"}, {"fiscalDateEnding": "2009-12-31", "reportedCurrency": "USD", "grossProfit": "218839000", "totalRevenue": "378544000", "costOfRevenue": "159705000", "costofGoodsAndServicesSold": "159705000", "operatingIncome": "93330000", "sellingGeneralAndAdministrative": "28726000", "researchAndDevelopment": "None", "operatingExpenses": "124559000", "investmentIncomeNet": "None", "netInterestIncome": "None", "interestIncome": "None", "interestExpense": "57094000", "nonInterestIncome": "None", "otherNonOperatingIncome": "None", "depreciation": "None", "depreciationAndAmortization": "96019000", "incomeBeforeTax": "37211000", "incomeTaxExpense": "-37211000", "interestAndDebtExpense": "None", "netIncomeFromContinuingOperations": "None", "comprehensiveIncomeNetOfTax": "None", "ebit": "93330000", "ebitda": "189349000", "netIncome": "37211000"}, {"fiscalDateEnding": "2008-12-31", "reportedCurrency": "USD", "grossProfit": "124533000", "totalRevenue": "369851000", "costOfRevenue": "245318000", "costofGoodsAndServicesSold": "245318000", "operatingIncome": "95897000", "sellingGeneralAndAdministrative": "28726000", "researchAndDevelopment": "None", "operatingExpenses": "155150000", "investmentIncomeNet": "None", "netInterestIncome": "None", "interestIncome": "None", "interestExpense": "62010000", "nonInterestIncome": "None", "otherNonOperatingIncome": "None", "depreciation": "None", "depreciationAndAmortization": "92475000", "incomeBeforeTax": "30249000", "incomeTaxExpense": "-30249000", "interestAndDebtExpense": "None", "netIncomeFromContinuingOperations": "None", "comprehensiveIncomeNetOfTax": "None", "ebit": "96603000", "ebitda": "189078000", "netIncome": "30249000"}, {"fiscalDateEnding": "2007-12-31", "reportedCurrency": "USD", "grossProfit": "352957000", "totalRevenue": "352957000", "costOfRevenue": "259905000", "costofGoodsAndServicesSold": "259905000", "operatingIncome": "93052000", "sellingGeneralAndAdministrative": "10808000", "researchAndDevelopment": "None", "operatingExpenses": "231056000", "investmentIncomeNet": "None", "netInterestIncome": "None", "interestIncome": "None", "interestExpense": "39946000", "nonInterestIncome": "None", "otherNonOperatingIncome": "None", "depreciation": "None", "depreciationAndAmortization": "88580000", "incomeBeforeTax": "39946000", "incomeTaxExpense": "-39946000", "interestAndDebtExpense": "None", "netIncomeFromContinuingOperations": "None", "comprehensiveIncomeNetOfTax": "None", "ebit": "90645000", "ebitda": "179225000", "netIncome": "39946000"}, {"fiscalDateEnding": "2006-12-31", "reportedCurrency": "USD", "grossProfit": "250168000", "totalRevenue": "325999000", "costOfRevenue": "75831000", "costofGoodsAndServicesSold": "75831000", "operatingIncome": "87332000", "sellingGeneralAndAdministrative": "11886000", "researchAndDevelopment": "None", "operatingExpenses": "213153000", "investmentIncomeNet": "None", "netInterestIncome": "None", "interestIncome": "None", "interestExpense": "20945000", "nonInterestIncome": "None", "otherNonOperatingIncome": "None", "depreciation": "None", "depreciationAndAmortization": "81424000", "incomeBeforeTax": "20945000", "incomeTaxExpense": "-20945000", "interestAndDebtExpense": "None", "netIncomeFromContinuingOperations": "None", "comprehensiveIncomeNetOfTax": "None", "ebit": "85296000", "ebitda": "166720000", "netIncome": "20945000"}, {"fiscalDateEnding": "2005-12-31", "reportedCurrency": "USD", "grossProfit": "297455000", "totalRevenue": "297455000", "costOfRevenue": "220991000", "costofGoodsAndServicesSold": "220991000", "operatingIncome": "76464000", "sellingGeneralAndAdministrative": "10354000", "researchAndDevelopment": "None", "operatingExpenses": "198766000", "investmentIncomeNet": "None", "netInterestIncome": "None", "interestIncome": "None", "interestExpense": "19744000", "nonInterestIncome": "None", "otherNonOperatingIncome": "None", "depreciation": "None", "depreciationAndAmortization": "77061000", "incomeBeforeTax": "19744000", "incomeTaxExpense": "-19744000", "interestAndDebtExpense": "None", "netIncomeFromContinuingOperations": "None", "comprehensiveIncomeNetOfTax": "None", "ebit": "98689000", "ebitda": "175750000", "netIncome": "19744000"}], "quarterlyReports": [{"fiscalDateEnding": "2024-12-31", "reportedCurrency": "USD", "grossProfit": "176468000", "totalRevenue": "549832000", "costOfRevenue": "373364000", "costofGoodsAndServicesSold": "373364000", "operatingIncome": "162396000", "sellingGeneralAndAdministrative": "14072000", "researchAndDevelopment": "None", "operatingExpenses": "14072000", "investmentIncomeNet": "None", "netInterestIncome": "-44192000", "interestIncome": "None", "interestExpense": "44192000", "nonInterestIncome": "None", "otherNonOperatingIncome": "None", "depreciation": "None", "depreciationAndAmortization": "151060000", "incomeBeforeTax": "172283000", "incomeTaxExpense": "1755000", "interestAndDebtExpense": "None", "netIncomeFromContinuingOperations": "171074000", "comprehensiveIncomeNetOfTax": "None", "ebit": "216475000", "ebitda": "367535000", "netIncome": "166646000"}, {"fiscalDateEnding": "2024-09-30", "reportedCurrency": "USD", "grossProfit": "175578000", "totalRevenue": "551126000", "costOfRevenue": "375548000", "costofGoodsAndServicesSold": "375548000", "operatingIncome": "162850000", "sellingGeneralAndAdministrative": "12728000", "researchAndDevelopment": "None", "operatingExpenses": "12728000", "investmentIncomeNet": "None", "netInterestIncome": "-42726000", "interestIncome": "None", "interestExpense": "42726000", "nonInterestIncome": "None", "otherNonOperatingIncome": "None", "depreciation": "None", "depreciationAndAmortization": "146907000", "incomeBeforeTax": "118446000", "incomeTaxExpense": "670000", "interestAndDebtExpense": "None", "netIncomeFromContinuingOperations": "118230000", "comprehensiveIncomeNetOfTax": "None", "ebit": "161172000", "ebitda": "308079000", "netIncome": "115195000"}, {"fiscalDateEnding": "2024-06-30", "reportedCurrency": "USD", "grossProfit": "178416000", "totalRevenue": "546435000", "costOfRevenue": "368019000", "costofGoodsAndServicesSold": "368019000", "operatingIncome": "165745000", "sellingGeneralAndAdministrative": "12671000", "researchAndDevelopment": "None", "operatingExpenses": "12671000", "investmentIncomeNet": "None", "netInterestIncome": "-41265000", "interestIncome": "None", "interestExpense": "41265000", "nonInterestIncome": "None", "otherNonOperatingIncome": "None", "depreciation": "None", "depreciationAndAmortization": "145177000", "incomeBeforeTax": "105213000", "incomeTaxExpense": "1020000", "interestAndDebtExpense": "None", "netIncomeFromContinuingOperations": "104662000", "comprehensiveIncomeNetOfTax": "None", "ebit": "146478000", "ebitda": "291655000", "netIncome": "101953000"}, {"fiscalDateEnding": "2024-03-31", "reportedCurrency": "USD", "grossProfit": "182805000", "totalRevenue": "543622000", "costOfRevenue": "360817000", "costofGoodsAndServicesSold": "360817000", "operatingIncome": "165760000", "sellingGeneralAndAdministrative": "17045000", "researchAndDevelopment": "None", "operatingExpenses": "17045000", "investmentIncomeNet": "None", "netInterestIncome": "-40361000", "interestIncome": "None", "interestExpense": "40361000", "nonInterestIncome": "None", "otherNonOperatingIncome": "None", "depreciation": "None", "depreciationAndAmortization": "143258000", "incomeBeforeTax": "148923000", "incomeTaxExpense": "1795000", "interestAndDebtExpense": "None", "netIncomeFromContinuingOperations": "147610000", "comprehensiveIncomeNetOfTax": "None", "ebit": "189284000", "ebitda": "332542000", "netIncome": "143749000"}, {"fiscalDateEnding": "2023-12-31", "reportedCurrency": "USD", "grossProfit": "192110000", "totalRevenue": "542247000", "costOfRevenue": "350137000", "costofGoodsAndServicesSold": "350137000", "operatingIncome": "176861000", "sellingGeneralAndAdministrative": "15249000", "researchAndDevelopment": "None", "operatingExpenses": "15249000", "investmentIncomeNet": "None", "netInterestIncome": "-38579000", "interestIncome": "None", "interestExpense": "38579000", "nonInterestIncome": "None", "otherNonOperatingIncome": "None", "depreciation": "None", "depreciationAndAmortization": "141060000", "incomeBeforeTax": "165500000", "incomeTaxExpense": "1148000", "interestAndDebtExpense": "None", "netIncomeFromContinuingOperations": "164868000", "comprehensiveIncomeNetOfTax": "None", "ebit": "204079000", "ebitda": "345139000", "netIncome": "160476000"}, {"fiscalDateEnding": "2023-09-30", "reportedCurrency": "USD", "grossProfit": "179819000", "totalRevenue": "542042000", "costOfRevenue": "362223000", "costofGoodsAndServicesSold": "362223000", "operatingIncome": "166295000", "sellingGeneralAndAdministrative": "13524000", "researchAndDevelopment": "None", "operatingExpenses": "13524000", "investmentIncomeNet": "None", "netInterestIncome": "-36651000", "interestIncome": "53067000", "interestExpense": "36651000", "nonInterestIncome": "None", "otherNonOperatingIncome": "None", "depreciation": "None", "depreciationAndAmortization": "146863000", "incomeBeforeTax": "113076000", "incomeTaxExpense": "-209000", "interestAndDebtExpense": "None", "netIncomeFromContinuingOperations": "113732000", "comprehensiveIncomeNetOfTax": "None", "ebit": "149727000", "ebitda": "296590000", "netIncome": "110732000"}, {"fiscalDateEnding": "2023-06-30", "reportedCurrency": "USD", "grossProfit": "185750000", "totalRevenue": "535146000", "costOfRevenue": "349396000", "costofGoodsAndServicesSold": "349396000", "operatingIncome": "171868000", "sellingGeneralAndAdministrative": "13882000", "researchAndDevelopment": "None", "operatingExpenses": "13882000", "investmentIncomeNet": "None", "netInterestIncome": "-36723000", "interestIncome": "25196000", "interestExpense": "36723000", "nonInterestIncome": "None", "otherNonOperatingIncome": "None", "depreciation": "None", "depreciationAndAmortization": "139176000", "incomeBeforeTax": "152136000", "incomeTaxExpense": "2861000", "interestAndDebtExpense": "None", "netIncomeFromContinuingOperations": "149657000", "comprehensiveIncomeNetOfTax": "None", "ebit": "188859000", "ebitda": "328035000", "netIncome": "145688000"}, {"fiscalDateEnding": "2023-03-31", "reportedCurrency": "USD", "grossProfit": "189801000", "totalRevenue": "529033000", "costOfRevenue": "339232000", "costofGoodsAndServicesSold": "339232000", "operatingIncome": "173878000", "sellingGeneralAndAdministrative": "15923000", "researchAndDevelopment": "None", "operatingExpenses": "15923000", "investmentIncomeNet": "None", "netInterestIncome": "-37281000", "interestIncome": "33652000", "interestExpense": "37281000", "nonInterestIncome": "None", "otherNonOperatingIncome": "3867000", "depreciation": "None", "depreciationAndAmortization": "138758000", "incomeBeforeTax": "140133000", "incomeTaxExpense": "944000", "interestAndDebtExpense": "None", "netIncomeFromContinuingOperations": "139189000", "comprehensiveIncomeNetOfTax": "None", "ebit": "177414000", "ebitda": "316172000", "netIncome": "135910000"}, {"fiscalDateEnding": "2022-12-31", "reportedCurrency": "USD", "grossProfit": "191520000", "totalRevenue": "527965000", "costOfRevenue": "336445000", "costofGoodsAndServicesSold": "336445000", "operatingIncome": "176778000", "sellingGeneralAndAdministrative": "14742000", "researchAndDevelopment": "None", "operatingExpenses": "14742000", "investmentIncomeNet": "None", "netInterestIncome": "-38084000", "interestIncome": "53613000", "interestExpense": "38084000", "nonInterestIncome": "None", "otherNonOperatingIncome": "59784000", "depreciation": "None", "depreciationAndAmortization": "138592000", "incomeBeforeTax": "198028000", "incomeTaxExpense": "-458000", "interestAndDebtExpense": "None", "netIncomeFromContinuingOperations": "198936000", "comprehensiveIncomeNetOfTax": "None", "ebit": "236112000", "ebitda": "374704000", "netIncome": "193621000"}, {"fiscalDateEnding": "2022-09-30", "reportedCurrency": "USD", "grossProfit": "176219000", "totalRevenue": "520783000", "costOfRevenue": "344564000", "costofGoodsAndServicesSold": "344564000", "operatingIncome": "164031000", "sellingGeneralAndAdministrative": "12188000", "researchAndDevelopment": "None", "operatingExpenses": "12188000", "investmentIncomeNet": "None", "netInterestIncome": "-38637000", "interestIncome": "45532000", "interestExpense": "38637000", "nonInterestIncome": "None", "otherNonOperatingIncome": "-1378000", "depreciation": "None", "depreciationAndAmortization": "137023000", "incomeBeforeTax": "124106000", "incomeTaxExpense": "-1256000", "interestAndDebtExpense": "None", "netIncomeFromContinuingOperations": "125703000", "comprehensiveIncomeNetOfTax": "None", "ebit": "162743000", "ebitda": "299766000", "netIncome": "122311000"}, {"fiscalDateEnding": "2022-06-30", "reportedCurrency": "USD", "grossProfit": "163589000", "totalRevenue": "495040000", "costOfRevenue": "331451000", "costofGoodsAndServicesSold": "331451000", "operatingIncome": "148009000", "sellingGeneralAndAdministrative": "15580000", "researchAndDevelopment": "None", "operatingExpenses": "15580000", "investmentIncomeNet": "None", "netInterestIncome": "-38905000", "interestIncome": "77229000", "interestExpense": "38905000", "nonInterestIncome": "None", "otherNonOperatingIncome": "104049000", "depreciation": "None", "depreciationAndAmortization": "134403000", "incomeBeforeTax": "213099000", "incomeTaxExpense": "-3052000", "interestAndDebtExpense": "None", "netIncomeFromContinuingOperations": "216151000", "comprehensiveIncomeNetOfTax": "None", "ebit": "252004000", "ebitda": "386407000", "netIncome": "210702000"}, {"fiscalDateEnding": "2022-03-31", "reportedCurrency": "USD", "grossProfit": "156383000", "totalRevenue": "476078000", "costOfRevenue": "319695000", "costofGoodsAndServicesSold": "319695000", "operatingIncome": "140060000", "sellingGeneralAndAdministrative": "16323000", "researchAndDevelopment": "None", "operatingExpenses": "16323000", "investmentIncomeNet": "None", "netInterestIncome": "-39121000", "interestIncome": "35302000", "interestExpense": "39121000", "nonInterestIncome": "None", "otherNonOperatingIncome": "11173000", "depreciation": "None", "depreciationAndAmortization": "133986000", "incomeBeforeTax": "111756000", "incomeTaxExpense": "-1442000", "interestAndDebtExpense": "None", "netIncomeFromContinuingOperations": "113577000", "comprehensiveIncomeNetOfTax": "None", "ebit": "150877000", "ebitda": "284863000", "netIncome": "110802000"}, {"fiscalDateEnding": "2021-12-31", "reportedCurrency": "USD", "grossProfit": "145772000", "totalRevenue": "463575000", "costOfRevenue": "317803000", "costofGoodsAndServicesSold": "317803000", "operatingIncome": "131651000", "sellingGeneralAndAdministrative": "14121000", "researchAndDevelopment": "None", "operatingExpenses": "14121000", "investmentIncomeNet": "None", "netInterestIncome": "-39108000", "interestIncome": "28516000", "interestExpense": "39108000", "nonInterestIncome": "None", "otherNonOperatingIncome": "105554000", "depreciation": "None", "depreciationAndAmortization": "135737000", "incomeBeforeTax": "198410000", "incomeTaxExpense": "7790000", "interestAndDebtExpense": "None", "netIncomeFromContinuingOperations": "190916000", "comprehensiveIncomeNetOfTax": "None", "ebit": "237518000", "ebitda": "373255000", "netIncome": "185641000"}, {"fiscalDateEnding": "2021-09-30", "reportedCurrency": "USD", "grossProfit": "131295000", "totalRevenue": "452575000", "costOfRevenue": "321280000", "costofGoodsAndServicesSold": "321280000", "operatingIncome": "118625000", "sellingGeneralAndAdministrative": "12670000", "researchAndDevelopment": "None", "operatingExpenses": "12670000", "investmentIncomeNet": "None", "netInterestIncome": "-39234000", "interestIncome": "17817000", "interestExpense": "39234000", "nonInterestIncome": "None", "otherNonOperatingIncome": "10289000", "depreciation": "None", "depreciationAndAmortization": "134766000", "incomeBeforeTax": "89592000", "incomeTaxExpense": "2803000", "interestAndDebtExpense": "None", "netIncomeFromContinuingOperations": "87047000", "comprehensiveIncomeNetOfTax": "None", "ebit": "128826000", "ebitda": "263592000", "netIncome": "84479000"}, {"fiscalDateEnding": "2021-06-30", "reportedCurrency": "USD", "grossProfit": "122590000", "totalRevenue": "436927000", "costOfRevenue": "314337000", "costofGoodsAndServicesSold": "314337000", "operatingIncome": "109476000", "sellingGeneralAndAdministrative": "13114000", "researchAndDevelopment": "None", "operatingExpenses": "13114000", "investmentIncomeNet": "None", "netInterestIncome": "-38867000", "interestIncome": "20737000", "interestExpense": "38867000", "nonInterestIncome": "None", "otherNonOperatingIncome": "155279000", "depreciation": "None", "depreciationAndAmortization": "132092000", "incomeBeforeTax": "225595000", "incomeTaxExpense": "2045000", "interestAndDebtExpense": "None", "netIncomeFromContinuingOperations": "223875000", "comprehensiveIncomeNetOfTax": "None", "ebit": "264462000", "ebitda": "396554000", "netIncome": "216478000"}, {"fiscalDateEnding": "2021-03-31", "reportedCurrency": "USD", "grossProfit": "118095000", "totalRevenue": "425005000", "costOfRevenue": "306910000", "costofGoodsAndServicesSold": "306910000", "operatingIncome": "105116000", "sellingGeneralAndAdministrative": "12979000", "researchAndDevelopment": "None", "operatingExpenses": "12979000", "investmentIncomeNet": "None", "netInterestIncome": "-39672000", "interestIncome": "53496000", "interestExpense": "39672000", "nonInterestIncome": "None", "otherNonOperatingIncome": "-15581000", "depreciation": "None", "depreciationAndAmortization": "131820000", "incomeBeforeTax": "49531000", "incomeTaxExpense": "999000", "interestAndDebtExpense": "None", "netIncomeFromContinuingOperations": "48532000", "comprehensiveIncomeNetOfTax": "None", "ebit": "89203000", "ebitda": "221023000", "netIncome": "47193000"}, {"fiscalDateEnding": "2020-12-31", "reportedCurrency": "USD", "grossProfit": "134062000", "totalRevenue": "423661000", "costOfRevenue": "289599000", "costofGoodsAndServicesSold": "289599000", "operatingIncome": "125089000", "sellingGeneralAndAdministrative": "24913000", "researchAndDevelopment": "None", "operatingExpenses": "24913000", "investmentIncomeNet": "None", "netInterestIncome": "-40952000", "interestIncome": "23115000", "interestExpense": "40952000", "nonInterestIncome": "None", "otherNonOperatingIncome": "18868000", "depreciation": "None", "depreciationAndAmortization": "129740000", "incomeBeforeTax": "86746000", "incomeTaxExpense": "795000", "interestAndDebtExpense": "None", "netIncomeFromContinuingOperations": "85951000", "comprehensiveIncomeNetOfTax": "None", "ebit": "109149000", "ebitda": "238889000", "netIncome": "82420000"}, {"fiscalDateEnding": "2020-09-30", "reportedCurrency": "USD", "grossProfit": "125706000", "totalRevenue": "423199000", "costOfRevenue": "297493000", "costofGoodsAndServicesSold": "297493000", "operatingIncome": "101585000", "sellingGeneralAndAdministrative": "24051000", "researchAndDevelopment": "None", "operatingExpenses": "24051000", "investmentIncomeNet": "None", "netInterestIncome": "-41010000", "interestIncome": "39768000", "interestExpense": "41010000", "nonInterestIncome": "None", "otherNonOperatingIncome": "690000", "depreciation": "None", "depreciationAndAmortization": "127833000", "incomeBeforeTax": "62273000", "incomeTaxExpense": "665000", "interestAndDebtExpense": "None", "netIncomeFromContinuingOperations": "61608000", "comprehensiveIncomeNetOfTax": "None", "ebit": "101655000", "ebitda": "229488000", "netIncome": "58988000"}, {"fiscalDateEnding": "2020-06-30", "reportedCurrency": "USD", "grossProfit": "128365000", "totalRevenue": "413026000", "costOfRevenue": "284661000", "costofGoodsAndServicesSold": "284661000", "operatingIncome": "118380000", "sellingGeneralAndAdministrative": "22287000", "researchAndDevelopment": "None", "operatingExpenses": "22287000", "investmentIncomeNet": "None", "netInterestIncome": "-42118000", "interestIncome": "26163000", "interestExpense": "42118000", "nonInterestIncome": "None", "otherNonOperatingIncome": "14963000", "depreciation": "None", "depreciationAndAmortization": "127448000", "incomeBeforeTax": "78610000", "incomeTaxExpense": "1200000", "interestAndDebtExpense": "None", "netIncomeFromContinuingOperations": "77410000", "comprehensiveIncomeNetOfTax": "None", "ebit": "106078000", "ebitda": "233526000", "netIncome": "74140000"}, {"fiscalDateEnding": "2020-03-31", "reportedCurrency": "USD", "grossProfit": "138538000", "totalRevenue": "418098000", "costOfRevenue": "279560000", "costofGoodsAndServicesSold": "279560000", "operatingIncome": "80797000", "sellingGeneralAndAdministrative": "27907000", "researchAndDevelopment": "None", "operatingExpenses": "27907000", "investmentIncomeNet": "None", "netInterestIncome": "-43482000", "interestIncome": "71197000", "interestExpense": "43482000", "nonInterestIncome": "None", "otherNonOperatingIncome": "-28154000", "depreciation": "None", "depreciationAndAmortization": "126657000", "incomeBeforeTax": "38212000", "incomeTaxExpense": "667000", "interestAndDebtExpense": "None", "netIncomeFromContinuingOperations": "37545000", "comprehensiveIncomeNetOfTax": "None", "ebit": "110631000", "ebitda": "237288000", "netIncome": "35676000"}, {"fiscalDateEnding": "2019-12-31", "reportedCurrency": "USD", "grossProfit": "141604000", "totalRevenue": "416817000", "costOfRevenue": "275213000", "costofGoodsAndServicesSold": "275213000", "operatingIncome": "194169000", "sellingGeneralAndAdministrative": "24701000", "researchAndDevelopment": "None", "operatingExpenses": "24701000", "investmentIncomeNet": "None", "netInterestIncome": "-43698000", "interestIncome": "45404000", "interestExpense": "43698000", "nonInterestIncome": "None", "otherNonOperatingIncome": "60705000", "depreciation": "None", "depreciationAndAmortization": "125580000", "incomeBeforeTax": "155498000", "incomeTaxExpense": "882000", "interestAndDebtExpense": "None", "netIncomeFromContinuingOperations": "87773000", "comprehensiveIncomeNetOfTax": "None", "ebit": "116903000", "ebitda": "242483000", "netIncome": "148667000"}, {"fiscalDateEnding": "2019-09-30", "reportedCurrency": "USD", "grossProfit": "131409000", "totalRevenue": "415632000", "costOfRevenue": "284223000", "costofGoodsAndServicesSold": "284223000", "operatingIncome": "124649000", "sellingGeneralAndAdministrative": "25384000", "researchAndDevelopment": "None", "operatingExpenses": "25384000", "investmentIncomeNet": "None", "netInterestIncome": "-44513000", "interestIncome": "28991000", "interestExpense": "44513000", "nonInterestIncome": "None", "otherNonOperatingIncome": "21438000", "depreciation": "None", "depreciationAndAmortization": "124944000", "incomeBeforeTax": "82572000", "incomeTaxExpense": "1491000", "interestAndDebtExpense": "None", "netIncomeFromContinuingOperations": "81081000", "comprehensiveIncomeNetOfTax": "None", "ebit": "107285000", "ebitda": "232229000", "netIncome": "77723000"}, {"fiscalDateEnding": "2019-06-30", "reportedCurrency": "USD", "grossProfit": "129304000", "totalRevenue": "407390000", "costOfRevenue": "278086000", "costofGoodsAndServicesSold": "278086000", "operatingIncome": "108535000", "sellingGeneralAndAdministrative": "24052000", "researchAndDevelopment": "None", "operatingExpenses": "24052000", "investmentIncomeNet": "None", "netInterestIncome": "-45936000", "interestIncome": "41342000", "interestExpense": "45936000", "nonInterestIncome": "None", "otherNonOperatingIncome": "5210000", "depreciation": "None", "depreciationAndAmortization": "124184000", "incomeBeforeTax": "64388000", "incomeTaxExpense": "682000", "interestAndDebtExpense": "None", "netIncomeFromContinuingOperations": "63706000", "comprehensiveIncomeNetOfTax": "None", "ebit": "105452000", "ebitda": "229636000", "netIncome": "60995000"}, {"fiscalDateEnding": "2019-03-31", "reportedCurrency": "USD", "grossProfit": "129012000", "totalRevenue": "401178000", "costOfRevenue": "272166000", "costofGoodsAndServicesSold": "272166000", "operatingIncome": "110001000", "sellingGeneralAndAdministrative": "26995000", "researchAndDevelopment": "None", "operatingExpenses": "26995000", "investmentIncomeNet": "None", "netInterestIncome": "-45700000", "interestIncome": "46224000", "interestExpense": "45700000", "nonInterestIncome": "None", "otherNonOperatingIncome": "20564000", "depreciation": "None", "depreciationAndAmortization": "123082000", "incomeBeforeTax": "66202000", "incomeTaxExpense": "641000", "interestAndDebtExpense": "None", "netIncomeFromContinuingOperations": "132404000", "comprehensiveIncomeNetOfTax": "None", "ebit": "102833000", "ebitda": "225915000", "netIncome": "62651000"}, {"fiscalDateEnding": "2018-12-31", "reportedCurrency": "USD", "grossProfit": "129893000", "totalRevenue": "398148000", "costOfRevenue": "268255000", "costofGoodsAndServicesSold": "268255000", "operatingIncome": "106521000", "sellingGeneralAndAdministrative": "21117000", "researchAndDevelopment": "0", "operatingExpenses": "21117000", "investmentIncomeNet": "None", "netInterestIncome": "None", "interestIncome": "None", "interestExpense": "44454000", "nonInterestIncome": "None", "otherNonOperatingIncome": "1178000", "depreciation": "None", "depreciationAndAmortization": "121541000", "incomeBeforeTax": "63726000", "incomeTaxExpense": "785000", "interestAndDebtExpense": "None", "netIncomeFromContinuingOperations": "127452000", "comprehensiveIncomeNetOfTax": "None", "ebit": "94936000", "ebitda": "216477000", "netIncome": "60360000"}, {"fiscalDateEnding": "2018-09-30", "reportedCurrency": "USD", "grossProfit": "117819000", "totalRevenue": "397108000", "costOfRevenue": "279289000", "costofGoodsAndServicesSold": "279289000", "operatingIncome": "98258000", "sellingGeneralAndAdministrative": "17683000", "researchAndDevelopment": "0", "operatingExpenses": "17683000", "investmentIncomeNet": "None", "netInterestIncome": "None", "interestIncome": "None", "interestExpense": "44650000", "nonInterestIncome": "None", "otherNonOperatingIncome": "3424000", "depreciation": "None", "depreciationAndAmortization": "124549000", "incomeBeforeTax": "54918000", "incomeTaxExpense": "616000", "interestAndDebtExpense": "None", "netIncomeFromContinuingOperations": "109836000", "comprehensiveIncomeNetOfTax": "None", "ebit": "100289000", "ebitda": "224838000", "netIncome": "51869000"}, {"fiscalDateEnding": "2018-06-30", "reportedCurrency": "USD", "grossProfit": "118418000", "totalRevenue": "390073000", "costOfRevenue": "271655000", "costofGoodsAndServicesSold": "271655000", "operatingIncome": "94985000", "sellingGeneralAndAdministrative": "20607000", "researchAndDevelopment": "0", "operatingExpenses": "20607000", "investmentIncomeNet": "None", "netInterestIncome": "None", "interestIncome": "None", "interestExpense": "43585000", "nonInterestIncome": "None", "otherNonOperatingIncome": "22302000", "depreciation": "None", "depreciationAndAmortization": "122925000", "incomeBeforeTax": "62195000", "incomeTaxExpense": "570000", "interestAndDebtExpense": "None", "netIncomeFromContinuingOperations": "124390000", "comprehensiveIncomeNetOfTax": "None", "ebit": "106015000", "ebitda": "228940000", "netIncome": "58885000"}, {"fiscalDateEnding": "2018-03-31", "reportedCurrency": "USD", "grossProfit": "120869000", "totalRevenue": "386017000", "costOfRevenue": "265148000", "costofGoodsAndServicesSold": "265148000", "operatingIncome": "94058000", "sellingGeneralAndAdministrative": "23012000", "researchAndDevelopment": "0", "operatingExpenses": "23012000", "investmentIncomeNet": "None", "netInterestIncome": "None", "interestIncome": "None", "interestExpense": "40905000", "nonInterestIncome": "None", "otherNonOperatingIncome": "-3386000", "depreciation": "None", "depreciationAndAmortization": "120744000", "incomeBeforeTax": "50962000", "incomeTaxExpense": "640000", "interestAndDebtExpense": "None", "netIncomeFromContinuingOperations": "101924000", "comprehensiveIncomeNetOfTax": "None", "ebit": "92484000", "ebitda": "213228000", "netIncome": "48097000"}, {"fiscalDateEnding": "2017-12-31", "reportedCurrency": "USD", "grossProfit": "123005000", "totalRevenue": "382738000", "costOfRevenue": "259733000", "costofGoodsAndServicesSold": "259733000", "operatingIncome": "96473000", "sellingGeneralAndAdministrative": "21040000", "researchAndDevelopment": "0", "operatingExpenses": "21040000", "investmentIncomeNet": "None", "netInterestIncome": "None", "interestIncome": "None", "interestExpense": "39746000", "nonInterestIncome": "None", "otherNonOperatingIncome": "None", "depreciation": "None", "depreciationAndAmortization": "119423000", "incomeBeforeTax": "128367000", "incomeTaxExpense": "709000", "interestAndDebtExpense": "None", "netIncomeFromContinuingOperations": "247090000", "comprehensiveIncomeNetOfTax": "None", "ebit": "105159000", "ebitda": "224582000", "netIncome": "122528000"}, {"fiscalDateEnding": "2017-09-30", "reportedCurrency": "USD", "grossProfit": "117443000", "totalRevenue": "384550000", "costOfRevenue": "267107000", "costofGoodsAndServicesSold": "267107000", "operatingIncome": "94671000", "sellingGeneralAndAdministrative": "18642000", "researchAndDevelopment": "0", "operatingExpenses": "18642000", "investmentIncomeNet": "None", "netInterestIncome": "None", "interestIncome": "None", "interestExpense": "39940000", "nonInterestIncome": "None", "otherNonOperatingIncome": "None", "depreciation": "None", "depreciationAndAmortization": "117928000", "incomeBeforeTax": "119264000", "incomeTaxExpense": "641000", "interestAndDebtExpense": "None", "netIncomeFromContinuingOperations": "168998000", "comprehensiveIncomeNetOfTax": "None", "ebit": "159351000", "ebitda": "277279000", "netIncome": "113787000"}, {"fiscalDateEnding": "2017-06-30", "reportedCurrency": "USD", "grossProfit": "110462000", "totalRevenue": "382791000", "costOfRevenue": "272329000", "costofGoodsAndServicesSold": "272329000", "operatingIncome": "85976000", "sellingGeneralAndAdministrative": "20279000", "researchAndDevelopment": "0", "operatingExpenses": "20279000", "investmentIncomeNet": "None", "netInterestIncome": "None", "interestIncome": "None", "interestExpense": "38481000", "nonInterestIncome": "None", "otherNonOperatingIncome": "None", "depreciation": "None", "depreciationAndAmortization": "126360000", "incomeBeforeTax": "50444000", "incomeTaxExpense": "618000", "interestAndDebtExpense": "None", "netIncomeFromContinuingOperations": "-117580000", "comprehensiveIncomeNetOfTax": "None", "ebit": "89539000", "ebitda": "215899000", "netIncome": "47393000"}, {"fiscalDateEnding": "2017-03-31", "reportedCurrency": "USD", "grossProfit": "107638000", "totalRevenue": "378908000", "costOfRevenue": "271270000", "costofGoodsAndServicesSold": "271270000", "operatingIncome": "77656000", "sellingGeneralAndAdministrative": "23821000", "researchAndDevelopment": "0", "operatingExpenses": "23821000", "investmentIncomeNet": "None", "netInterestIncome": "None", "interestIncome": "None", "interestExpense": "36584000", "nonInterestIncome": "None", "otherNonOperatingIncome": "3086000", "depreciation": "None", "depreciationAndAmortization": "129997000", "incomeBeforeTax": "43710000", "incomeTaxExpense": "651000", "interestAndDebtExpense": "None", "netIncomeFromContinuingOperations": "43710000", "comprehensiveIncomeNetOfTax": "None", "ebit": "80379000", "ebitda": "210376000", "netIncome": "40983000"}, {"fiscalDateEnding": "2016-12-31", "reportedCurrency": "USD", "grossProfit": "99195000", "totalRevenue": "307198000", "costOfRevenue": "208003000", "costofGoodsAndServicesSold": "208003000", "operatingIncome": "43857000", "sellingGeneralAndAdministrative": "17654000", "researchAndDevelopment": "0", "operatingExpenses": "17654000", "investmentIncomeNet": "None", "netInterestIncome": "None", "interestIncome": "None", "interestExpense": "33529000", "nonInterestIncome": "None", "otherNonOperatingIncome": "None", "depreciation": "None", "depreciationAndAmortization": "95129000", "incomeBeforeTax": "42343000", "incomeTaxExpense": "499000", "interestAndDebtExpense": "None", "netIncomeFromContinuingOperations": "275555000", "comprehensiveIncomeNetOfTax": "None", "ebit": "80792000", "ebitda": "175921000", "netIncome": "39386000"}, {"fiscalDateEnding": "2016-09-30", "reportedCurrency": "USD", "grossProfit": "93293000", "totalRevenue": "276898000", "costOfRevenue": "183605000", "costofGoodsAndServicesSold": "183605000", "operatingIncome": "73790000", "sellingGeneralAndAdministrative": "14569000", "researchAndDevelopment": "0", "operatingExpenses": "14569000", "investmentIncomeNet": "None", "netInterestIncome": "None", "interestIncome": "None", "interestExpense": "32168000", "nonInterestIncome": "None", "otherNonOperatingIncome": "None", "depreciation": "None", "depreciationAndAmortization": "76959000", "incomeBeforeTax": "89360000", "incomeTaxExpense": "454000", "interestAndDebtExpense": "None", "netIncomeFromContinuingOperations": "-96297000", "comprehensiveIncomeNetOfTax": "None", "ebit": "77691000", "ebitda": "154650000", "netIncome": "84279000"}, {"fiscalDateEnding": "2016-06-30", "reportedCurrency": "USD", "grossProfit": "93539000", "totalRevenue": "272236000", "costOfRevenue": "178697000", "costofGoodsAndServicesSold": "178697000", "operatingIncome": "77794000", "sellingGeneralAndAdministrative": "15324000", "researchAndDevelopment": "0", "operatingExpenses": "15324000", "investmentIncomeNet": "None", "netInterestIncome": "None", "interestIncome": "None", "interestExpense": "32039000", "nonInterestIncome": "None", "otherNonOperatingIncome": "None", "depreciation": "None", "depreciationAndAmortization": "75742000", "incomeBeforeTax": "48188000", "incomeTaxExpense": "457000", "interestAndDebtExpense": "None", "netIncomeFromContinuingOperations": "45144000", "comprehensiveIncomeNetOfTax": "None", "ebit": "78018000", "ebitda": "153760000", "netIncome": "45144000"}, {"fiscalDateEnding": "2016-03-31", "reportedCurrency": "USD", "grossProfit": "93008000", "totalRevenue": "269016000", "costOfRevenue": "176008000", "costofGoodsAndServicesSold": "176008000", "operatingIncome": "76709000", "sellingGeneralAndAdministrative": "15586000", "researchAndDevelopment": "0", "operatingExpenses": "15586000", "investmentIncomeNet": "None", "netInterestIncome": "None", "interestIncome": "None", "interestExpense": "32211000", "nonInterestIncome": "None", "otherNonOperatingIncome": "None", "depreciation": "None", "depreciationAndAmortization": "75127000", "incomeBeforeTax": "45968000", "incomeTaxExpense": "288000", "interestAndDebtExpense": "None", "netIncomeFromContinuingOperations": "0", "comprehensiveIncomeNetOfTax": "None", "ebit": "76730000", "ebitda": "151857000", "netIncome": "43413000"}, {"fiscalDateEnding": "2015-12-31", "reportedCurrency": "USD", "grossProfit": "91882000", "totalRevenue": "263337000", "costOfRevenue": "171455000", "costofGoodsAndServicesSold": "171455000", "operatingIncome": "76763000", "sellingGeneralAndAdministrative": "14497000", "researchAndDevelopment": "0", "operatingExpenses": "14497000", "investmentIncomeNet": "None", "netInterestIncome": "None", "interestIncome": "None", "interestExpense": "30833000", "nonInterestIncome": "None", "otherNonOperatingIncome": "None", "depreciation": "None", "depreciationAndAmortization": "73914000", "incomeBeforeTax": "45618000", "incomeTaxExpense": "254000", "interestAndDebtExpense": "None", "netIncomeFromContinuingOperations": "350745000", "comprehensiveIncomeNetOfTax": "None", "ebit": "76502000", "ebitda": "150416000", "netIncome": "42987000"}, {"fiscalDateEnding": "2015-09-30", "reportedCurrency": "USD", "grossProfit": "87301000", "totalRevenue": "261998000", "costOfRevenue": "174697000", "costofGoodsAndServicesSold": "174697000", "operatingIncome": "73138000", "sellingGeneralAndAdministrative": "13507000", "researchAndDevelopment": "0", "operatingExpenses": "13507000", "investmentIncomeNet": "None", "netInterestIncome": "None", "interestIncome": "None", "interestExpense": "29342000", "nonInterestIncome": "None", "otherNonOperatingIncome": "None", "depreciation": "None", "depreciationAndAmortization": "73098000", "incomeBeforeTax": "97341000", "incomeTaxExpense": "512000", "interestAndDebtExpense": "None", "netIncomeFromContinuingOperations": "0", "comprehensiveIncomeNetOfTax": "None", "ebit": "73216000", "ebitda": "146314000", "netIncome": "91734000"}, {"fiscalDateEnding": "2015-06-30", "reportedCurrency": "USD", "grossProfit": "83639000", "totalRevenue": "258891000", "costOfRevenue": "175252000", "costofGoodsAndServicesSold": "175252000", "operatingIncome": "68837000", "sellingGeneralAndAdministrative": "13643000", "researchAndDevelopment": "0", "operatingExpenses": "13643000", "investmentIncomeNet": "None", "netInterestIncome": "None", "interestIncome": "None", "interestExpense": "29528000", "nonInterestIncome": "None", "otherNonOperatingIncome": "None", "depreciation": "None", "depreciationAndAmortization": "74396000", "incomeBeforeTax": "144294000", "incomeTaxExpense": "398000", "interestAndDebtExpense": "None", "netIncomeFromContinuingOperations": "0", "comprehensiveIncomeNetOfTax": "None", "ebit": "69089000", "ebitda": "143485000", "netIncome": "136299000"}, {"fiscalDateEnding": "2015-03-31", "reportedCurrency": "USD", "grossProfit": "84305000", "totalRevenue": "257811000", "costOfRevenue": "173506000", "costofGoodsAndServicesSold": "173506000", "operatingIncome": "68907000", "sellingGeneralAndAdministrative": "15059000", "researchAndDevelopment": "0", "operatingExpenses": "15059000", "investmentIncomeNet": "None", "netInterestIncome": "None", "interestIncome": "None", "interestExpense": "29931000", "nonInterestIncome": "None", "otherNonOperatingIncome": "None", "depreciation": "None", "depreciationAndAmortization": "73112000", "incomeBeforeTax": "64735000", "incomeTaxExpense": "510000", "interestAndDebtExpense": "None", "netIncomeFromContinuingOperations": "0", "comprehensiveIncomeNetOfTax": "None", "ebit": "69398000", "ebitda": "142510000", "netIncome": "61267000"}, {"fiscalDateEnding": "2014-12-31", "reportedCurrency": "USD", "grossProfit": "83818000", "totalRevenue": "252474000", "costOfRevenue": "168656000", "costofGoodsAndServicesSold": "168656000", "operatingIncome": "68276000", "sellingGeneralAndAdministrative": "12920000", "researchAndDevelopment": "0", "operatingExpenses": "12920000", "investmentIncomeNet": "None", "netInterestIncome": "None", "interestIncome": "None", "interestExpense": "31685000", "nonInterestIncome": "None", "otherNonOperatingIncome": "None", "depreciation": "None", "depreciationAndAmortization": "71945000", "incomeBeforeTax": "36805000", "incomeTaxExpense": "815000", "interestAndDebtExpense": "None", "netIncomeFromContinuingOperations": "150946000", "comprehensiveIncomeNetOfTax": "None", "ebit": "68155000", "ebitda": "140100000", "netIncome": "34525000"}, {"fiscalDateEnding": "2014-09-30", "reportedCurrency": "USD", "grossProfit": "77926000", "totalRevenue": "248781000", "costOfRevenue": "170855000", "costofGoodsAndServicesSold": "170855000", "operatingIncome": "63495000", "sellingGeneralAndAdministrative": "13940000", "researchAndDevelopment": "0", "operatingExpenses": "13940000", "investmentIncomeNet": "None", "netInterestIncome": "None", "interestIncome": "None", "interestExpense": "28251000", "nonInterestIncome": "None", "otherNonOperatingIncome": "None", "depreciation": "None", "depreciationAndAmortization": "70222000", "incomeBeforeTax": "67649000", "incomeTaxExpense": "442000", "interestAndDebtExpense": "None", "netIncomeFromContinuingOperations": "0", "comprehensiveIncomeNetOfTax": "None", "ebit": "97387000", "ebitda": "167609000", "netIncome": "66976000"}, {"fiscalDateEnding": "2014-06-30", "reportedCurrency": "USD", "grossProfit": "77301000", "totalRevenue": "244554000", "costOfRevenue": "167253000", "costofGoodsAndServicesSold": "167253000", "operatingIncome": "57617000", "sellingGeneralAndAdministrative": "14791000", "researchAndDevelopment": "0", "operatingExpenses": "14791000", "investmentIncomeNet": "None", "netInterestIncome": "None", "interestIncome": "None", "interestExpense": "30163000", "nonInterestIncome": "None", "otherNonOperatingIncome": "None", "depreciation": "None", "depreciationAndAmortization": "69631000", "incomeBeforeTax": "26906000", "incomeTaxExpense": "523000", "interestAndDebtExpense": "None", "netIncomeFromContinuingOperations": "0", "comprehensiveIncomeNetOfTax": "None", "ebit": "62157000", "ebitda": "131788000", "netIncome": "31613000"}, {"fiscalDateEnding": "2014-03-31", "reportedCurrency": "USD", "grossProfit": "56111000", "totalRevenue": "243487000", "costOfRevenue": "187376000", "costofGoodsAndServicesSold": "187376000", "operatingIncome": "38829000", "sellingGeneralAndAdministrative": "11353000", "researchAndDevelopment": "0", "operatingExpenses": "11353000", "investmentIncomeNet": "None", "netInterestIncome": "None", "interestIncome": "None", "interestExpense": "30676000", "nonInterestIncome": "None", "otherNonOperatingIncome": "None", "depreciation": "None", "depreciationAndAmortization": "90013000", "incomeBeforeTax": "6992000", "incomeTaxExpense": "270000", "interestAndDebtExpense": "None", "netIncomeFromContinuingOperations": "9819000", "comprehensiveIncomeNetOfTax": "None", "ebit": "42245000", "ebitda": "132258000", "netIncome": "14866000"}, {"fiscalDateEnding": "2013-12-31", "reportedCurrency": "USD", "grossProfit": "55532000", "totalRevenue": "239607000", "costOfRevenue": "184075000", "costofGoodsAndServicesSold": "184075000", "operatingIncome": "15719000", "sellingGeneralAndAdministrative": "12747000", "researchAndDevelopment": "0", "operatingExpenses": "12747000", "investmentIncomeNet": "None", "netInterestIncome": "None", "interestIncome": "None", "interestExpense": "30258000", "nonInterestIncome": "None", "otherNonOperatingIncome": "None", "depreciation": "None", "depreciationAndAmortization": "89796000", "incomeBeforeTax": "-15410000", "incomeTaxExpense": "224000", "interestAndDebtExpense": "None", "netIncomeFromContinuingOperations": "0", "comprehensiveIncomeNetOfTax": "None", "ebit": "15229000", "ebitda": "105025000", "netIncome": "-9272000"}, {"fiscalDateEnding": "2013-09-30", "reportedCurrency": "USD", "grossProfit": "47287000", "totalRevenue": "136440000", "costOfRevenue": "89153000", "costofGoodsAndServicesSold": "89153000", "operatingIncome": "32522000", "sellingGeneralAndAdministrative": "9169000", "researchAndDevelopment": "0", "operatingExpenses": "9169000", "investmentIncomeNet": "None", "netInterestIncome": "None", "interestIncome": "None", "interestExpense": "14941000", "nonInterestIncome": "None", "otherNonOperatingIncome": "-962000", "depreciation": "None", "depreciationAndAmortization": "33000000", "incomeBeforeTax": "16559000", "incomeTaxExpense": "-27725000", "interestAndDebtExpense": "None", "netIncomeFromContinuingOperations": "16619000", "comprehensiveIncomeNetOfTax": "None", "ebit": "32305000", "ebitda": "65305000", "netIncome": "44284000"}, {"fiscalDateEnding": "2013-06-30", "reportedCurrency": "USD", "grossProfit": "47630000", "totalRevenue": "134112000", "costOfRevenue": "86482000", "costofGoodsAndServicesSold": "86482000", "operatingIncome": "32569000", "sellingGeneralAndAdministrative": "8835000", "researchAndDevelopment": "0", "operatingExpenses": "8835000", "investmentIncomeNet": "None", "netInterestIncome": "None", "interestIncome": "None", "interestExpense": "15271000", "nonInterestIncome": "None", "otherNonOperatingIncome": "None", "depreciation": "None", "depreciationAndAmortization": "32730000", "incomeBeforeTax": "16957000", "incomeTaxExpense": "-42132000", "interestAndDebtExpense": "None", "netIncomeFromContinuingOperations": "0", "comprehensiveIncomeNetOfTax": "None", "ebit": "32848000", "ebitda": "65578000", "netIncome": "59089000"}, {"fiscalDateEnding": "2013-03-31", "reportedCurrency": "USD", "grossProfit": "47157000", "totalRevenue": "133367000", "costOfRevenue": "86210000", "costofGoodsAndServicesSold": "86210000", "operatingIncome": "38577000", "sellingGeneralAndAdministrative": "8570000", "researchAndDevelopment": "0", "operatingExpenses": "8570000", "investmentIncomeNet": "None", "netInterestIncome": "None", "interestIncome": "None", "interestExpense": "15716000", "nonInterestIncome": "None", "otherNonOperatingIncome": "None", "depreciation": "None", "depreciationAndAmortization": "33433000", "incomeBeforeTax": "21951000", "incomeTaxExpense": "771000", "interestAndDebtExpense": "None", "netIncomeFromContinuingOperations": "0", "comprehensiveIncomeNetOfTax": "None", "ebit": "36741000", "ebitda": "70174000", "netIncome": "21180000"}, {"fiscalDateEnding": "2012-12-31", "reportedCurrency": "USD", "grossProfit": "-46469000", "totalRevenue": "132422000", "costOfRevenue": "178891000", "costofGoodsAndServicesSold": "178891000", "operatingIncome": "37285000", "sellingGeneralAndAdministrative": "3326000", "researchAndDevelopment": "0", "operatingExpenses": "-83761000", "investmentIncomeNet": "None", "netInterestIncome": "None", "interestIncome": "None", "interestExpense": "15773000", "nonInterestIncome": "None", "otherNonOperatingIncome": "None", "depreciation": "None", "depreciationAndAmortization": "34504000", "incomeBeforeTax": "22307000", "incomeTaxExpense": "-22307000", "interestAndDebtExpense": "None", "netIncomeFromContinuingOperations": "0", "comprehensiveIncomeNetOfTax": "None", "ebit": "31974000", "ebitda": "66478000", "netIncome": "22307000"}, {"fiscalDateEnding": "2012-09-30", "reportedCurrency": "USD", "grossProfit": "74278000", "totalRevenue": "127110000", "costOfRevenue": "52832000", "costofGoodsAndServicesSold": "52832000", "operatingIncome": "31964000", "sellingGeneralAndAdministrative": "3527000", "researchAndDevelopment": "0", "operatingExpenses": "40971000", "investmentIncomeNet": "None", "netInterestIncome": "None", "interestIncome": "None", "interestExpense": "14698000", "nonInterestIncome": "None", "otherNonOperatingIncome": "None", "depreciation": "None", "depreciationAndAmortization": "33350000", "incomeBeforeTax": "30866000", "incomeTaxExpense": "-30866000", "interestAndDebtExpense": "None", "netIncomeFromContinuingOperations": "0", "comprehensiveIncomeNetOfTax": "None", "ebit": "29736000", "ebitda": "63086000", "netIncome": "30866000"}, {"fiscalDateEnding": "2012-06-30", "reportedCurrency": "USD", "grossProfit": "73014000", "totalRevenue": "123922000", "costOfRevenue": "50908000", "costofGoodsAndServicesSold": "50908000", "operatingIncome": "31568000", "sellingGeneralAndAdministrative": "3462000", "researchAndDevelopment": "0", "operatingExpenses": "40581000", "investmentIncomeNet": "None", "netInterestIncome": "None", "interestIncome": "None", "interestExpense": "14270000", "nonInterestIncome": "None", "otherNonOperatingIncome": "None", "depreciation": "None", "depreciationAndAmortization": "32792000", "incomeBeforeTax": "16458000", "incomeTaxExpense": "-11702000", "interestAndDebtExpense": "None", "netIncomeFromContinuingOperations": "0", "comprehensiveIncomeNetOfTax": "None", "ebit": "29368000", "ebitda": "62160000", "netIncome": "28160000"}, {"fiscalDateEnding": "2012-03-31", "reportedCurrency": "USD", "grossProfit": "69789000", "totalRevenue": "119631000", "costOfRevenue": "49842000", "costofGoodsAndServicesSold": "49842000", "operatingIncome": "30879000", "sellingGeneralAndAdministrative": "3447000", "researchAndDevelopment": "0", "operatingExpenses": "38910000", "investmentIncomeNet": "None", "netInterestIncome": "None", "interestIncome": "None", "interestExpense": "14350000", "nonInterestIncome": "None", "otherNonOperatingIncome": "None", "depreciation": "None", "depreciationAndAmortization": "30643000", "incomeBeforeTax": "15851000", "incomeTaxExpense": "-8039000", "interestAndDebtExpense": "None", "netIncomeFromContinuingOperations": "0", "comprehensiveIncomeNetOfTax": "None", "ebit": "30256000", "ebitda": "60899000", "netIncome": "23890000"}, {"fiscalDateEnding": "2011-12-31", "reportedCurrency": "USD", "grossProfit": "67955000", "totalRevenue": "115826000", "costOfRevenue": "47871000", "costofGoodsAndServicesSold": "47871000", "operatingIncome": "26798000", "sellingGeneralAndAdministrative": "38823000", "researchAndDevelopment": "0", "operatingExpenses": "40169000", "investmentIncomeNet": "None", "netInterestIncome": "None", "interestIncome": "None", "interestExpense": "14997000", "nonInterestIncome": "None", "otherNonOperatingIncome": "None", "depreciation": "None", "depreciationAndAmortization": "31854000", "incomeBeforeTax": "18758000", "incomeTaxExpense": "-18758000", "interestAndDebtExpense": "None", "netIncomeFromContinuingOperations": "0", "comprehensiveIncomeNetOfTax": "None", "ebit": "27786000", "ebitda": "59640000", "netIncome": "18758000"}, {"fiscalDateEnding": "2011-09-30", "reportedCurrency": "USD", "grossProfit": "64909000", "totalRevenue": "115827000", "costOfRevenue": "50918000", "costofGoodsAndServicesSold": "50918000", "operatingIncome": "26074000", "sellingGeneralAndAdministrative": "3996000", "researchAndDevelopment": "0", "operatingExpenses": "38243000", "investmentIncomeNet": "None", "netInterestIncome": "None", "interestIncome": "None", "interestExpense": "15487000", "nonInterestIncome": "None", "otherNonOperatingIncome": "-786000", "depreciation": "None", "depreciationAndAmortization": "30157000", "incomeBeforeTax": "13791000", "incomeTaxExpense": "-13791000", "interestAndDebtExpense": "None", "netIncomeFromContinuingOperations": "9515000", "comprehensiveIncomeNetOfTax": "None", "ebit": "25387000", "ebitda": "55544000", "netIncome": "13791000"}, {"fiscalDateEnding": "2011-06-30", "reportedCurrency": "USD", "grossProfit": "63076000", "totalRevenue": "110489000", "costOfRevenue": "47413000", "costofGoodsAndServicesSold": "47413000", "operatingIncome": "22902000", "sellingGeneralAndAdministrative": "5439000", "researchAndDevelopment": "0", "operatingExpenses": "38654000", "investmentIncomeNet": "None", "netInterestIncome": "None", "interestIncome": "None", "interestExpense": "14149000", "nonInterestIncome": "None", "otherNonOperatingIncome": "-819000", "depreciation": "None", "depreciationAndAmortization": "28862000", "incomeBeforeTax": "7669000", "incomeTaxExpense": "241000", "interestAndDebtExpense": "None", "netIncomeFromContinuingOperations": "7669000", "comprehensiveIncomeNetOfTax": "None", "ebit": "20984000", "ebitda": "49846000", "netIncome": "7428000"}, {"fiscalDateEnding": "2011-03-31", "reportedCurrency": "USD", "grossProfit": "61738000", "totalRevenue": "107338000", "costOfRevenue": "45600000", "costofGoodsAndServicesSold": "45600000", "operatingIncome": "24024000", "sellingGeneralAndAdministrative": "4610000", "researchAndDevelopment": "0", "operatingExpenses": "37495000", "investmentIncomeNet": "None", "netInterestIncome": "None", "interestIncome": "None", "interestExpense": "13990000", "nonInterestIncome": "None", "otherNonOperatingIncome": "-731000", "depreciation": "None", "depreciationAndAmortization": "28456000", "incomeBeforeTax": "9155000", "incomeTaxExpense": "311000", "interestAndDebtExpense": "None", "netIncomeFromContinuingOperations": "9400000", "comprehensiveIncomeNetOfTax": "None", "ebit": "22555000", "ebitda": "51011000", "netIncome": "8844000"}, {"fiscalDateEnding": "2010-12-31", "reportedCurrency": "USD", "grossProfit": "135692000", "totalRevenue": "104480000", "costOfRevenue": "-31212000", "costofGoodsAndServicesSold": "-31212000", "operatingIncome": "66076000", "sellingGeneralAndAdministrative": "28540000", "researchAndDevelopment": "0", "operatingExpenses": "112272000", "investmentIncomeNet": "None", "netInterestIncome": "None", "interestIncome": "None", "interestExpense": "14514000", "nonInterestIncome": "None", "otherNonOperatingIncome": "None", "depreciation": "None", "depreciationAndAmortization": "28285000", "incomeBeforeTax": "6940000", "incomeTaxExpense": "-6940000", "interestAndDebtExpense": "None", "netIncomeFromContinuingOperations": "0", "comprehensiveIncomeNetOfTax": "None", "ebit": "23420000", "ebitda": "51705000", "netIncome": "6940000"}, {"fiscalDateEnding": "2010-09-30", "reportedCurrency": "USD", "grossProfit": "29778000", "totalRevenue": "101384000", "costOfRevenue": "71606000", "costofGoodsAndServicesSold": "71606000", "operatingIncome": "7255000", "sellingGeneralAndAdministrative": "2957000", "researchAndDevelopment": "0", "operatingExpenses": "7504000", "investmentIncomeNet": "None", "netInterestIncome": "None", "interestIncome": "None", "interestExpense": "13598000", "nonInterestIncome": "None", "otherNonOperatingIncome": "None", "depreciation": "None", "depreciationAndAmortization": "27141000", "incomeBeforeTax": "6749000", "incomeTaxExpense": "-6749000", "interestAndDebtExpense": "None", "netIncomeFromContinuingOperations": "0", "comprehensiveIncomeNetOfTax": "None", "ebit": "22163000", "ebitda": "49304000", "netIncome": "6749000"}, {"fiscalDateEnding": "2010-06-30", "reportedCurrency": "USD", "grossProfit": "31306000", "totalRevenue": "98901000", "costOfRevenue": "67595000", "costofGoodsAndServicesSold": "67595000", "operatingIncome": "23231000", "sellingGeneralAndAdministrative": "3110000", "researchAndDevelopment": "0", "operatingExpenses": "7589000", "investmentIncomeNet": "None", "netInterestIncome": "None", "interestIncome": "None", "interestExpense": "13993000", "nonInterestIncome": "None", "otherNonOperatingIncome": "None", "depreciation": "None", "depreciationAndAmortization": "25591000", "incomeBeforeTax": "6660000", "incomeTaxExpense": "-6660000", "interestAndDebtExpense": "None", "netIncomeFromContinuingOperations": "0", "comprehensiveIncomeNetOfTax": "None", "ebit": "20787000", "ebitda": "46378000", "netIncome": "6660000"}, {"fiscalDateEnding": "2010-03-31", "reportedCurrency": "USD", "grossProfit": "30833000", "totalRevenue": "97464000", "costOfRevenue": "66631000", "costofGoodsAndServicesSold": "66631000", "operatingIncome": "23769000", "sellingGeneralAndAdministrative": "2811000", "researchAndDevelopment": "0", "operatingExpenses": "7088000", "investmentIncomeNet": "None", "netInterestIncome": "None", "interestIncome": "None", "interestExpense": "13891000", "nonInterestIncome": "None", "otherNonOperatingIncome": "None", "depreciation": "None", "depreciationAndAmortization": "25675000", "incomeBeforeTax": "9412000", "incomeTaxExpense": "-9412000", "interestAndDebtExpense": "None", "netIncomeFromContinuingOperations": "0", "comprehensiveIncomeNetOfTax": "None", "ebit": "23740000", "ebitda": "49415000", "netIncome": "9412000"}, {"fiscalDateEnding": "2009-12-31", "reportedCurrency": "USD", "grossProfit": "-41051000", "totalRevenue": "95987000", "costOfRevenue": "137038000", "costofGoodsAndServicesSold": "137038000", "operatingIncome": "21971000", "sellingGeneralAndAdministrative": "28726000", "researchAndDevelopment": "0", "operatingExpenses": "-63833000", "investmentIncomeNet": "None", "netInterestIncome": "None", "interestIncome": "None", "interestExpense": "14022000", "nonInterestIncome": "None", "otherNonOperatingIncome": "None", "depreciation": "None", "depreciationAndAmortization": "25296000", "incomeBeforeTax": "9306000", "incomeTaxExpense": "-9306000", "interestAndDebtExpense": "None", "netIncomeFromContinuingOperations": "0", "comprehensiveIncomeNetOfTax": "None", "ebit": "22782000", "ebitda": "48078000", "netIncome": "9306000"}, {"fiscalDateEnding": "2009-09-30", "reportedCurrency": "USD", "grossProfit": "52862000", "totalRevenue": "94524000", "costOfRevenue": "41662000", "costofGoodsAndServicesSold": "41662000", "operatingIncome": "21749000", "sellingGeneralAndAdministrative": "227000", "researchAndDevelopment": "0", "operatingExpenses": "31083000", "investmentIncomeNet": "None", "netInterestIncome": "None", "interestIncome": "None", "interestExpense": "14371000", "nonInterestIncome": "None", "otherNonOperatingIncome": "None", "depreciation": "None", "depreciationAndAmortization": "23913000", "incomeBeforeTax": "20734000", "incomeTaxExpense": "14873000", "interestAndDebtExpense": "None", "netIncomeFromContinuingOperations": "0", "comprehensiveIncomeNetOfTax": "None", "ebit": "22366000", "ebitda": "46279000", "netIncome": "6618000"}, {"fiscalDateEnding": "2009-06-30", "reportedCurrency": "USD", "grossProfit": "31822000", "totalRevenue": "94433000", "costOfRevenue": "62611000", "costofGoodsAndServicesSold": "62611000", "operatingIncome": "24526000", "sellingGeneralAndAdministrative": "2459000", "researchAndDevelopment": "0", "operatingExpenses": "7189000", "investmentIncomeNet": "None", "netInterestIncome": "None", "interestIncome": "None", "interestExpense": "14472000", "nonInterestIncome": "None", "otherNonOperatingIncome": "None", "depreciation": "None", "depreciationAndAmortization": "24406000", "incomeBeforeTax": "23534000", "incomeTaxExpense": "14329000", "interestAndDebtExpense": "None", "netIncomeFromContinuingOperations": "0", "comprehensiveIncomeNetOfTax": "None", "ebit": "24633000", "ebitda": "49039000", "netIncome": "10148000"}, {"fiscalDateEnding": "2009-03-31", "reportedCurrency": "USD", "grossProfit": "31784000", "totalRevenue": "93600000", "costOfRevenue": "61816000", "costofGoodsAndServicesSold": "61816000", "operatingIncome": "25084000", "sellingGeneralAndAdministrative": "2459000", "researchAndDevelopment": "0", "operatingExpenses": "6700000", "investmentIncomeNet": "None", "netInterestIncome": "None", "interestIncome": "None", "interestExpense": "14229000", "nonInterestIncome": "None", "otherNonOperatingIncome": "None", "depreciation": "None", "depreciationAndAmortization": "24191000", "incomeBeforeTax": "11139000", "incomeTaxExpense": "-11139000", "interestAndDebtExpense": "None", "netIncomeFromContinuingOperations": "0", "comprehensiveIncomeNetOfTax": "None", "ebit": "25086000", "ebitda": "49277000", "netIncome": "11139000"}, {"fiscalDateEnding": "2008-12-31", "reportedCurrency": "USD", "grossProfit": "-35186000", "totalRevenue": "94838000", "costOfRevenue": "130024000", "costofGoodsAndServicesSold": "130024000", "operatingIncome": "24173000", "sellingGeneralAndAdministrative": "25806000", "researchAndDevelopment": "0", "operatingExpenses": "-59359000", "investmentIncomeNet": "None", "netInterestIncome": "None", "interestIncome": "None", "interestExpense": "15826000", "nonInterestIncome": "None", "otherNonOperatingIncome": "None", "depreciation": "None", "depreciationAndAmortization": "25108000", "incomeBeforeTax": "7733000", "incomeTaxExpense": "-7733000", "interestAndDebtExpense": "None", "netIncomeFromContinuingOperations": "0", "comprehensiveIncomeNetOfTax": "None", "ebit": "24173000", "ebitda": "49281000", "netIncome": "7733000"}, {"fiscalDateEnding": "2008-09-30", "reportedCurrency": "USD", "grossProfit": "52613000", "totalRevenue": "93415000", "costOfRevenue": "40802000", "costofGoodsAndServicesSold": "40802000", "operatingIncome": "22887000", "sellingGeneralAndAdministrative": "8747000", "researchAndDevelopment": "0", "operatingExpenses": "29726000", "investmentIncomeNet": "None", "netInterestIncome": "None", "interestIncome": "None", "interestExpense": "15004000", "nonInterestIncome": "None", "otherNonOperatingIncome": "None", "depreciation": "None", "depreciationAndAmortization": "22558000", "incomeBeforeTax": "6193000", "incomeTaxExpense": "-6193000", "interestAndDebtExpense": "None", "netIncomeFromContinuingOperations": "0", "comprehensiveIncomeNetOfTax": "None", "ebit": "23461000", "ebitda": "46019000", "netIncome": "6193000"}, {"fiscalDateEnding": "2008-06-30", "reportedCurrency": "USD", "grossProfit": "54154000", "totalRevenue": "92834000", "costOfRevenue": "38680000", "costofGoodsAndServicesSold": "38680000", "operatingIncome": "24516000", "sellingGeneralAndAdministrative": "5751000", "researchAndDevelopment": "0", "operatingExpenses": "29638000", "investmentIncomeNet": "None", "netInterestIncome": "None", "interestIncome": "None", "interestExpense": "15145000", "nonInterestIncome": "None", "otherNonOperatingIncome": "None", "depreciation": "None", "depreciationAndAmortization": "22906000", "incomeBeforeTax": "8644000", "incomeTaxExpense": "-8644000", "interestAndDebtExpense": "None", "netIncomeFromContinuingOperations": "0", "comprehensiveIncomeNetOfTax": "None", "ebit": "23556000", "ebitda": "46462000", "netIncome": "8644000"}, {"fiscalDateEnding": "2008-03-31", "reportedCurrency": "USD", "grossProfit": "-15648000", "totalRevenue": "92144000", "costOfRevenue": "107792000", "costofGoodsAndServicesSold": "107792000", "operatingIncome": "25082000", "sellingGeneralAndAdministrative": "2920000", "researchAndDevelopment": "0", "operatingExpenses": "59884000", "investmentIncomeNet": "None", "netInterestIncome": "None", "interestIncome": "None", "interestExpense": "7679000", "nonInterestIncome": "None", "otherNonOperatingIncome": "None", "depreciation": "None", "depreciationAndAmortization": "22896000", "incomeBeforeTax": "7679000", "incomeTaxExpense": "-7679000", "interestAndDebtExpense": "None", "netIncomeFromContinuingOperations": "0", "comprehensiveIncomeNetOfTax": "None", "ebit": "24753000", "ebitda": "47649000", "netIncome": "7679000"}, {"fiscalDateEnding": "2007-12-31", "reportedCurrency": "USD", "grossProfit": "91023000", "totalRevenue": "91023000", "costOfRevenue": "65133000", "costofGoodsAndServicesSold": "65133000", "operatingIncome": "24894000", "sellingGeneralAndAdministrative": "3179000", "researchAndDevelopment": "0", "operatingExpenses": "58182000", "investmentIncomeNet": "None", "netInterestIncome": "None", "interestIncome": "None", "interestExpense": "7604000", "nonInterestIncome": "None", "otherNonOperatingIncome": "None", "depreciation": "None", "depreciationAndAmortization": "22476000", "incomeBeforeTax": "7604000", "incomeTaxExpense": "-7604000", "interestAndDebtExpense": "None", "netIncomeFromContinuingOperations": "0", "comprehensiveIncomeNetOfTax": "None", "ebit": "32841000", "ebitda": "55317000", "netIncome": "7604000"}, {"fiscalDateEnding": "2007-09-30", "reportedCurrency": "USD", "grossProfit": "-216966000", "totalRevenue": "90164000", "costOfRevenue": "307130000", "costofGoodsAndServicesSold": "307130000", "operatingIncome": "24220000", "sellingGeneralAndAdministrative": "2401000", "researchAndDevelopment": "0", "operatingExpenses": "59115000", "investmentIncomeNet": "None", "netInterestIncome": "None", "interestIncome": "None", "interestExpense": "11900000", "nonInterestIncome": "None", "otherNonOperatingIncome": "None", "depreciation": "None", "depreciationAndAmortization": "22573000", "incomeBeforeTax": "11900000", "incomeTaxExpense": "-11900000", "interestAndDebtExpense": "None", "netIncomeFromContinuingOperations": "0", "comprehensiveIncomeNetOfTax": "None", "ebit": "22687000", "ebitda": "45260000", "netIncome": "11900000"}, {"fiscalDateEnding": "2007-06-30", "reportedCurrency": "USD", "grossProfit": "-115560000", "totalRevenue": "86779000", "costOfRevenue": "202339000", "costofGoodsAndServicesSold": "202339000", "operatingIncome": "22262000", "sellingGeneralAndAdministrative": "2882000", "researchAndDevelopment": "0", "operatingExpenses": "64465000", "investmentIncomeNet": "None", "netInterestIncome": "None", "interestIncome": "None", "interestExpense": "9118000", "nonInterestIncome": "None", "otherNonOperatingIncome": "None", "depreciation": "None", "depreciationAndAmortization": "21682000", "incomeBeforeTax": "9118000", "incomeTaxExpense": "-9118000", "interestAndDebtExpense": "None", "netIncomeFromContinuingOperations": "0", "comprehensiveIncomeNetOfTax": "None", "ebit": "22266000", "ebitda": "43948000", "netIncome": "9118000"}, {"fiscalDateEnding": "2007-03-31", "reportedCurrency": "USD", "grossProfit": "-14817000", "totalRevenue": "84991000", "costOfRevenue": "99808000", "costofGoodsAndServicesSold": "99808000", "operatingIncome": "21669000", "sellingGeneralAndAdministrative": "2930000", "researchAndDevelopment": "0", "operatingExpenses": "63322000", "investmentIncomeNet": "None", "netInterestIncome": "None", "interestIncome": "None", "interestExpense": "11324000", "nonInterestIncome": "None", "otherNonOperatingIncome": "None", "depreciation": "None", "depreciationAndAmortization": "21849000", "incomeBeforeTax": "11324000", "incomeTaxExpense": "-11324000", "interestAndDebtExpense": "None", "netIncomeFromContinuingOperations": "0", "comprehensiveIncomeNetOfTax": "None", "ebit": "28757000", "ebitda": "50606000", "netIncome": "11324000"}, {"fiscalDateEnding": "2006-12-31", "reportedCurrency": "USD", "grossProfit": "9057000", "totalRevenue": "84888000", "costOfRevenue": "75831000", "costofGoodsAndServicesSold": "75831000", "operatingIncome": "21389000", "sellingGeneralAndAdministrative": "3178000", "researchAndDevelopment": "0", "operatingExpenses": "38536000", "investmentIncomeNet": "None", "netInterestIncome": "None", "interestIncome": "None", "interestExpense": "4297000", "nonInterestIncome": "None", "otherNonOperatingIncome": "None", "depreciation": "None", "depreciationAndAmortization": "22017000", "incomeBeforeTax": "4297000", "incomeTaxExpense": "-4297000", "interestAndDebtExpense": "None", "netIncomeFromContinuingOperations": "0", "comprehensiveIncomeNetOfTax": "None", "ebit": "46352000", "ebitda": "68369000", "netIncome": "4297000"}, {"fiscalDateEnding": "2006-09-30", "reportedCurrency": "USD", "grossProfit": "-199210000", "totalRevenue": "82749000", "costOfRevenue": "281959000", "costofGoodsAndServicesSold": "281959000", "operatingIncome": "21744000", "sellingGeneralAndAdministrative": "2665000", "researchAndDevelopment": "0", "operatingExpenses": "61005000", "investmentIncomeNet": "None", "netInterestIncome": "None", "interestIncome": "None", "interestExpense": "5630000", "nonInterestIncome": "None", "otherNonOperatingIncome": "None", "depreciation": "None", "depreciationAndAmortization": "20132000", "incomeBeforeTax": "5630000", "incomeTaxExpense": "-5630000", "interestAndDebtExpense": "None", "netIncomeFromContinuingOperations": "0", "comprehensiveIncomeNetOfTax": "None", "ebit": "27389000", "ebitda": "47521000", "netIncome": "5630000"}, {"fiscalDateEnding": "2006-06-30", "reportedCurrency": "USD", "grossProfit": "-13579000", "totalRevenue": "80364000", "costOfRevenue": "93943000", "costofGoodsAndServicesSold": "93943000", "operatingIncome": "28181000", "sellingGeneralAndAdministrative": "2682000", "researchAndDevelopment": "0", "operatingExpenses": "52182000", "investmentIncomeNet": "None", "netInterestIncome": "None", "interestIncome": "None", "interestExpense": "5892000", "nonInterestIncome": "None", "otherNonOperatingIncome": "None", "depreciation": "None", "depreciationAndAmortization": "19860000", "incomeBeforeTax": "5892000", "incomeTaxExpense": "-5892000", "interestAndDebtExpense": "None", "netIncomeFromContinuingOperations": "0", "comprehensiveIncomeNetOfTax": "None", "ebit": "21916000", "ebitda": "41776000", "netIncome": "5892000"}, {"fiscalDateEnding": "2006-03-31", "reportedCurrency": "USD", "grossProfit": "78646000", "totalRevenue": "78646000", "costOfRevenue": "55441000", "costofGoodsAndServicesSold": "55441000", "operatingIncome": "28216000", "sellingGeneralAndAdministrative": "3361000", "researchAndDevelopment": "0", "operatingExpenses": "50430000", "investmentIncomeNet": "None", "netInterestIncome": "None", "interestIncome": "None", "interestExpense": "5126000", "nonInterestIncome": "None", "otherNonOperatingIncome": "None", "depreciation": "None", "depreciationAndAmortization": "19415000", "incomeBeforeTax": "5126000", "incomeTaxExpense": "-5126000", "interestAndDebtExpense": "None", "netIncomeFromContinuingOperations": "0", "comprehensiveIncomeNetOfTax": "None", "ebit": "28216000", "ebitda": "47631000", "netIncome": "5126000"}, {"fiscalDateEnding": "2005-12-31", "reportedCurrency": "USD", "grossProfit": "77997000", "totalRevenue": "77997000", "costOfRevenue": "57635000", "costofGoodsAndServicesSold": "57635000", "operatingIncome": "4579000", "sellingGeneralAndAdministrative": "3206000", "researchAndDevelopment": "0", "operatingExpenses": "51193000", "investmentIncomeNet": "None", "netInterestIncome": "None", "interestIncome": "None", "interestExpense": "3610000", "nonInterestIncome": "None", "otherNonOperatingIncome": "None", "depreciation": "None", "depreciationAndAmortization": "20021000", "incomeBeforeTax": "3610000", "incomeTaxExpense": "-3610000", "interestAndDebtExpense": "None", "netIncomeFromContinuingOperations": "0", "comprehensiveIncomeNetOfTax": "None", "ebit": "26804000", "ebitda": "46825000", "netIncome": "3610000"}, {"fiscalDateEnding": "2005-09-30", "reportedCurrency": "USD", "grossProfit": "-183418000", "totalRevenue": "75155000", "costOfRevenue": "258573000", "costofGoodsAndServicesSold": "258573000", "operatingIncome": "23674000", "sellingGeneralAndAdministrative": "2329000", "researchAndDevelopment": "0", "operatingExpenses": "51481000", "investmentIncomeNet": "None", "netInterestIncome": "None", "interestIncome": "None", "interestExpense": "3615000", "nonInterestIncome": "None", "otherNonOperatingIncome": "None", "depreciation": "None", "depreciationAndAmortization": "19638000", "incomeBeforeTax": "3615000", "incomeTaxExpense": "-3615000", "interestAndDebtExpense": "None", "netIncomeFromContinuingOperations": "0", "comprehensiveIncomeNetOfTax": "None", "ebit": "18303000", "ebitda": "37941000", "netIncome": "3615000"}, {"fiscalDateEnding": "2005-06-30", "reportedCurrency": "USD", "grossProfit": "-97347000", "totalRevenue": "72862000", "costOfRevenue": "170209000", "costofGoodsAndServicesSold": "170209000", "operatingIncome": "24193000", "sellingGeneralAndAdministrative": "2163000", "researchAndDevelopment": "0", "operatingExpenses": "48669000", "investmentIncomeNet": "None", "netInterestIncome": "None", "interestIncome": "None", "interestExpense": "8193000", "nonInterestIncome": "None", "otherNonOperatingIncome": "None", "depreciation": "None", "depreciationAndAmortization": "18893000", "incomeBeforeTax": "8193000", "incomeTaxExpense": "-8193000", "interestAndDebtExpense": "None", "netIncomeFromContinuingOperations": "0", "comprehensiveIncomeNetOfTax": "None", "ebit": "23974000", "ebitda": "42867000", "netIncome": "8193000"}, {"fiscalDateEnding": "2005-03-31", "reportedCurrency": "USD", "grossProfit": "71441000", "totalRevenue": "71441000", "costOfRevenue": "52678000", "costofGoodsAndServicesSold": "52678000", "operatingIncome": "24018000", "sellingGeneralAndAdministrative": "2672000", "researchAndDevelopment": "0", "operatingExpenses": "47423000", "investmentIncomeNet": "None", "netInterestIncome": "None", "interestIncome": "None", "interestExpense": "4326000", "nonInterestIncome": "None", "otherNonOperatingIncome": "None", "depreciation": "None", "depreciationAndAmortization": "18509000", "incomeBeforeTax": "4326000", "incomeTaxExpense": "-4326000", "interestAndDebtExpense": "None", "netIncomeFromContinuingOperations": "0", "comprehensiveIncomeNetOfTax": "None", "ebit": "24018000", "ebitda": "42527000", "netIncome": "4326000"}, {"fiscalDateEnding": "2004-12-31", "reportedCurrency": "USD", "grossProfit": "68690000", "totalRevenue": "68690000", "costOfRevenue": "51473000", "costofGoodsAndServicesSold": "51473000", "operatingIncome": "2410000", "sellingGeneralAndAdministrative": "2401000", "researchAndDevelopment": "0", "operatingExpenses": "46683000", "investmentIncomeNet": "None", "netInterestIncome": "None", "interestIncome": "None", "interestExpense": "12020000", "nonInterestIncome": "None", "otherNonOperatingIncome": "None", "depreciation": "None", "depreciationAndAmortization": "18044000", "incomeBeforeTax": "12020000", "incomeTaxExpense": "-12020000", "interestAndDebtExpense": "None", "netIncomeFromContinuingOperations": "0", "comprehensiveIncomeNetOfTax": "None", "ebit": "22007000", "ebitda": "40051000", "netIncome": "12020000"}]}