{"symbol": "HAS", "annualReports": [{"fiscalDateEnding": "2024-12-31", "reportedCurrency": "USD", "grossProfit": "2671800000", "totalRevenue": "4135500000", "costOfRevenue": "1463700000", "costofGoodsAndServicesSold": "1463700000", "operatingIncome": "690000000", "sellingGeneralAndAdministrative": "1213200000", "researchAndDevelopment": "294100000", "operatingExpenses": "1981800000", "investmentIncomeNet": "None", "netInterestIncome": "-123900000", "interestIncome": "47300000", "interestExpense": "171200000", "nonInterestIncome": "None", "otherNonOperatingIncome": "None", "depreciation": "None", "depreciationAndAmortization": "212300000", "incomeBeforeTax": "497000000", "incomeTaxExpense": "102600000", "interestAndDebtExpense": "None", "netIncomeFromContinuingOperations": "394400000", "comprehensiveIncomeNetOfTax": "None", "ebit": "668200000", "ebitda": "880500000", "netIncome": "385600000"}, {"fiscalDateEnding": "2023-12-31", "reportedCurrency": "USD", "grossProfit": "2869000000", "totalRevenue": "5003300000", "costOfRevenue": "2134300000", "costofGoodsAndServicesSold": "2134300000", "operatingIncome": "-1538800000", "sellingGeneralAndAdministrative": "1480400000", "researchAndDevelopment": "306900000", "operatingExpenses": "4407800000", "investmentIncomeNet": "None", "netInterestIncome": "-166400000", "interestIncome": "19400000", "interestExpense": "186300000", "nonInterestIncome": "None", "otherNonOperatingIncome": "None", "depreciation": "None", "depreciationAndAmortization": "659600000", "incomeBeforeTax": "-1709100000", "incomeTaxExpense": "-221300000", "interestAndDebtExpense": "None", "netIncomeFromContinuingOperations": "-555600000", "comprehensiveIncomeNetOfTax": "None", "ebit": "-1522800000", "ebitda": "-863200000", "netIncome": "-1489300000"}, {"fiscalDateEnding": "2022-12-31", "reportedCurrency": "USD", "grossProfit": "3451900000", "totalRevenue": "5856700000", "costOfRevenue": "2404800000", "costofGoodsAndServicesSold": "2404800000", "operatingIncome": "407700000", "sellingGeneralAndAdministrative": "1666100000", "researchAndDevelopment": "307900000", "operatingExpenses": "3044200000", "investmentIncomeNet": "None", "netInterestIncome": "-171000000", "interestIncome": "11800000", "interestExpense": "171000000", "nonInterestIncome": "None", "otherNonOperatingIncome": "24800000", "depreciation": "None", "depreciationAndAmortization": "788100000", "incomeBeforeTax": "261500000", "incomeTaxExpense": "58500000", "interestAndDebtExpense": "None", "netIncomeFromContinuingOperations": "203000000", "comprehensiveIncomeNetOfTax": "None", "ebit": "432500000", "ebitda": "1220600000", "netIncome": "203500000"}, {"fiscalDateEnding": "2021-12-31", "reportedCurrency": "USD", "grossProfit": "3872500000", "totalRevenue": "6420400000", "costOfRevenue": "2547900000", "costofGoodsAndServicesSold": "2547900000", "operatingIncome": "763300000", "sellingGeneralAndAdministrative": "1432700000", "researchAndDevelopment": "315700000", "operatingExpenses": "3109200000", "investmentIncomeNet": "None", "netInterestIncome": "-179700000", "interestIncome": "5400000", "interestExpense": "179700000", "nonInterestIncome": "None", "otherNonOperatingIncome": "-1700000", "depreciation": "None", "depreciationAndAmortization": "908700000", "incomeBeforeTax": "581900000", "incomeTaxExpense": "146600000", "interestAndDebtExpense": "None", "netIncomeFromContinuingOperations": "435300000", "comprehensiveIncomeNetOfTax": "None", "ebit": "761600000", "ebitda": "1670300000", "netIncome": "428700000"}, {"fiscalDateEnding": "2020-12-31", "reportedCurrency": "USD", "grossProfit": "3176500000", "totalRevenue": "5465400000", "costOfRevenue": "2288900000", "costofGoodsAndServicesSold": "2288900000", "operatingIncome": "501800000", "sellingGeneralAndAdministrative": "1252100000", "researchAndDevelopment": "259500000", "operatingExpenses": "2674700000", "investmentIncomeNet": "None", "netInterestIncome": "-201130000", "interestIncome": "7424000", "interestExpense": "201100000", "nonInterestIncome": "None", "otherNonOperatingIncome": "21378000", "depreciation": "None", "depreciationAndAmortization": "652000000", "incomeBeforeTax": "322100000", "incomeTaxExpense": "96700000", "interestAndDebtExpense": "None", "netIncomeFromContinuingOperations": "225441000", "comprehensiveIncomeNetOfTax": "None", "ebit": "523200000", "ebitda": "1175200000", "netIncome": "222500000"}, {"fiscalDateEnding": "2019-12-31", "reportedCurrency": "USD", "grossProfit": "2497900000", "totalRevenue": "4720200000", "costOfRevenue": "2222300000", "costofGoodsAndServicesSold": "2222300000", "operatingIncome": "652100000", "sellingGeneralAndAdministrative": "1037000000", "researchAndDevelopment": "262200000", "operatingExpenses": "1845800000", "investmentIncomeNet": "None", "netInterestIncome": "-71771000", "interestIncome": "30107000", "interestExpense": "101900000", "nonInterestIncome": "None", "otherNonOperatingIncome": "44038000", "depreciation": "None", "depreciationAndAmortization": "266400000", "incomeBeforeTax": "594300000", "incomeTaxExpense": "73800000", "interestAndDebtExpense": "None", "netIncomeFromContinuingOperations": "520454000", "comprehensiveIncomeNetOfTax": "None", "ebit": "696200000", "ebitda": "962600000", "netIncome": "520500000"}, {"fiscalDateEnding": "2018-12-31", "reportedCurrency": "USD", "grossProfit": "2377308000", "totalRevenue": "4579646000", "costOfRevenue": "2202338000", "costofGoodsAndServicesSold": "2202338000", "operatingIncome": "331052000", "sellingGeneralAndAdministrative": "1287560000", "researchAndDevelopment": "246165000", "operatingExpenses": "2046256000", "investmentIncomeNet": "None", "netInterestIncome": "-68469000", "interestIncome": "22357000", "interestExpense": "90826000", "nonInterestIncome": "None", "otherNonOperatingIncome": "30176000", "depreciation": "None", "depreciationAndAmortization": "211864000", "incomeBeforeTax": "270402000", "incomeTaxExpense": "49968000", "interestAndDebtExpense": "None", "netIncomeFromContinuingOperations": "220434000", "comprehensiveIncomeNetOfTax": "None", "ebit": "361228000", "ebitda": "573092000", "netIncome": "220434000"}, {"fiscalDateEnding": "2017-12-31", "reportedCurrency": "USD", "grossProfit": "2770601000", "totalRevenue": "5209782000", "costOfRevenue": "2439181000", "costofGoodsAndServicesSold": "2439181000", "operatingIncome": "810359000", "sellingGeneralAndAdministrative": "1124793000", "researchAndDevelopment": "269020000", "operatingExpenses": "1960242000", "investmentIncomeNet": "None", "netInterestIncome": "-76113000", "interestIncome": "22155000", "interestExpense": "98268000", "nonInterestIncome": "None", "otherNonOperatingIncome": "74059000", "depreciation": "None", "depreciationAndAmortization": "207634000", "incomeBeforeTax": "786150000", "incomeTaxExpense": "389543000", "interestAndDebtExpense": "None", "netIncomeFromContinuingOperations": "396607000", "comprehensiveIncomeNetOfTax": "None", "ebit": "884418000", "ebitda": "1092052000", "netIncome": "396607000"}, {"fiscalDateEnding": "2016-12-31", "reportedCurrency": "USD", "grossProfit": "2704826000", "totalRevenue": "5019822000", "costOfRevenue": "2314996000", "costofGoodsAndServicesSold": "2314996000", "operatingIncome": "788048000", "sellingGeneralAndAdministrative": "1110769000", "researchAndDevelopment": "266375000", "operatingExpenses": "1916778000", "investmentIncomeNet": "None", "netInterestIncome": "-88038000", "interestIncome": "9367000", "interestExpense": "97405000", "nonInterestIncome": "None", "otherNonOperatingIncome": "1846000", "depreciation": "None", "depreciationAndAmortization": "190401000", "incomeBeforeTax": "692489000", "incomeTaxExpense": "159338000", "interestAndDebtExpense": "None", "netIncomeFromContinuingOperations": "533151000", "comprehensiveIncomeNetOfTax": "None", "ebit": "789894000", "ebitda": "980295000", "netIncome": "551380000"}, {"fiscalDateEnding": "2015-12-31", "reportedCurrency": "USD", "grossProfit": "2391231000", "totalRevenue": "4447509000", "costOfRevenue": "2056278000", "costofGoodsAndServicesSold": "2056278000", "operatingIncome": "691933000", "sellingGeneralAndAdministrative": "960795000", "researchAndDevelopment": "242944000", "operatingExpenses": "1699298000", "investmentIncomeNet": "None", "netInterestIncome": "None", "interestIncome": "42588000", "interestExpense": "97122000", "nonInterestIncome": "None", "otherNonOperatingIncome": "-9104000", "depreciation": "None", "depreciationAndAmortization": "197776000", "incomeBeforeTax": "603915000", "incomeTaxExpense": "157043000", "interestAndDebtExpense": "None", "netIncomeFromContinuingOperations": "446872000", "comprehensiveIncomeNetOfTax": "None", "ebit": "701037000", "ebitda": "898813000", "netIncome": "451838000"}, {"fiscalDateEnding": "2014-12-31", "reportedCurrency": "USD", "grossProfit": "2273518000", "totalRevenue": "4277207000", "costOfRevenue": "2003689000", "costofGoodsAndServicesSold": "2003689000", "operatingIncome": "635375000", "sellingGeneralAndAdministrative": "895537000", "researchAndDevelopment": "222556000", "operatingExpenses": "1638143000", "investmentIncomeNet": "None", "netInterestIncome": "None", "interestIncome": "None", "interestExpense": "93098000", "nonInterestIncome": "None", "otherNonOperatingIncome": "2289000", "depreciation": "None", "depreciationAndAmortization": "205052000", "incomeBeforeTax": "539988000", "incomeTaxExpense": "126678000", "interestAndDebtExpense": "None", "netIncomeFromContinuingOperations": "413310000", "comprehensiveIncomeNetOfTax": "None", "ebit": "633086000", "ebitda": "838138000", "netIncome": "415930000"}, {"fiscalDateEnding": "2013-12-31", "reportedCurrency": "USD", "grossProfit": "2070337000", "totalRevenue": "4082157000", "costOfRevenue": "2011820000", "costofGoodsAndServicesSold": "2011820000", "operatingIncome": "467093000", "sellingGeneralAndAdministrative": "871679000", "researchAndDevelopment": "207591000", "operatingExpenses": "1603244000", "investmentIncomeNet": "None", "netInterestIncome": "None", "interestIncome": "None", "interestExpense": "105585000", "nonInterestIncome": "None", "otherNonOperatingIncome": "9686000", "depreciation": "None", "depreciationAndAmortization": "228675000", "incomeBeforeTax": "351822000", "incomeTaxExpense": "67894000", "interestAndDebtExpense": "None", "netIncomeFromContinuingOperations": "283928000", "comprehensiveIncomeNetOfTax": "None", "ebit": "457407000", "ebitda": "686082000", "netIncome": "286198000"}, {"fiscalDateEnding": "2012-12-31", "reportedCurrency": "USD", "grossProfit": "2114937000", "totalRevenue": "4088983000", "costOfRevenue": "1974046000", "costofGoodsAndServicesSold": "1974046000", "operatingIncome": "551785000", "sellingGeneralAndAdministrative": "847347000", "researchAndDevelopment": "201197000", "operatingExpenses": "1563152000", "investmentIncomeNet": "None", "netInterestIncome": "None", "interestIncome": "None", "interestExpense": "91141000", "nonInterestIncome": "None", "otherNonOperatingIncome": "7242000", "depreciation": "None", "depreciationAndAmortization": "192087000", "incomeBeforeTax": "453402000", "incomeTaxExpense": "117403000", "interestAndDebtExpense": "None", "netIncomeFromContinuingOperations": "335999000", "comprehensiveIncomeNetOfTax": "None", "ebit": "544543000", "ebitda": "736630000", "netIncome": "335999000"}, {"fiscalDateEnding": "2011-12-31", "reportedCurrency": "USD", "grossProfit": "2110109000", "totalRevenue": "4285589000", "costOfRevenue": "2175480000", "costofGoodsAndServicesSold": "2175480000", "operatingIncome": "593981000", "sellingGeneralAndAdministrative": "822094000", "researchAndDevelopment": "197638000", "operatingExpenses": "1516128000", "investmentIncomeNet": "None", "netInterestIncome": "None", "interestIncome": "None", "interestExpense": "89022000", "nonInterestIncome": "None", "otherNonOperatingIncome": "18566000", "depreciation": "None", "depreciationAndAmortization": "196266000", "incomeBeforeTax": "486393000", "incomeTaxExpense": "101026000", "interestAndDebtExpense": "None", "netIncomeFromContinuingOperations": "385367000", "comprehensiveIncomeNetOfTax": "None", "ebit": "575415000", "ebitda": "771681000", "netIncome": "385367000"}, {"fiscalDateEnding": "2010-12-31", "reportedCurrency": "USD", "grossProfit": "2063534000", "totalRevenue": "4002161000", "costOfRevenue": "1938627000", "costofGoodsAndServicesSold": "1938627000", "operatingIncome": "587859000", "sellingGeneralAndAdministrative": "781192000", "researchAndDevelopment": "201358000", "operatingExpenses": "1475675000", "investmentIncomeNet": "None", "netInterestIncome": "None", "interestIncome": "None", "interestExpense": "82112000", "nonInterestIncome": "None", "otherNonOperatingIncome": "-1973000", "depreciation": "None", "depreciationAndAmortization": "168399000", "incomeBeforeTax": "507720000", "incomeTaxExpense": "109968000", "interestAndDebtExpense": "None", "netIncomeFromContinuingOperations": "397752000", "comprehensiveIncomeNetOfTax": "None", "ebit": "589832000", "ebitda": "758231000", "netIncome": "397752000"}, {"fiscalDateEnding": "2009-12-31", "reportedCurrency": "USD", "grossProfit": "2060960000", "totalRevenue": "4067947000", "costOfRevenue": "2006987000", "costofGoodsAndServicesSold": "2006987000", "operatingIncome": "588598000", "sellingGeneralAndAdministrative": "793558000", "researchAndDevelopment": "181195000", "operatingExpenses": "1472362000", "investmentIncomeNet": "None", "netInterestIncome": "None", "interestIncome": "None", "interestExpense": "61603000", "nonInterestIncome": "None", "otherNonOperatingIncome": "None", "depreciation": "None", "depreciationAndAmortization": "180963000", "incomeBeforeTax": "529697000", "incomeTaxExpense": "154767000", "interestAndDebtExpense": "None", "netIncomeFromContinuingOperations": "None", "comprehensiveIncomeNetOfTax": "None", "ebit": "591300000", "ebitda": "772263000", "netIncome": "374930000"}, {"fiscalDateEnding": "2008-12-31", "reportedCurrency": "USD", "grossProfit": "2328792000", "totalRevenue": "4021520000", "costOfRevenue": "1692728000", "costofGoodsAndServicesSold": "1692728000", "operatingIncome": "494296000", "sellingGeneralAndAdministrative": "1110195000", "researchAndDevelopment": "191424000", "operatingExpenses": "1834496000", "investmentIncomeNet": "None", "netInterestIncome": "None", "interestIncome": "None", "interestExpense": "47143000", "nonInterestIncome": "None", "otherNonOperatingIncome": "None", "depreciation": "None", "depreciationAndAmortization": "166138000", "incomeBeforeTax": "441055000", "incomeTaxExpense": "134289000", "interestAndDebtExpense": "None", "netIncomeFromContinuingOperations": "None", "comprehensiveIncomeNetOfTax": "None", "ebit": "488198000", "ebitda": "654336000", "netIncome": "306766000"}, {"fiscalDateEnding": "2007-12-31", "reportedCurrency": "USD", "grossProfit": "2260936000", "totalRevenue": "3837557000", "costOfRevenue": "1576621000", "costofGoodsAndServicesSold": "1576621000", "operatingIncome": "519350000", "sellingGeneralAndAdministrative": "755127000", "researchAndDevelopment": "167194000", "operatingExpenses": "1741586000", "investmentIncomeNet": "None", "netInterestIncome": "None", "interestIncome": "None", "interestExpense": "34618000", "nonInterestIncome": "None", "otherNonOperatingIncome": "None", "depreciation": "None", "depreciationAndAmortization": "156520000", "incomeBeforeTax": "462382000", "incomeTaxExpense": "129379000", "interestAndDebtExpense": "None", "netIncomeFromContinuingOperations": "None", "comprehensiveIncomeNetOfTax": "None", "ebit": "497000000", "ebitda": "653520000", "netIncome": "333003000"}, {"fiscalDateEnding": "2006-12-31", "reportedCurrency": "USD", "grossProfit": "1847596000", "totalRevenue": "3151481000", "costOfRevenue": "1303885000", "costofGoodsAndServicesSold": "1303885000", "operatingIncome": "376363000", "sellingGeneralAndAdministrative": "682214000", "researchAndDevelopment": "171358000", "operatingExpenses": "1471233000", "investmentIncomeNet": "None", "netInterestIncome": "None", "interestIncome": "None", "interestExpense": "34889000", "nonInterestIncome": "None", "otherNonOperatingIncome": "None", "depreciation": "None", "depreciationAndAmortization": "146707000", "incomeBeforeTax": "341474000", "incomeTaxExpense": "111419000", "interestAndDebtExpense": "None", "netIncomeFromContinuingOperations": "None", "comprehensiveIncomeNetOfTax": "None", "ebit": "376363000", "ebitda": "523070000", "netIncome": "230055000"}, {"fiscalDateEnding": "2005-12-31", "reportedCurrency": "USD", "grossProfit": "1801356000", "totalRevenue": "3087627000", "costOfRevenue": "1286271000", "costofGoodsAndServicesSold": "1286271000", "operatingIncome": "310521000", "sellingGeneralAndAdministrative": "624560000", "researchAndDevelopment": "150586000", "operatingExpenses": "1490835000", "investmentIncomeNet": "None", "netInterestIncome": "None", "interestIncome": "None", "interestExpense": "392000", "nonInterestIncome": "None", "otherNonOperatingIncome": "None", "depreciation": "None", "depreciationAndAmortization": "180132000", "incomeBeforeTax": "310913000", "incomeTaxExpense": "98838000", "interestAndDebtExpense": "None", "netIncomeFromContinuingOperations": "None", "comprehensiveIncomeNetOfTax": "None", "ebit": "310521000", "ebitda": "490653000", "netIncome": "212075000"}], "quarterlyReports": [{"fiscalDateEnding": "2024-12-31", "reportedCurrency": "USD", "grossProfit": "662900000", "totalRevenue": "1101600000", "costOfRevenue": "438700000", "costofGoodsAndServicesSold": "438700000", "operatingIncome": "59800000", "sellingGeneralAndAdministrative": "360600000", "researchAndDevelopment": "81900000", "operatingExpenses": "603100000", "investmentIncomeNet": "None", "netInterestIncome": "-32200000", "interestIncome": "11300000", "interestExpense": "43500000", "nonInterestIncome": "None", "otherNonOperatingIncome": "None", "depreciation": "None", "depreciationAndAmortization": "62600000", "incomeBeforeTax": "-57200000", "incomeTaxExpense": "-30700000", "interestAndDebtExpense": "None", "netIncomeFromContinuingOperations": "-26500000", "comprehensiveIncomeNetOfTax": "None", "ebit": "-13700000", "ebitda": "48900000", "netIncome": "-34300000"}, {"fiscalDateEnding": "2024-09-30", "reportedCurrency": "USD", "grossProfit": "804400000", "totalRevenue": "1281300000", "costOfRevenue": "476900000", "costofGoodsAndServicesSold": "476900000", "operatingIncome": "301900000", "sellingGeneralAndAdministrative": "299300000", "researchAndDevelopment": "76300000", "operatingExpenses": "502500000", "investmentIncomeNet": "None", "netInterestIncome": "-31500000", "interestIncome": "14700000", "interestExpense": "46200000", "nonInterestIncome": "None", "otherNonOperatingIncome": "None", "depreciation": "None", "depreciationAndAmortization": "49400000", "incomeBeforeTax": "290300000", "incomeTaxExpense": "67000000", "interestAndDebtExpense": "None", "netIncomeFromContinuingOperations": "223300000", "comprehensiveIncomeNetOfTax": "None", "ebit": "336500000", "ebitda": "385900000", "netIncome": "223200000"}, {"fiscalDateEnding": "2024-06-30", "reportedCurrency": "USD", "grossProfit": "702300000", "totalRevenue": "995300000", "costOfRevenue": "293000000", "costofGoodsAndServicesSold": "293000000", "operatingIncome": "212100000", "sellingGeneralAndAdministrative": "373800000", "researchAndDevelopment": "70400000", "operatingExpenses": "490200000", "investmentIncomeNet": "None", "netInterestIncome": "-30000000", "interestIncome": "13000000", "interestExpense": "43000000", "nonInterestIncome": "None", "otherNonOperatingIncome": "None", "depreciation": "None", "depreciationAndAmortization": "53900000", "incomeBeforeTax": "182900000", "incomeTaxExpense": "44400000", "interestAndDebtExpense": "None", "netIncomeFromContinuingOperations": "138500000", "comprehensiveIncomeNetOfTax": "None", "ebit": "225900000", "ebitda": "279800000", "netIncome": "138500000"}, {"fiscalDateEnding": "2024-03-31", "reportedCurrency": "USD", "grossProfit": "502200000", "totalRevenue": "757300000", "costOfRevenue": "255100000", "costofGoodsAndServicesSold": "255100000", "operatingIncome": "116200000", "sellingGeneralAndAdministrative": "234800000", "researchAndDevelopment": "65500000", "operatingExpenses": "386000000", "investmentIncomeNet": "None", "netInterestIncome": "-30200000", "interestIncome": "8300000", "interestExpense": "38500000", "nonInterestIncome": "None", "otherNonOperatingIncome": "None", "depreciation": "None", "depreciationAndAmortization": "46400000", "incomeBeforeTax": "81000000", "incomeTaxExpense": "21900000", "interestAndDebtExpense": "None", "netIncomeFromContinuingOperations": "59100000", "comprehensiveIncomeNetOfTax": "None", "ebit": "119500000", "ebitda": "165900000", "netIncome": "58200000"}, {"fiscalDateEnding": "2023-12-31", "reportedCurrency": "USD", "grossProfit": "582400000", "totalRevenue": "1288900000", "costOfRevenue": "706500000", "costofGoodsAndServicesSold": "706500000", "operatingIncome": "-1198600000", "sellingGeneralAndAdministrative": "1480400000", "researchAndDevelopment": "74500000", "operatingExpenses": "1781000000", "investmentIncomeNet": "None", "netInterestIncome": "-38900000", "interestIncome": "7400000", "interestExpense": "46300000", "nonInterestIncome": "None", "otherNonOperatingIncome": "None", "depreciation": "None", "depreciationAndAmortization": "181200000", "incomeBeforeTax": "-1245200000", "incomeTaxExpense": "-184400000", "interestAndDebtExpense": "None", "netIncomeFromContinuingOperations": "-1060800000", "comprehensiveIncomeNetOfTax": "None", "ebit": "-1198900000", "ebitda": "-1017700000", "netIncome": "-1061100000"}, {"fiscalDateEnding": "2023-09-30", "reportedCurrency": "USD", "grossProfit": "902000000", "totalRevenue": "1503400000", "costOfRevenue": "601400000", "costofGoodsAndServicesSold": "601400000", "operatingIncome": "-169500000", "sellingGeneralAndAdministrative": "352300000", "researchAndDevelopment": "76700000", "operatingExpenses": "1071500000", "investmentIncomeNet": "None", "netInterestIncome": "-47100000", "interestIncome": "3800000", "interestExpense": "47100000", "nonInterestIncome": "None", "otherNonOperatingIncome": "None", "depreciation": "None", "depreciationAndAmortization": "121000000", "incomeBeforeTax": "-215000000", "incomeTaxExpense": "-44600000", "interestAndDebtExpense": "None", "netIncomeFromContinuingOperations": "-170400000", "comprehensiveIncomeNetOfTax": "None", "ebit": "-167900000", "ebitda": "-46900000", "netIncome": "-171100000"}, {"fiscalDateEnding": "2023-06-30", "reportedCurrency": "USD", "grossProfit": "737900000", "totalRevenue": "1210000000", "costOfRevenue": "472100000", "costofGoodsAndServicesSold": "472100000", "operatingIncome": "-188600000", "sellingGeneralAndAdministrative": "380600000", "researchAndDevelopment": "72400000", "operatingExpenses": "926500000", "investmentIncomeNet": "None", "netInterestIncome": "-46600000", "interestIncome": "5800000", "interestExpense": "46600000", "nonInterestIncome": "None", "otherNonOperatingIncome": "7300000", "depreciation": "None", "depreciationAndAmortization": "187900000", "incomeBeforeTax": "-227900000", "incomeTaxExpense": "7000000", "interestAndDebtExpense": "None", "netIncomeFromContinuingOperations": "-234900000", "comprehensiveIncomeNetOfTax": "None", "ebit": "-181300000", "ebitda": "6600000", "netIncome": "-235000000"}, {"fiscalDateEnding": "2023-03-31", "reportedCurrency": "USD", "grossProfit": "646700000", "totalRevenue": "1001000000", "costOfRevenue": "354300000", "costofGoodsAndServicesSold": "354300000", "operatingIncome": "17900000", "sellingGeneralAndAdministrative": "317100000", "researchAndDevelopment": "83300000", "operatingExpenses": "628800000", "investmentIncomeNet": "None", "netInterestIncome": "-46300000", "interestIncome": "6000000", "interestExpense": "46300000", "nonInterestIncome": "None", "otherNonOperatingIncome": "7400000", "depreciation": "None", "depreciationAndAmortization": "169500000", "incomeBeforeTax": "-21000000", "incomeTaxExpense": "700000", "interestAndDebtExpense": "None", "netIncomeFromContinuingOperations": "-21700000", "comprehensiveIncomeNetOfTax": "None", "ebit": "25300000", "ebitda": "194800000", "netIncome": "-22100000"}, {"fiscalDateEnding": "2022-12-31", "reportedCurrency": "USD", "grossProfit": "940200000", "totalRevenue": "1678500000", "costOfRevenue": "738300000", "costofGoodsAndServicesSold": "738300000", "operatingIncome": "-125700000", "sellingGeneralAndAdministrative": "666000000", "researchAndDevelopment": "76700000", "operatingExpenses": "1065900000", "investmentIncomeNet": "None", "netInterestIncome": "-45800000", "interestIncome": "3800000", "interestExpense": "45800000", "nonInterestIncome": "None", "otherNonOperatingIncome": "7300000", "depreciation": "None", "depreciationAndAmortization": "246800000", "incomeBeforeTax": "-164200000", "incomeTaxExpense": "-35600000", "interestAndDebtExpense": "None", "netIncomeFromContinuingOperations": "-128600000", "comprehensiveIncomeNetOfTax": "None", "ebit": "-118400000", "ebitda": "128400000", "netIncome": "-128900000"}, {"fiscalDateEnding": "2022-09-30", "reportedCurrency": "USD", "grossProfit": "954200000", "totalRevenue": "1675900000", "costOfRevenue": "721700000", "costofGoodsAndServicesSold": "721700000", "operatingIncome": "194300000", "sellingGeneralAndAdministrative": "365800000", "researchAndDevelopment": "82400000", "operatingExpenses": "759900000", "investmentIncomeNet": "None", "netInterestIncome": "-41900000", "interestIncome": "3200000", "interestExpense": "41900000", "nonInterestIncome": "None", "otherNonOperatingIncome": "13200000", "depreciation": "None", "depreciationAndAmortization": "206100000", "incomeBeforeTax": "165600000", "incomeTaxExpense": "37400000", "interestAndDebtExpense": "None", "netIncomeFromContinuingOperations": "128200000", "comprehensiveIncomeNetOfTax": "None", "ebit": "207500000", "ebitda": "413600000", "netIncome": "129200000"}, {"fiscalDateEnding": "2022-06-30", "reportedCurrency": "USD", "grossProfit": "817600000", "totalRevenue": "1339200000", "costOfRevenue": "521600000", "costofGoodsAndServicesSold": "521600000", "operatingIncome": "219100000", "sellingGeneralAndAdministrative": "327200000", "researchAndDevelopment": "79200000", "operatingExpenses": "598500000", "investmentIncomeNet": "None", "netInterestIncome": "-41700000", "interestIncome": "2700000", "interestExpense": "41700000", "nonInterestIncome": "None", "otherNonOperatingIncome": "2500000", "depreciation": "None", "depreciationAndAmortization": "144500000", "incomeBeforeTax": "179900000", "incomeTaxExpense": "39400000", "interestAndDebtExpense": "None", "netIncomeFromContinuingOperations": "140500000", "comprehensiveIncomeNetOfTax": "None", "ebit": "221600000", "ebitda": "366100000", "netIncome": "142000000"}, {"fiscalDateEnding": "2022-03-31", "reportedCurrency": "USD", "grossProfit": "739900000", "totalRevenue": "1163100000", "costOfRevenue": "423200000", "costofGoodsAndServicesSold": "423200000", "operatingIncome": "120000000", "sellingGeneralAndAdministrative": "307100000", "researchAndDevelopment": "69600000", "operatingExpenses": "619900000", "investmentIncomeNet": "None", "netInterestIncome": "-41600000", "interestIncome": "2100000", "interestExpense": "41600000", "nonInterestIncome": "None", "otherNonOperatingIncome": "1800000", "depreciation": "None", "depreciationAndAmortization": "190700000", "incomeBeforeTax": "80200000", "incomeTaxExpense": "17300000", "interestAndDebtExpense": "None", "netIncomeFromContinuingOperations": "62900000", "comprehensiveIncomeNetOfTax": "None", "ebit": "121800000", "ebitda": "312500000", "netIncome": "61200000"}, {"fiscalDateEnding": "2021-12-31", "reportedCurrency": "USD", "grossProfit": "1102100000", "totalRevenue": "2013400000", "costOfRevenue": "911300000", "costofGoodsAndServicesSold": "911300000", "operatingIncome": "171500000", "sellingGeneralAndAdministrative": "428000000", "researchAndDevelopment": "86600000", "operatingExpenses": "930600000", "investmentIncomeNet": "None", "netInterestIncome": "-42400000", "interestIncome": "1200000", "interestExpense": "42400000", "nonInterestIncome": "None", "otherNonOperatingIncome": "-41200000", "depreciation": "None", "depreciationAndAmortization": "306100000", "incomeBeforeTax": "87900000", "incomeTaxExpense": "3100000", "interestAndDebtExpense": "None", "netIncomeFromContinuingOperations": "84800000", "comprehensiveIncomeNetOfTax": "None", "ebit": "130300000", "ebitda": "436400000", "netIncome": "82200000"}, {"fiscalDateEnding": "2021-09-30", "reportedCurrency": "USD", "grossProfit": "1188700000", "totalRevenue": "1970000000", "costOfRevenue": "781300000", "costofGoodsAndServicesSold": "781300000", "operatingIncome": "367900000", "sellingGeneralAndAdministrative": "361800000", "researchAndDevelopment": "80100000", "operatingExpenses": "820800000", "investmentIncomeNet": "None", "netInterestIncome": "-43300000", "interestIncome": "1800000", "interestExpense": "43300000", "nonInterestIncome": "None", "otherNonOperatingIncome": "-1200000", "depreciation": "None", "depreciationAndAmortization": "264200000", "incomeBeforeTax": "323400000", "incomeTaxExpense": "68500000", "interestAndDebtExpense": "None", "netIncomeFromContinuingOperations": "254900000", "comprehensiveIncomeNetOfTax": "None", "ebit": "366700000", "ebitda": "630900000", "netIncome": "253200000"}, {"fiscalDateEnding": "2021-06-30", "reportedCurrency": "USD", "grossProfit": "865700000", "totalRevenue": "1322200000", "costOfRevenue": "456500000", "costofGoodsAndServicesSold": "456500000", "operatingIncome": "76600000", "sellingGeneralAndAdministrative": "354300000", "researchAndDevelopment": "87200000", "operatingExpenses": "789100000", "investmentIncomeNet": "None", "netInterestIncome": "-46100000", "interestIncome": "1200000", "interestExpense": "46100000", "nonInterestIncome": "None", "otherNonOperatingIncome": "10600000", "depreciation": "None", "depreciationAndAmortization": "183000000", "incomeBeforeTax": "41100000", "incomeTaxExpense": "63000000", "interestAndDebtExpense": "None", "netIncomeFromContinuingOperations": "-21900000", "comprehensiveIncomeNetOfTax": "None", "ebit": "87200000", "ebitda": "270200000", "netIncome": "-22900000"}, {"fiscalDateEnding": "2021-03-31", "reportedCurrency": "USD", "grossProfit": "716000000", "totalRevenue": "1114800000", "costOfRevenue": "398800000", "costofGoodsAndServicesSold": "398800000", "operatingIncome": "147300000", "sellingGeneralAndAdministrative": "288600000", "researchAndDevelopment": "61800000", "operatingExpenses": "568700000", "investmentIncomeNet": "None", "netInterestIncome": "-47900000", "interestIncome": "1200000", "interestExpense": "47900000", "nonInterestIncome": "None", "otherNonOperatingIncome": "30100000", "depreciation": "None", "depreciationAndAmortization": "155400000", "incomeBeforeTax": "129500000", "incomeTaxExpense": "12000000", "interestAndDebtExpense": "None", "netIncomeFromContinuingOperations": "117500000", "comprehensiveIncomeNetOfTax": "None", "ebit": "177400000", "ebitda": "332800000", "netIncome": "116200000"}, {"fiscalDateEnding": "2020-12-31", "reportedCurrency": "USD", "grossProfit": "947243000", "totalRevenue": "1722971000", "costOfRevenue": "775728000", "costofGoodsAndServicesSold": "775728000", "operatingIncome": "186364000", "sellingGeneralAndAdministrative": "366460000", "researchAndDevelopment": "84659000", "operatingExpenses": "760879000", "investmentIncomeNet": "None", "netInterestIncome": "-47428000", "interestIncome": "1013000", "interestExpense": "47428000", "nonInterestIncome": "None", "otherNonOperatingIncome": "-462000", "depreciation": "None", "depreciationAndAmortization": "182001000", "incomeBeforeTax": "138474000", "incomeTaxExpense": "32308000", "interestAndDebtExpense": "None", "netIncomeFromContinuingOperations": "106166000", "comprehensiveIncomeNetOfTax": "None", "ebit": "185902000", "ebitda": "367903000", "netIncome": "105173000"}, {"fiscalDateEnding": "2020-09-30", "reportedCurrency": "USD", "grossProfit": "989600000", "totalRevenue": "1776600000", "costOfRevenue": "787000000", "costofGoodsAndServicesSold": "787000000", "operatingIncome": "336600000", "sellingGeneralAndAdministrative": "325400000", "researchAndDevelopment": "62700000", "operatingExpenses": "653000000", "investmentIncomeNet": "None", "netInterestIncome": "-48687000", "interestIncome": "713000", "interestExpense": "49400000", "nonInterestIncome": "None", "otherNonOperatingIncome": "12040000", "depreciation": "None", "depreciationAndAmortization": "159200000", "incomeBeforeTax": "299200000", "incomeTaxExpense": "79200000", "interestAndDebtExpense": "None", "netIncomeFromContinuingOperations": "219983000", "comprehensiveIncomeNetOfTax": "None", "ebit": "348600000", "ebitda": "507800000", "netIncome": "220900000"}, {"fiscalDateEnding": "2020-06-30", "reportedCurrency": "USD", "grossProfit": "509700000", "totalRevenue": "860300000", "costOfRevenue": "350600000", "costofGoodsAndServicesSold": "350600000", "operatingIncome": "2200000", "sellingGeneralAndAdministrative": "281200000", "researchAndDevelopment": "58400000", "operatingExpenses": "507500000", "investmentIncomeNet": "None", "netInterestIncome": "-48546000", "interestIncome": "1031000", "interestExpense": "49600000", "nonInterestIncome": "None", "otherNonOperatingIncome": "3674000", "depreciation": "None", "depreciationAndAmortization": "118100000", "incomeBeforeTax": "-43700000", "incomeTaxExpense": "-10800000", "interestAndDebtExpense": "None", "netIncomeFromContinuingOperations": "-32898000", "comprehensiveIncomeNetOfTax": "None", "ebit": "5900000", "ebitda": "124000000", "netIncome": "-33900000"}, {"fiscalDateEnding": "2020-03-31", "reportedCurrency": "USD", "grossProfit": "730100000", "totalRevenue": "1105600000", "costOfRevenue": "375500000", "costofGoodsAndServicesSold": "375500000", "operatingIncome": "-23300000", "sellingGeneralAndAdministrative": "279100000", "researchAndDevelopment": "53800000", "operatingExpenses": "753400000", "investmentIncomeNet": "None", "netInterestIncome": "-50058000", "interestIncome": "4667000", "interestExpense": "54700000", "nonInterestIncome": "None", "otherNonOperatingIncome": "6126000", "depreciation": "None", "depreciationAndAmortization": "192800000", "incomeBeforeTax": "-72000000", "incomeTaxExpense": "-4100000", "interestAndDebtExpense": "None", "netIncomeFromContinuingOperations": "-67810000", "comprehensiveIncomeNetOfTax": "None", "ebit": "-17300000", "ebitda": "175500000", "netIncome": "-69700000"}, {"fiscalDateEnding": "2019-12-31", "reportedCurrency": "USD", "grossProfit": "695366000", "totalRevenue": "1428007000", "costOfRevenue": "732641000", "costofGoodsAndServicesSold": "732641000", "operatingIncome": "190380000", "sellingGeneralAndAdministrative": "288765000", "researchAndDevelopment": "72910000", "operatingExpenses": "504986000", "investmentIncomeNet": "None", "netInterestIncome": "-23839000", "interestIncome": "10943000", "interestExpense": "34782000", "nonInterestIncome": "None", "otherNonOperatingIncome": "143163000", "depreciation": "None", "depreciationAndAmortization": "71806000", "incomeBeforeTax": "298761000", "incomeTaxExpense": "31416000", "interestAndDebtExpense": "None", "netIncomeFromContinuingOperations": "267345000", "comprehensiveIncomeNetOfTax": "None", "ebit": "333543000", "ebitda": "405349000", "netIncome": "267345000"}, {"fiscalDateEnding": "2019-09-30", "reportedCurrency": "USD", "grossProfit": "820046000", "totalRevenue": "1575173000", "costOfRevenue": "755127000", "costofGoodsAndServicesSold": "755127000", "operatingIncome": "297210000", "sellingGeneralAndAdministrative": "275384000", "researchAndDevelopment": "67354000", "operatingExpenses": "522836000", "investmentIncomeNet": "None", "netInterestIncome": "-17279000", "interestIncome": "5485000", "interestExpense": "22764000", "nonInterestIncome": "None", "otherNonOperatingIncome": "-14700000", "depreciation": "None", "depreciationAndAmortization": "78450000", "incomeBeforeTax": "259746000", "incomeTaxExpense": "46797000", "interestAndDebtExpense": "None", "netIncomeFromContinuingOperations": "212949000", "comprehensiveIncomeNetOfTax": "None", "ebit": "282510000", "ebitda": "360960000", "netIncome": "212949000"}, {"fiscalDateEnding": "2019-06-30", "reportedCurrency": "USD", "grossProfit": "569782000", "totalRevenue": "984537000", "costOfRevenue": "414755000", "costofGoodsAndServicesSold": "414755000", "operatingIncome": "128333000", "sellingGeneralAndAdministrative": "247701000", "researchAndDevelopment": "65632000", "operatingExpenses": "441449000", "investmentIncomeNet": "None", "netInterestIncome": "-16022000", "interestIncome": "5996000", "interestExpense": "22018000", "nonInterestIncome": "None", "otherNonOperatingIncome": "-100207000", "depreciation": "None", "depreciationAndAmortization": "70697000", "incomeBeforeTax": "6108000", "incomeTaxExpense": "-7325000", "interestAndDebtExpense": "None", "netIncomeFromContinuingOperations": "13433000", "comprehensiveIncomeNetOfTax": "None", "ebit": "28126000", "ebitda": "98823000", "netIncome": "13433000"}, {"fiscalDateEnding": "2019-03-31", "reportedCurrency": "USD", "grossProfit": "412635000", "totalRevenue": "732510000", "costOfRevenue": "319875000", "costofGoodsAndServicesSold": "319875000", "operatingIncome": "36127000", "sellingGeneralAndAdministrative": "225253000", "researchAndDevelopment": "56260000", "operatingExpenses": "376508000", "investmentIncomeNet": "None", "netInterestIncome": "-14632000", "interestIncome": "7682000", "interestExpense": "22314000", "nonInterestIncome": "None", "otherNonOperatingIncome": "15782000", "depreciation": "None", "depreciationAndAmortization": "45419000", "incomeBeforeTax": "29595000", "incomeTaxExpense": "2868000", "interestAndDebtExpense": "None", "netIncomeFromContinuingOperations": "26727000", "comprehensiveIncomeNetOfTax": "None", "ebit": "51909000", "ebitda": "97328000", "netIncome": "26727000"}, {"fiscalDateEnding": "2018-12-31", "reportedCurrency": "USD", "grossProfit": "676875000", "totalRevenue": "1389161000", "costOfRevenue": "712286000", "costofGoodsAndServicesSold": "712286000", "operatingIncome": "10547000", "sellingGeneralAndAdministrative": "433975000", "researchAndDevelopment": "63115000", "operatingExpenses": "666328000", "investmentIncomeNet": "None", "netInterestIncome": "None", "interestIncome": "None", "interestExpense": "22435000", "nonInterestIncome": "None", "otherNonOperatingIncome": "6760000", "depreciation": "None", "depreciationAndAmortization": "53657000", "incomeBeforeTax": "-5128000", "incomeTaxExpense": "-13894000", "interestAndDebtExpense": "None", "netIncomeFromContinuingOperations": "8766000", "comprehensiveIncomeNetOfTax": "None", "ebit": "17307000", "ebitda": "70964000", "netIncome": "8766000"}, {"fiscalDateEnding": "2018-09-30", "reportedCurrency": "USD", "grossProfit": "808824000", "totalRevenue": "1569686000", "costOfRevenue": "760862000", "costofGoodsAndServicesSold": "760862000", "operatingIncome": "313336000", "sellingGeneralAndAdministrative": "272368000", "researchAndDevelopment": "65807000", "operatingExpenses": "495488000", "investmentIncomeNet": "None", "netInterestIncome": "None", "interestIncome": "None", "interestExpense": "22779000", "nonInterestIncome": "None", "otherNonOperatingIncome": "5237000", "depreciation": "None", "depreciationAndAmortization": "65552000", "incomeBeforeTax": "295794000", "incomeTaxExpense": "31933000", "interestAndDebtExpense": "None", "netIncomeFromContinuingOperations": "263861000", "comprehensiveIncomeNetOfTax": "None", "ebit": "318573000", "ebitda": "384125000", "netIncome": "263861000"}, {"fiscalDateEnding": "2018-06-30", "reportedCurrency": "USD", "grossProfit": "500107000", "totalRevenue": "904458000", "costOfRevenue": "404351000", "costofGoodsAndServicesSold": "404351000", "operatingIncome": "87588000", "sellingGeneralAndAdministrative": "253208000", "researchAndDevelopment": "59859000", "operatingExpenses": "412519000", "investmentIncomeNet": "None", "netInterestIncome": "None", "interestIncome": "None", "interestExpense": "22803000", "nonInterestIncome": "None", "otherNonOperatingIncome": "3339000", "depreciation": "None", "depreciationAndAmortization": "47922000", "incomeBeforeTax": "68124000", "incomeTaxExpense": "7825000", "interestAndDebtExpense": "None", "netIncomeFromContinuingOperations": "60299000", "comprehensiveIncomeNetOfTax": "None", "ebit": "90927000", "ebitda": "138849000", "netIncome": "60299000"}, {"fiscalDateEnding": "2018-03-31", "reportedCurrency": "USD", "grossProfit": "391502000", "totalRevenue": "716341000", "costOfRevenue": "324839000", "costofGoodsAndServicesSold": "324839000", "operatingIncome": "-80419000", "sellingGeneralAndAdministrative": "328009000", "researchAndDevelopment": "57384000", "operatingExpenses": "471921000", "investmentIncomeNet": "None", "netInterestIncome": "None", "interestIncome": "None", "interestExpense": "22809000", "nonInterestIncome": "None", "otherNonOperatingIncome": "14840000", "depreciation": "None", "depreciationAndAmortization": "44733000", "incomeBeforeTax": "-88388000", "incomeTaxExpense": "24104000", "interestAndDebtExpense": "None", "netIncomeFromContinuingOperations": "-112492000", "comprehensiveIncomeNetOfTax": "None", "ebit": "-65579000", "ebitda": "-20846000", "netIncome": "-112492000"}, {"fiscalDateEnding": "2017-12-31", "reportedCurrency": "USD", "grossProfit": "844655000", "totalRevenue": "1596111000", "costOfRevenue": "751456000", "costofGoodsAndServicesSold": "751456000", "operatingIncome": "271088000", "sellingGeneralAndAdministrative": "311525000", "researchAndDevelopment": "76255000", "operatingExpenses": "573567000", "investmentIncomeNet": "None", "netInterestIncome": "None", "interestIncome": "None", "interestExpense": "24516000", "nonInterestIncome": "None", "otherNonOperatingIncome": "32014000", "depreciation": "None", "depreciationAndAmortization": "61375000", "incomeBeforeTax": "278586000", "incomeTaxExpense": "283884000", "interestAndDebtExpense": "None", "netIncomeFromContinuingOperations": "-5298000", "comprehensiveIncomeNetOfTax": "None", "ebit": "303102000", "ebitda": "364477000", "netIncome": "-5298000"}, {"fiscalDateEnding": "2017-09-30", "reportedCurrency": "USD", "grossProfit": "921624000", "totalRevenue": "1791502000", "costOfRevenue": "869878000", "costofGoodsAndServicesSold": "869878000", "operatingIncome": "360944000", "sellingGeneralAndAdministrative": "312482000", "researchAndDevelopment": "67386000", "operatingExpenses": "560680000", "investmentIncomeNet": "None", "netInterestIncome": "None", "interestIncome": "None", "interestExpense": "25072000", "nonInterestIncome": "None", "otherNonOperatingIncome": "13969000", "depreciation": "None", "depreciationAndAmortization": "53948000", "incomeBeforeTax": "349841000", "incomeTaxExpense": "84258000", "interestAndDebtExpense": "None", "netIncomeFromContinuingOperations": "265583000", "comprehensiveIncomeNetOfTax": "None", "ebit": "374913000", "ebitda": "428861000", "netIncome": "265583000"}, {"fiscalDateEnding": "2017-06-30", "reportedCurrency": "USD", "grossProfit": "525121000", "totalRevenue": "972506000", "costOfRevenue": "447385000", "costofGoodsAndServicesSold": "447385000", "operatingIncome": "99984000", "sellingGeneralAndAdministrative": "256901000", "researchAndDevelopment": "62793000", "operatingExpenses": "425137000", "investmentIncomeNet": "None", "netInterestIncome": "None", "interestIncome": "None", "interestExpense": "24224000", "nonInterestIncome": "None", "otherNonOperatingIncome": "11126000", "depreciation": "None", "depreciationAndAmortization": "51158000", "incomeBeforeTax": "86886000", "incomeTaxExpense": "19163000", "interestAndDebtExpense": "None", "netIncomeFromContinuingOperations": "67723000", "comprehensiveIncomeNetOfTax": "None", "ebit": "111110000", "ebitda": "162268000", "netIncome": "67723000"}, {"fiscalDateEnding": "2017-03-31", "reportedCurrency": "USD", "grossProfit": "479201000", "totalRevenue": "849663000", "costOfRevenue": "370462000", "costofGoodsAndServicesSold": "370462000", "operatingIncome": "78343000", "sellingGeneralAndAdministrative": "243885000", "researchAndDevelopment": "62586000", "operatingExpenses": "400858000", "investmentIncomeNet": "None", "netInterestIncome": "None", "interestIncome": "None", "interestExpense": "24456000", "nonInterestIncome": "None", "otherNonOperatingIncome": "16950000", "depreciation": "None", "depreciationAndAmortization": "41153000", "incomeBeforeTax": "70837000", "incomeTaxExpense": "2238000", "interestAndDebtExpense": "None", "netIncomeFromContinuingOperations": "68599000", "comprehensiveIncomeNetOfTax": "None", "ebit": "95293000", "ebitda": "136446000", "netIncome": "68599000"}, {"fiscalDateEnding": "2016-12-31", "reportedCurrency": "USD", "grossProfit": "859517000", "totalRevenue": "1629940000", "costOfRevenue": "770423000", "costofGoodsAndServicesSold": "770423000", "operatingIncome": "255157000", "sellingGeneralAndAdministrative": "353791000", "researchAndDevelopment": "75457000", "operatingExpenses": "604360000", "investmentIncomeNet": "None", "netInterestIncome": "None", "interestIncome": "None", "interestExpense": "25142000", "nonInterestIncome": "None", "otherNonOperatingIncome": "-10083000", "depreciation": "None", "depreciationAndAmortization": "57500000", "incomeBeforeTax": "219932000", "incomeTaxExpense": "39333000", "interestAndDebtExpense": "None", "netIncomeFromContinuingOperations": "180599000", "comprehensiveIncomeNetOfTax": "None", "ebit": "245074000", "ebitda": "302574000", "netIncome": "192725000"}, {"fiscalDateEnding": "2016-09-30", "reportedCurrency": "USD", "grossProfit": "886477000", "totalRevenue": "1679757000", "costOfRevenue": "793280000", "costofGoodsAndServicesSold": "793280000", "operatingIncome": "362101000", "sellingGeneralAndAdministrative": "285188000", "researchAndDevelopment": "70083000", "operatingExpenses": "524376000", "investmentIncomeNet": "None", "netInterestIncome": "None", "interestIncome": "None", "interestExpense": "24305000", "nonInterestIncome": "None", "otherNonOperatingIncome": "8528000", "depreciation": "None", "depreciationAndAmortization": "47209000", "incomeBeforeTax": "346324000", "incomeTaxExpense": "90162000", "interestAndDebtExpense": "None", "netIncomeFromContinuingOperations": "256162000", "comprehensiveIncomeNetOfTax": "None", "ebit": "370629000", "ebitda": "417838000", "netIncome": "257798000"}, {"fiscalDateEnding": "2016-06-30", "reportedCurrency": "USD", "grossProfit": "487861000", "totalRevenue": "878945000", "costOfRevenue": "391084000", "costofGoodsAndServicesSold": "391084000", "operatingIncome": "84874000", "sellingGeneralAndAdministrative": "238635000", "researchAndDevelopment": "63671000", "operatingExpenses": "402987000", "investmentIncomeNet": "None", "netInterestIncome": "None", "interestIncome": "None", "interestExpense": "23914000", "nonInterestIncome": "None", "otherNonOperatingIncome": "6060000", "depreciation": "None", "depreciationAndAmortization": "45689000", "incomeBeforeTax": "67020000", "incomeTaxExpense": "17601000", "interestAndDebtExpense": "None", "netIncomeFromContinuingOperations": "49419000", "comprehensiveIncomeNetOfTax": "None", "ebit": "90934000", "ebitda": "136623000", "netIncome": "52106000"}, {"fiscalDateEnding": "2016-03-31", "reportedCurrency": "USD", "grossProfit": "470971000", "totalRevenue": "831180000", "costOfRevenue": "360209000", "costofGoodsAndServicesSold": "360209000", "operatingIncome": "85916000", "sellingGeneralAndAdministrative": "233155000", "researchAndDevelopment": "57164000", "operatingExpenses": "385055000", "investmentIncomeNet": "None", "netInterestIncome": "None", "interestIncome": "None", "interestExpense": "24044000", "nonInterestIncome": "None", "otherNonOperatingIncome": "-2659000", "depreciation": "None", "depreciationAndAmortization": "40003000", "incomeBeforeTax": "59213000", "incomeTaxExpense": "12242000", "interestAndDebtExpense": "None", "netIncomeFromContinuingOperations": "46971000", "comprehensiveIncomeNetOfTax": "None", "ebit": "83257000", "ebitda": "123260000", "netIncome": "48751000"}, {"fiscalDateEnding": "2015-12-31", "reportedCurrency": "USD", "grossProfit": "761467000", "totalRevenue": "1465354000", "costOfRevenue": "703887000", "costofGoodsAndServicesSold": "703887000", "operatingIncome": "258701000", "sellingGeneralAndAdministrative": "291840000", "researchAndDevelopment": "68645000", "operatingExpenses": "502766000", "investmentIncomeNet": "None", "netInterestIncome": "None", "interestIncome": "None", "interestExpense": "24306000", "nonInterestIncome": "None", "otherNonOperatingIncome": "3058000", "depreciation": "None", "depreciationAndAmortization": "46241000", "incomeBeforeTax": "231337000", "incomeTaxExpense": "56943000", "interestAndDebtExpense": "None", "netIncomeFromContinuingOperations": "174394000", "comprehensiveIncomeNetOfTax": "None", "ebit": "255643000", "ebitda": "301884000", "netIncome": "175763000"}, {"fiscalDateEnding": "2015-09-30", "reportedCurrency": "USD", "grossProfit": "777898000", "totalRevenue": "1470997000", "costOfRevenue": "693099000", "costofGoodsAndServicesSold": "693099000", "operatingIncome": "303527000", "sellingGeneralAndAdministrative": "247022000", "researchAndDevelopment": "64793000", "operatingExpenses": "474371000", "investmentIncomeNet": "None", "netInterestIncome": "None", "interestIncome": "None", "interestExpense": "24045000", "nonInterestIncome": "None", "otherNonOperatingIncome": "-5135000", "depreciation": "None", "depreciationAndAmortization": "56171000", "incomeBeforeTax": "284617000", "incomeTaxExpense": "78242000", "interestAndDebtExpense": "None", "netIncomeFromContinuingOperations": "206375000", "comprehensiveIncomeNetOfTax": "None", "ebit": "308662000", "ebitda": "364833000", "netIncome": "207599000"}, {"fiscalDateEnding": "2015-06-30", "reportedCurrency": "USD", "grossProfit": "445190000", "totalRevenue": "797658000", "costOfRevenue": "352468000", "costofGoodsAndServicesSold": "352468000", "operatingIncome": "75500000", "sellingGeneralAndAdministrative": "213148000", "researchAndDevelopment": "57609000", "operatingExpenses": "369690000", "investmentIncomeNet": "None", "netInterestIncome": "None", "interestIncome": "None", "interestExpense": "24186000", "nonInterestIncome": "None", "otherNonOperatingIncome": "-2332000", "depreciation": "None", "depreciationAndAmortization": "49913000", "incomeBeforeTax": "53646000", "incomeTaxExpense": "13364000", "interestAndDebtExpense": "None", "netIncomeFromContinuingOperations": "40282000", "comprehensiveIncomeNetOfTax": "None", "ebit": "77832000", "ebitda": "127745000", "netIncome": "41809000"}, {"fiscalDateEnding": "2015-03-31", "reportedCurrency": "USD", "grossProfit": "406676000", "totalRevenue": "713500000", "costOfRevenue": "306824000", "costofGoodsAndServicesSold": "306824000", "operatingIncome": "54205000", "sellingGeneralAndAdministrative": "208785000", "researchAndDevelopment": "51897000", "operatingExpenses": "352471000", "investmentIncomeNet": "None", "netInterestIncome": "None", "interestIncome": "None", "interestExpense": "24585000", "nonInterestIncome": "None", "otherNonOperatingIncome": "-4695000", "depreciation": "None", "depreciationAndAmortization": "45451000", "incomeBeforeTax": "34315000", "incomeTaxExpense": "8494000", "interestAndDebtExpense": "None", "netIncomeFromContinuingOperations": "25821000", "comprehensiveIncomeNetOfTax": "None", "ebit": "58900000", "ebitda": "104351000", "netIncome": "26667000"}, {"fiscalDateEnding": "2014-12-31", "reportedCurrency": "USD", "grossProfit": "691017000", "totalRevenue": "1298593000", "costOfRevenue": "607576000", "costofGoodsAndServicesSold": "607576000", "operatingIncome": "223549000", "sellingGeneralAndAdministrative": "252335000", "researchAndDevelopment": "65372000", "operatingExpenses": "467468000", "investmentIncomeNet": "None", "netInterestIncome": "None", "interestIncome": "None", "interestExpense": "23158000", "nonInterestIncome": "None", "otherNonOperatingIncome": "-5031000", "depreciation": "None", "depreciationAndAmortization": "48671000", "incomeBeforeTax": "205422000", "incomeTaxExpense": "36601000", "interestAndDebtExpense": "None", "netIncomeFromContinuingOperations": "168821000", "comprehensiveIncomeNetOfTax": "None", "ebit": "228580000", "ebitda": "277251000", "netIncome": "169911000"}, {"fiscalDateEnding": "2014-09-30", "reportedCurrency": "USD", "grossProfit": "772781000", "totalRevenue": "1469899000", "costOfRevenue": "697118000", "costofGoodsAndServicesSold": "697118000", "operatingIncome": "285814000", "sellingGeneralAndAdministrative": "244072000", "researchAndDevelopment": "58220000", "operatingExpenses": "486967000", "investmentIncomeNet": "None", "netInterestIncome": "None", "interestIncome": "None", "interestExpense": "24710000", "nonInterestIncome": "None", "otherNonOperatingIncome": "17050000", "depreciation": "None", "depreciationAndAmortization": "69641000", "incomeBeforeTax": "244054000", "incomeTaxExpense": "63899000", "interestAndDebtExpense": "None", "netIncomeFromContinuingOperations": "180155000", "comprehensiveIncomeNetOfTax": "None", "ebit": "268764000", "ebitda": "338405000", "netIncome": "180457000"}, {"fiscalDateEnding": "2014-06-30", "reportedCurrency": "USD", "grossProfit": "438393000", "totalRevenue": "829262000", "costOfRevenue": "390869000", "costofGoodsAndServicesSold": "390869000", "operatingIncome": "82564000", "sellingGeneralAndAdministrative": "203827000", "researchAndDevelopment": "51707000", "operatingExpenses": "355829000", "investmentIncomeNet": "None", "netInterestIncome": "None", "interestIncome": "None", "interestExpense": "22802000", "nonInterestIncome": "None", "otherNonOperatingIncome": "-4755000", "depreciation": "None", "depreciationAndAmortization": "47175000", "incomeBeforeTax": "64517000", "incomeTaxExpense": "31697000", "interestAndDebtExpense": "None", "netIncomeFromContinuingOperations": "32820000", "comprehensiveIncomeNetOfTax": "None", "ebit": "87319000", "ebitda": "134494000", "netIncome": "33475000"}, {"fiscalDateEnding": "2014-03-31", "reportedCurrency": "USD", "grossProfit": "371327000", "totalRevenue": "679453000", "costOfRevenue": "308126000", "costofGoodsAndServicesSold": "308126000", "operatingIncome": "43448000", "sellingGeneralAndAdministrative": "195303000", "researchAndDevelopment": "47257000", "operatingExpenses": "327879000", "investmentIncomeNet": "None", "netInterestIncome": "None", "interestIncome": "None", "interestExpense": "22428000", "nonInterestIncome": "None", "otherNonOperatingIncome": "-4975000", "depreciation": "None", "depreciationAndAmortization": "39565000", "incomeBeforeTax": "25995000", "incomeTaxExpense": "-5519000", "interestAndDebtExpense": "None", "netIncomeFromContinuingOperations": "31514000", "comprehensiveIncomeNetOfTax": "None", "ebit": "48423000", "ebitda": "87988000", "netIncome": "32087000"}, {"fiscalDateEnding": "2013-12-31", "reportedCurrency": "USD", "grossProfit": "650245000", "totalRevenue": "1281773000", "costOfRevenue": "631528000", "costofGoodsAndServicesSold": "631528000", "operatingIncome": "183672000", "sellingGeneralAndAdministrative": "238441000", "researchAndDevelopment": "53136000", "operatingExpenses": "466573000", "investmentIncomeNet": "None", "netInterestIncome": "None", "interestIncome": "None", "interestExpense": "19187000", "nonInterestIncome": "None", "otherNonOperatingIncome": "3159000", "depreciation": "None", "depreciationAndAmortization": "81449000", "incomeBeforeTax": "161326000", "incomeTaxExpense": "33050000", "interestAndDebtExpense": "None", "netIncomeFromContinuingOperations": "128276000", "comprehensiveIncomeNetOfTax": "None", "ebit": "180513000", "ebitda": "261962000", "netIncome": "129815000"}, {"fiscalDateEnding": "2013-09-30", "reportedCurrency": "USD", "grossProfit": "657819000", "totalRevenue": "1370348000", "costOfRevenue": "712529000", "costofGoodsAndServicesSold": "712529000", "operatingIncome": "198706000", "sellingGeneralAndAdministrative": "231045000", "researchAndDevelopment": "59366000", "operatingExpenses": "459113000", "investmentIncomeNet": "None", "netInterestIncome": "None", "interestIncome": "None", "interestExpense": "41194000", "nonInterestIncome": "None", "otherNonOperatingIncome": "1599000", "depreciation": "None", "depreciationAndAmortization": "64560000", "incomeBeforeTax": "155913000", "incomeTaxExpense": "30070000", "interestAndDebtExpense": "None", "netIncomeFromContinuingOperations": "125843000", "comprehensiveIncomeNetOfTax": "None", "ebit": "197107000", "ebitda": "261667000", "netIncome": "126574000"}, {"fiscalDateEnding": "2013-06-30", "reportedCurrency": "USD", "grossProfit": "415543000", "totalRevenue": "766342000", "costOfRevenue": "350799000", "costofGoodsAndServicesSold": "350799000", "operatingIncome": "74088000", "sellingGeneralAndAdministrative": "197548000", "researchAndDevelopment": "47904000", "operatingExpenses": "341455000", "investmentIncomeNet": "None", "netInterestIncome": "None", "interestIncome": "None", "interestExpense": "22225000", "nonInterestIncome": "None", "otherNonOperatingIncome": "787000", "depreciation": "None", "depreciationAndAmortization": "46176000", "incomeBeforeTax": "51076000", "incomeTaxExpense": "14596000", "interestAndDebtExpense": "None", "netIncomeFromContinuingOperations": "36480000", "comprehensiveIncomeNetOfTax": "None", "ebit": "73301000", "ebitda": "119477000", "netIncome": "36480000"}, {"fiscalDateEnding": "2013-03-31", "reportedCurrency": "USD", "grossProfit": "346730000", "totalRevenue": "663694000", "costOfRevenue": "316964000", "costofGoodsAndServicesSold": "316964000", "operatingIncome": "10627000", "sellingGeneralAndAdministrative": "204645000", "researchAndDevelopment": "47185000", "operatingExpenses": "336103000", "investmentIncomeNet": "None", "netInterestIncome": "None", "interestIncome": "None", "interestExpense": "22979000", "nonInterestIncome": "None", "otherNonOperatingIncome": "4141000", "depreciation": "None", "depreciationAndAmortization": "36490000", "incomeBeforeTax": "-16493000", "incomeTaxExpense": "-9822000", "interestAndDebtExpense": "None", "netIncomeFromContinuingOperations": "-6671000", "comprehensiveIncomeNetOfTax": "None", "ebit": "6486000", "ebitda": "42976000", "netIncome": "-6671000"}, {"fiscalDateEnding": "2012-12-31", "reportedCurrency": "USD", "grossProfit": "677570000", "totalRevenue": "1283529000", "costOfRevenue": "605959000", "costofGoodsAndServicesSold": "605959000", "operatingIncome": "200155000", "sellingGeneralAndAdministrative": "245202000", "researchAndDevelopment": "57686000", "operatingExpenses": "477415000", "investmentIncomeNet": "None", "netInterestIncome": "None", "interestIncome": "None", "interestExpense": "22573000", "nonInterestIncome": "None", "otherNonOperatingIncome": "3922000", "depreciation": "None", "depreciationAndAmortization": "56232000", "incomeBeforeTax": "173660000", "incomeTaxExpense": "43361000", "interestAndDebtExpense": "None", "netIncomeFromContinuingOperations": "130299000", "comprehensiveIncomeNetOfTax": "None", "ebit": "196233000", "ebitda": "252465000", "netIncome": "130299000"}, {"fiscalDateEnding": "2012-09-30", "reportedCurrency": "USD", "grossProfit": "669397000", "totalRevenue": "1345137000", "costOfRevenue": "675740000", "costofGoodsAndServicesSold": "675740000", "operatingIncome": "249622000", "sellingGeneralAndAdministrative": "210876000", "researchAndDevelopment": "48472000", "operatingExpenses": "419775000", "investmentIncomeNet": "None", "netInterestIncome": "None", "interestIncome": "None", "interestExpense": "23043000", "nonInterestIncome": "None", "otherNonOperatingIncome": "1630000", "depreciation": "None", "depreciationAndAmortization": "56804000", "incomeBeforeTax": "224949000", "incomeTaxExpense": "60097000", "interestAndDebtExpense": "None", "netIncomeFromContinuingOperations": "164852000", "comprehensiveIncomeNetOfTax": "None", "ebit": "247992000", "ebitda": "304796000", "netIncome": "164852000"}, {"fiscalDateEnding": "2012-06-30", "reportedCurrency": "USD", "grossProfit": "428590000", "totalRevenue": "811467000", "costOfRevenue": "382877000", "costofGoodsAndServicesSold": "382877000", "operatingIncome": "86282000", "sellingGeneralAndAdministrative": "191379000", "researchAndDevelopment": "50113000", "operatingExpenses": "342308000", "investmentIncomeNet": "None", "netInterestIncome": "None", "interestIncome": "None", "interestExpense": "22413000", "nonInterestIncome": "None", "otherNonOperatingIncome": "4210000", "depreciation": "None", "depreciationAndAmortization": "45950000", "incomeBeforeTax": "59659000", "incomeTaxExpense": "16232000", "interestAndDebtExpense": "None", "netIncomeFromContinuingOperations": "43427000", "comprehensiveIncomeNetOfTax": "None", "ebit": "82072000", "ebitda": "128022000", "netIncome": "43427000"}, {"fiscalDateEnding": "2012-03-31", "reportedCurrency": "USD", "grossProfit": "339380000", "totalRevenue": "648850000", "costOfRevenue": "309470000", "costofGoodsAndServicesSold": "309470000", "operatingIncome": "15726000", "sellingGeneralAndAdministrative": "199890000", "researchAndDevelopment": "44926000", "operatingExpenses": "323654000", "investmentIncomeNet": "None", "netInterestIncome": "None", "interestIncome": "None", "interestExpense": "23112000", "nonInterestIncome": "None", "otherNonOperatingIncome": "-2520000", "depreciation": "None", "depreciationAndAmortization": "33101000", "incomeBeforeTax": "-4866000", "incomeTaxExpense": "-2287000", "interestAndDebtExpense": "None", "netIncomeFromContinuingOperations": "-2579000", "comprehensiveIncomeNetOfTax": "None", "ebit": "18246000", "ebitda": "51347000", "netIncome": "-2579000"}, {"fiscalDateEnding": "2011-12-31", "reportedCurrency": "USD", "grossProfit": "633318000", "totalRevenue": "1329338000", "costOfRevenue": "696020000", "costofGoodsAndServicesSold": "696020000", "operatingIncome": "216579000", "sellingGeneralAndAdministrative": "202155000", "researchAndDevelopment": "47351000", "operatingExpenses": "416739000", "investmentIncomeNet": "None", "netInterestIncome": "None", "interestIncome": "None", "interestExpense": "22320000", "nonInterestIncome": "None", "otherNonOperatingIncome": "5115000", "depreciation": "None", "depreciationAndAmortization": "43051000", "incomeBeforeTax": "189144000", "incomeTaxExpense": "50014000", "interestAndDebtExpense": "None", "netIncomeFromContinuingOperations": "139130000", "comprehensiveIncomeNetOfTax": "None", "ebit": "211464000", "ebitda": "254515000", "netIncome": "139130000"}, {"fiscalDateEnding": "2011-09-30", "reportedCurrency": "USD", "grossProfit": "667030000", "totalRevenue": "1375811000", "costOfRevenue": "708781000", "costofGoodsAndServicesSold": "708781000", "operatingIncome": "248072000", "sellingGeneralAndAdministrative": "220130000", "researchAndDevelopment": "49504000", "operatingExpenses": "418958000", "investmentIncomeNet": "None", "netInterestIncome": "None", "interestIncome": "None", "interestExpense": "22479000", "nonInterestIncome": "None", "otherNonOperatingIncome": "4136000", "depreciation": "None", "depreciationAndAmortization": "65556000", "incomeBeforeTax": "221457000", "incomeTaxExpense": "50467000", "interestAndDebtExpense": "None", "netIncomeFromContinuingOperations": "170990000", "comprehensiveIncomeNetOfTax": "None", "ebit": "243936000", "ebitda": "309492000", "netIncome": "170990000"}, {"fiscalDateEnding": "2011-06-30", "reportedCurrency": "USD", "grossProfit": "448247000", "totalRevenue": "908454000", "costOfRevenue": "460207000", "costofGoodsAndServicesSold": "460207000", "operatingIncome": "80407000", "sellingGeneralAndAdministrative": "213386000", "researchAndDevelopment": "54965000", "operatingExpenses": "367840000", "investmentIncomeNet": "None", "netInterestIncome": "None", "interestIncome": "None", "interestExpense": "22848000", "nonInterestIncome": "None", "otherNonOperatingIncome": "4605000", "depreciation": "None", "depreciationAndAmortization": "38925000", "incomeBeforeTax": "52954000", "incomeTaxExpense": "-5097000", "interestAndDebtExpense": "None", "netIncomeFromContinuingOperations": "58051000", "comprehensiveIncomeNetOfTax": "None", "ebit": "75802000", "ebitda": "114727000", "netIncome": "58051000"}, {"fiscalDateEnding": "2011-03-31", "reportedCurrency": "USD", "grossProfit": "361514000", "totalRevenue": "671986000", "costOfRevenue": "310472000", "costofGoodsAndServicesSold": "310472000", "operatingIncome": "48923000", "sellingGeneralAndAdministrative": "186423000", "researchAndDevelopment": "45818000", "operatingExpenses": "312591000", "investmentIncomeNet": "None", "netInterestIncome": "None", "interestIncome": "None", "interestExpense": "21375000", "nonInterestIncome": "None", "otherNonOperatingIncome": "4710000", "depreciation": "None", "depreciationAndAmortization": "31018000", "incomeBeforeTax": "22838000", "incomeTaxExpense": "5642000", "interestAndDebtExpense": "None", "netIncomeFromContinuingOperations": "17196000", "comprehensiveIncomeNetOfTax": "None", "ebit": "44213000", "ebitda": "75231000", "netIncome": "17196000"}, {"fiscalDateEnding": "2010-12-31", "reportedCurrency": "USD", "grossProfit": "647090000", "totalRevenue": "1278697000", "costOfRevenue": "631607000", "costofGoodsAndServicesSold": "631607000", "operatingIncome": "201049000", "sellingGeneralAndAdministrative": "228259000", "researchAndDevelopment": "61950000", "operatingExpenses": "446041000", "investmentIncomeNet": "None", "netInterestIncome": "None", "interestIncome": "None", "interestExpense": "21741000", "nonInterestIncome": "None", "otherNonOperatingIncome": "None", "depreciation": "None", "depreciationAndAmortization": "35026000", "incomeBeforeTax": "173380000", "incomeTaxExpense": "33366000", "interestAndDebtExpense": "None", "netIncomeFromContinuingOperations": "0", "comprehensiveIncomeNetOfTax": "None", "ebit": "195121000", "ebitda": "230147000", "netIncome": "140014000"}, {"fiscalDateEnding": "2010-09-30", "reportedCurrency": "USD", "grossProfit": "646082000", "totalRevenue": "1313302000", "costOfRevenue": "667220000", "costofGoodsAndServicesSold": "667220000", "operatingIncome": "237757000", "sellingGeneralAndAdministrative": "202320000", "researchAndDevelopment": "51618000", "operatingExpenses": "408325000", "investmentIncomeNet": "None", "netInterestIncome": "None", "interestIncome": "None", "interestExpense": "21657000", "nonInterestIncome": "None", "otherNonOperatingIncome": "-2973000", "depreciation": "None", "depreciationAndAmortization": "43114000", "incomeBeforeTax": "219073000", "incomeTaxExpense": "63909000", "interestAndDebtExpense": "None", "netIncomeFromContinuingOperations": "155164000", "comprehensiveIncomeNetOfTax": "None", "ebit": "240730000", "ebitda": "283844000", "netIncome": "155164000"}, {"fiscalDateEnding": "2010-06-30", "reportedCurrency": "USD", "grossProfit": "437469000", "totalRevenue": "737791000", "costOfRevenue": "300322000", "costofGoodsAndServicesSold": "300322000", "operatingIncome": "79726000", "sellingGeneralAndAdministrative": "226964000", "researchAndDevelopment": "47466000", "operatingExpenses": "357743000", "investmentIncomeNet": "None", "netInterestIncome": "None", "interestIncome": "None", "interestExpense": "21922000", "nonInterestIncome": "None", "otherNonOperatingIncome": "-3233000", "depreciation": "None", "depreciationAndAmortization": "38890000", "incomeBeforeTax": "61037000", "incomeTaxExpense": "17406000", "interestAndDebtExpense": "None", "netIncomeFromContinuingOperations": "43631000", "comprehensiveIncomeNetOfTax": "None", "ebit": "82959000", "ebitda": "121849000", "netIncome": "43631000"}, {"fiscalDateEnding": "2010-03-31", "reportedCurrency": "USD", "grossProfit": "365910000", "totalRevenue": "672371000", "costOfRevenue": "306461000", "costofGoodsAndServicesSold": "306461000", "operatingIncome": "69327000", "sellingGeneralAndAdministrative": "173701000", "researchAndDevelopment": "40324000", "operatingExpenses": "296583000", "investmentIncomeNet": "None", "netInterestIncome": "None", "interestIncome": "None", "interestExpense": "16792000", "nonInterestIncome": "None", "otherNonOperatingIncome": "None", "depreciation": "None", "depreciationAndAmortization": "29300000", "incomeBeforeTax": "54230000", "incomeTaxExpense": "-4713000", "interestAndDebtExpense": "None", "netIncomeFromContinuingOperations": "0", "comprehensiveIncomeNetOfTax": "None", "ebit": "71022000", "ebitda": "100322000", "netIncome": "58943000"}, {"fiscalDateEnding": "2009-12-31", "reportedCurrency": "USD", "grossProfit": "813079000", "totalRevenue": "1375184000", "costOfRevenue": "562105000", "costofGoodsAndServicesSold": "562105000", "operatingIncome": "243599000", "sellingGeneralAndAdministrative": "23125000", "researchAndDevelopment": "56665000", "operatingExpenses": "569480000", "investmentIncomeNet": "None", "netInterestIncome": "None", "interestIncome": "None", "interestExpense": "16776000", "nonInterestIncome": "None", "otherNonOperatingIncome": "None", "depreciation": "None", "depreciationAndAmortization": "50325000", "incomeBeforeTax": "226397000", "incomeTaxExpense": "60834000", "interestAndDebtExpense": "None", "netIncomeFromContinuingOperations": "0", "comprehensiveIncomeNetOfTax": "None", "ebit": "243173000", "ebitda": "293498000", "netIncome": "165563000"}, {"fiscalDateEnding": "2009-09-30", "reportedCurrency": "USD", "grossProfit": "629470000", "totalRevenue": "1279221000", "costOfRevenue": "649751000", "costofGoodsAndServicesSold": "649751000", "operatingIncome": "230709000", "sellingGeneralAndAdministrative": "198986000", "researchAndDevelopment": "43870000", "operatingExpenses": "398761000", "investmentIncomeNet": "None", "netInterestIncome": "None", "interestIncome": "None", "interestExpense": "17609000", "nonInterestIncome": "None", "otherNonOperatingIncome": "None", "depreciation": "None", "depreciationAndAmortization": "51449000", "incomeBeforeTax": "217859000", "incomeTaxExpense": "67497000", "interestAndDebtExpense": "None", "netIncomeFromContinuingOperations": "0", "comprehensiveIncomeNetOfTax": "None", "ebit": "235468000", "ebitda": "286917000", "netIncome": "150362000"}, {"fiscalDateEnding": "2009-06-30", "reportedCurrency": "USD", "grossProfit": "398924000", "totalRevenue": "792202000", "costOfRevenue": "393278000", "costofGoodsAndServicesSold": "393278000", "operatingIncome": "73073000", "sellingGeneralAndAdministrative": "181853000", "researchAndDevelopment": "43529000", "operatingExpenses": "325851000", "investmentIncomeNet": "None", "netInterestIncome": "None", "interestIncome": "None", "interestExpense": "17503000", "nonInterestIncome": "None", "otherNonOperatingIncome": "None", "depreciation": "None", "depreciationAndAmortization": "44074000", "incomeBeforeTax": "56854000", "incomeTaxExpense": "17579000", "interestAndDebtExpense": "None", "netIncomeFromContinuingOperations": "0", "comprehensiveIncomeNetOfTax": "None", "ebit": "74357000", "ebitda": "118431000", "netIncome": "39275000"}, {"fiscalDateEnding": "2009-03-31", "reportedCurrency": "USD", "grossProfit": "322134000", "totalRevenue": "621340000", "costOfRevenue": "299206000", "costofGoodsAndServicesSold": "299206000", "operatingIncome": "41217000", "sellingGeneralAndAdministrative": "161590000", "researchAndDevelopment": "37131000", "operatingExpenses": "280917000", "investmentIncomeNet": "None", "netInterestIncome": "None", "interestIncome": "None", "interestExpense": "9715000", "nonInterestIncome": "None", "otherNonOperatingIncome": "None", "depreciation": "None", "depreciationAndAmortization": "35115000", "incomeBeforeTax": "28587000", "incomeTaxExpense": "8857000", "interestAndDebtExpense": "None", "netIncomeFromContinuingOperations": "0", "comprehensiveIncomeNetOfTax": "None", "ebit": "38302000", "ebitda": "73417000", "netIncome": "19730000"}, {"fiscalDateEnding": "2008-12-31", "reportedCurrency": "USD", "grossProfit": "691543000", "totalRevenue": "1231053000", "costOfRevenue": "539510000", "costofGoodsAndServicesSold": "539510000", "operatingIncome": "151609000", "sellingGeneralAndAdministrative": "13107000", "researchAndDevelopment": "54229000", "operatingExpenses": "539934000", "investmentIncomeNet": "None", "netInterestIncome": "None", "interestIncome": "None", "interestExpense": "23029000", "nonInterestIncome": "None", "otherNonOperatingIncome": "None", "depreciation": "None", "depreciationAndAmortization": "42756000", "incomeBeforeTax": "128580000", "incomeTaxExpense": "34999000", "interestAndDebtExpense": "None", "netIncomeFromContinuingOperations": "0", "comprehensiveIncomeNetOfTax": "None", "ebit": "145511000", "ebitda": "188267000", "netIncome": "93581000"}, {"fiscalDateEnding": "2008-09-30", "reportedCurrency": "USD", "grossProfit": "728126000", "totalRevenue": "1301961000", "costOfRevenue": "573835000", "costofGoodsAndServicesSold": "573835000", "operatingIncome": "215925000", "sellingGeneralAndAdministrative": "291242000", "researchAndDevelopment": "49993000", "operatingExpenses": "512201000", "investmentIncomeNet": "None", "netInterestIncome": "None", "interestIncome": "None", "interestExpense": "11729000", "nonInterestIncome": "None", "otherNonOperatingIncome": "None", "depreciation": "None", "depreciationAndAmortization": "48528000", "incomeBeforeTax": "201520000", "incomeTaxExpense": "63291000", "interestAndDebtExpense": "None", "netIncomeFromContinuingOperations": "0", "comprehensiveIncomeNetOfTax": "None", "ebit": "213249000", "ebitda": "261777000", "netIncome": "138229000"}, {"fiscalDateEnding": "2008-06-30", "reportedCurrency": "USD", "grossProfit": "476064000", "totalRevenue": "784286000", "costOfRevenue": "308222000", "costofGoodsAndServicesSold": "308222000", "operatingIncome": "65509000", "sellingGeneralAndAdministrative": "190078000", "researchAndDevelopment": "45432000", "operatingExpenses": "410555000", "investmentIncomeNet": "None", "netInterestIncome": "None", "interestIncome": "None", "interestExpense": "12950000", "nonInterestIncome": "None", "otherNonOperatingIncome": "None", "depreciation": "None", "depreciationAndAmortization": "41103000", "incomeBeforeTax": "55285000", "incomeTaxExpense": "17799000", "interestAndDebtExpense": "None", "netIncomeFromContinuingOperations": "0", "comprehensiveIncomeNetOfTax": "None", "ebit": "68235000", "ebitda": "109338000", "netIncome": "37486000"}, {"fiscalDateEnding": "2008-03-31", "reportedCurrency": "USD", "grossProfit": "433059000", "totalRevenue": "704220000", "costOfRevenue": "271161000", "costofGoodsAndServicesSold": "271161000", "operatingIncome": "61253000", "sellingGeneralAndAdministrative": "176193000", "researchAndDevelopment": "41770000", "operatingExpenses": "371806000", "investmentIncomeNet": "None", "netInterestIncome": "None", "interestIncome": "None", "interestExpense": "5583000", "nonInterestIncome": "None", "otherNonOperatingIncome": "None", "depreciation": "None", "depreciationAndAmortization": "33751000", "incomeBeforeTax": "55670000", "incomeTaxExpense": "18200000", "interestAndDebtExpense": "None", "netIncomeFromContinuingOperations": "0", "comprehensiveIncomeNetOfTax": "None", "ebit": "61253000", "ebitda": "95004000", "netIncome": "37470000"}, {"fiscalDateEnding": "2007-12-31", "reportedCurrency": "USD", "grossProfit": "758909000", "totalRevenue": "1297844000", "costOfRevenue": "538935000", "costofGoodsAndServicesSold": "538935000", "operatingIncome": "200109000", "sellingGeneralAndAdministrative": "28709000", "researchAndDevelopment": "49631000", "operatingExpenses": "558800000", "investmentIncomeNet": "None", "netInterestIncome": "None", "interestIncome": "None", "interestExpense": "13209000", "nonInterestIncome": "None", "otherNonOperatingIncome": "None", "depreciation": "None", "depreciationAndAmortization": "36224000", "incomeBeforeTax": "186900000", "incomeTaxExpense": "53168000", "interestAndDebtExpense": "None", "netIncomeFromContinuingOperations": "0", "comprehensiveIncomeNetOfTax": "None", "ebit": "200109000", "ebitda": "236333000", "netIncome": "133732000"}, {"fiscalDateEnding": "2007-09-30", "reportedCurrency": "USD", "grossProfit": "702016000", "totalRevenue": "1223038000", "costOfRevenue": "521022000", "costofGoodsAndServicesSold": "521022000", "operatingIncome": "209737000", "sellingGeneralAndAdministrative": "292170000", "researchAndDevelopment": "43466000", "operatingExpenses": "492279000", "investmentIncomeNet": "None", "netInterestIncome": "None", "interestIncome": "None", "interestExpense": "5816000", "nonInterestIncome": "None", "otherNonOperatingIncome": "None", "depreciation": "None", "depreciationAndAmortization": "46140000", "incomeBeforeTax": "203921000", "incomeTaxExpense": "42341000", "interestAndDebtExpense": "None", "netIncomeFromContinuingOperations": "0", "comprehensiveIncomeNetOfTax": "None", "ebit": "209737000", "ebitda": "255877000", "netIncome": "161580000"}, {"fiscalDateEnding": "2007-06-30", "reportedCurrency": "USD", "grossProfit": "418196000", "totalRevenue": "691408000", "costOfRevenue": "273212000", "costofGoodsAndServicesSold": "273212000", "operatingIncome": "55777000", "sellingGeneralAndAdministrative": "227063000", "researchAndDevelopment": "38787000", "operatingExpenses": "362419000", "investmentIncomeNet": "None", "netInterestIncome": "None", "interestIncome": "None", "interestExpense": "33816000", "nonInterestIncome": "None", "otherNonOperatingIncome": "None", "depreciation": "None", "depreciationAndAmortization": "39338000", "incomeBeforeTax": "21961000", "incomeTaxExpense": "17160000", "interestAndDebtExpense": "None", "netIncomeFromContinuingOperations": "0", "comprehensiveIncomeNetOfTax": "None", "ebit": "55777000", "ebitda": "95115000", "netIncome": "4801000"}, {"fiscalDateEnding": "2007-03-31", "reportedCurrency": "USD", "grossProfit": "381815000", "totalRevenue": "625267000", "costOfRevenue": "243452000", "costofGoodsAndServicesSold": "243452000", "operatingIncome": "53727000", "sellingGeneralAndAdministrative": "156925000", "researchAndDevelopment": "35310000", "operatingExpenses": "328088000", "investmentIncomeNet": "None", "netInterestIncome": "None", "interestIncome": "None", "interestExpense": "4127000", "nonInterestIncome": "None", "otherNonOperatingIncome": "None", "depreciation": "None", "depreciationAndAmortization": "34818000", "incomeBeforeTax": "49600000", "incomeTaxExpense": "16710000", "interestAndDebtExpense": "None", "netIncomeFromContinuingOperations": "0", "comprehensiveIncomeNetOfTax": "None", "ebit": "53727000", "ebitda": "88545000", "netIncome": "32890000"}, {"fiscalDateEnding": "2006-12-31", "reportedCurrency": "USD", "grossProfit": "670485000", "totalRevenue": "1116398000", "costOfRevenue": "445913000", "costofGoodsAndServicesSold": "445913000", "operatingIncome": "192693000", "sellingGeneralAndAdministrative": "218573000", "researchAndDevelopment": "49143000", "operatingExpenses": "477792000", "investmentIncomeNet": "None", "netInterestIncome": "None", "interestIncome": "None", "interestExpense": "22144000", "nonInterestIncome": "None", "otherNonOperatingIncome": "None", "depreciation": "None", "depreciationAndAmortization": "34840000", "incomeBeforeTax": "170549000", "incomeTaxExpense": "62267000", "interestAndDebtExpense": "None", "netIncomeFromContinuingOperations": "0", "comprehensiveIncomeNetOfTax": "None", "ebit": "192693000", "ebitda": "227533000", "netIncome": "108282000"}, {"fiscalDateEnding": "2006-09-30", "reportedCurrency": "USD", "grossProfit": "577627000", "totalRevenue": "1039138000", "costOfRevenue": "461511000", "costofGoodsAndServicesSold": "461511000", "operatingIncome": "165197000", "sellingGeneralAndAdministrative": "169302000", "researchAndDevelopment": "44445000", "operatingExpenses": "412430000", "investmentIncomeNet": "None", "netInterestIncome": "None", "interestIncome": "None", "interestExpense": "21321000", "nonInterestIncome": "None", "otherNonOperatingIncome": "None", "depreciation": "None", "depreciationAndAmortization": "42539000", "incomeBeforeTax": "143876000", "incomeTaxExpense": "44292000", "interestAndDebtExpense": "None", "netIncomeFromContinuingOperations": "0", "comprehensiveIncomeNetOfTax": "None", "ebit": "165197000", "ebitda": "207736000", "netIncome": "99584000"}, {"fiscalDateEnding": "2006-06-30", "reportedCurrency": "USD", "grossProfit": "317395000", "totalRevenue": "527764000", "costOfRevenue": "210369000", "costofGoodsAndServicesSold": "210369000", "operatingIncome": "20599000", "sellingGeneralAndAdministrative": "147384000", "researchAndDevelopment": "39606000", "operatingExpenses": "296796000", "investmentIncomeNet": "None", "netInterestIncome": "None", "interestIncome": "None", "interestExpense": "5826000", "nonInterestIncome": "None", "otherNonOperatingIncome": "None", "depreciation": "None", "depreciationAndAmortization": "37481000", "incomeBeforeTax": "32502000", "incomeTaxExpense": "5414000", "interestAndDebtExpense": "None", "netIncomeFromContinuingOperations": "0", "comprehensiveIncomeNetOfTax": "None", "ebit": "20599000", "ebitda": "58080000", "netIncome": "27088000"}, {"fiscalDateEnding": "2006-03-31", "reportedCurrency": "USD", "grossProfit": "282089000", "totalRevenue": "468181000", "costOfRevenue": "186092000", "costofGoodsAndServicesSold": "186092000", "operatingIncome": "-2126000", "sellingGeneralAndAdministrative": "146955000", "researchAndDevelopment": "38164000", "operatingExpenses": "284215000", "investmentIncomeNet": "None", "netInterestIncome": "None", "interestIncome": "None", "interestExpense": "3327000", "nonInterestIncome": "None", "otherNonOperatingIncome": "None", "depreciation": "None", "depreciationAndAmortization": "31847000", "incomeBeforeTax": "-5453000", "incomeTaxExpense": "-554000", "interestAndDebtExpense": "None", "netIncomeFromContinuingOperations": "0", "comprehensiveIncomeNetOfTax": "None", "ebit": "-2126000", "ebitda": "29721000", "netIncome": "-4899000"}, {"fiscalDateEnding": "2005-12-31", "reportedCurrency": "USD", "grossProfit": "621488000", "totalRevenue": "1072243000", "costOfRevenue": "450755000", "costofGoodsAndServicesSold": "450755000", "operatingIncome": "153583000", "sellingGeneralAndAdministrative": "184639000", "researchAndDevelopment": "43644000", "operatingExpenses": "467905000", "investmentIncomeNet": "None", "netInterestIncome": "None", "interestIncome": "None", "interestExpense": "1539000", "nonInterestIncome": "None", "otherNonOperatingIncome": "None", "depreciation": "None", "depreciationAndAmortization": "42755000", "incomeBeforeTax": "155122000", "incomeTaxExpense": "60851000", "interestAndDebtExpense": "None", "netIncomeFromContinuingOperations": "0", "comprehensiveIncomeNetOfTax": "None", "ebit": "153583000", "ebitda": "196338000", "netIncome": "94271000"}, {"fiscalDateEnding": "2005-09-30", "reportedCurrency": "USD", "grossProfit": "543277000", "totalRevenue": "988052000", "costOfRevenue": "444775000", "costofGoodsAndServicesSold": "444775000", "operatingIncome": "128278000", "sellingGeneralAndAdministrative": "162061000", "researchAndDevelopment": "39387000", "operatingExpenses": "414999000", "investmentIncomeNet": "None", "netInterestIncome": "None", "interestIncome": "None", "interestExpense": "1952000", "nonInterestIncome": "None", "otherNonOperatingIncome": "None", "depreciation": "None", "depreciationAndAmortization": "53744000", "incomeBeforeTax": "126326000", "incomeTaxExpense": "34263000", "interestAndDebtExpense": "None", "netIncomeFromContinuingOperations": "0", "comprehensiveIncomeNetOfTax": "None", "ebit": "128278000", "ebitda": "182022000", "netIncome": "92063000"}, {"fiscalDateEnding": "2005-06-30", "reportedCurrency": "USD", "grossProfit": "347622000", "totalRevenue": "572388000", "costOfRevenue": "224766000", "costofGoodsAndServicesSold": "224766000", "operatingIncome": "27120000", "sellingGeneralAndAdministrative": "141289000", "researchAndDevelopment": "36514000", "operatingExpenses": "320502000", "investmentIncomeNet": "None", "netInterestIncome": "None", "interestIncome": "None", "interestExpense": "5570000", "nonInterestIncome": "None", "otherNonOperatingIncome": "None", "depreciation": "None", "depreciationAndAmortization": "45517000", "incomeBeforeTax": "32690000", "incomeTaxExpense": "3236000", "interestAndDebtExpense": "None", "netIncomeFromContinuingOperations": "0", "comprehensiveIncomeNetOfTax": "None", "ebit": "27120000", "ebitda": "72637000", "netIncome": "29454000"}, {"fiscalDateEnding": "2005-03-31", "reportedCurrency": "USD", "grossProfit": "288969000", "totalRevenue": "454944000", "costOfRevenue": "165975000", "costofGoodsAndServicesSold": "165975000", "operatingIncome": "1540000", "sellingGeneralAndAdministrative": "136571000", "researchAndDevelopment": "31041000", "operatingExpenses": "287429000", "investmentIncomeNet": "None", "netInterestIncome": "None", "interestIncome": "None", "interestExpense": "4765000", "nonInterestIncome": "None", "otherNonOperatingIncome": "None", "depreciation": "None", "depreciationAndAmortization": "38116000", "incomeBeforeTax": "-3225000", "incomeTaxExpense": "488000", "interestAndDebtExpense": "None", "netIncomeFromContinuingOperations": "0", "comprehensiveIncomeNetOfTax": "None", "ebit": "1540000", "ebitda": "39656000", "netIncome": "-3713000"}, {"fiscalDateEnding": "2004-12-31", "reportedCurrency": "USD", "grossProfit": "625392000", "totalRevenue": "1059518000", "costOfRevenue": "434126000", "costofGoodsAndServicesSold": "434126000", "operatingIncome": "133571000", "sellingGeneralAndAdministrative": "53649000", "researchAndDevelopment": "48526000", "operatingExpenses": "491821000", "investmentIncomeNet": "None", "netInterestIncome": "None", "interestIncome": "None", "interestExpense": "24042000", "nonInterestIncome": "None", "otherNonOperatingIncome": "None", "depreciation": "None", "depreciationAndAmortization": "43161000", "incomeBeforeTax": "109529000", "incomeTaxExpense": "27610000", "interestAndDebtExpense": "None", "netIncomeFromContinuingOperations": "0", "comprehensiveIncomeNetOfTax": "None", "ebit": "133571000", "ebitda": "176732000", "netIncome": "81919000"}]}