{"symbol": "CCL", "annualReports": [{"fiscalDateEnding": "2024-11-30", "reportedCurrency": "USD", "grossProfit": "9383000000", "totalRevenue": "25021000000", "costOfRevenue": "15638000000", "costofGoodsAndServicesSold": "15638000000", "operatingIncome": "3574000000", "sellingGeneralAndAdministrative": "3252000000", "researchAndDevelopment": "None", "operatingExpenses": "5809000000", "investmentIncomeNet": "None", "netInterestIncome": "-1662000000", "interestIncome": "93000000", "interestExpense": "1755000000", "nonInterestIncome": "None", "otherNonOperatingIncome": "None", "depreciation": "None", "depreciationAndAmortization": "2557000000", "incomeBeforeTax": "1915000000", "incomeTaxExpense": "-1000000", "interestAndDebtExpense": "None", "netIncomeFromContinuingOperations": "1916000000", "comprehensiveIncomeNetOfTax": "None", "ebit": "3670000000", "ebitda": "6227000000", "netIncome": "1916000000"}, {"fiscalDateEnding": "2023-11-30", "reportedCurrency": "USD", "grossProfit": "7276000000", "totalRevenue": "21593000000", "costOfRevenue": "14317000000", "costofGoodsAndServicesSold": "14317000000", "operatingIncome": "1956000000", "sellingGeneralAndAdministrative": "2950000000", "researchAndDevelopment": "None", "operatingExpenses": "5320000000", "investmentIncomeNet": "None", "netInterestIncome": "-1833000000", "interestIncome": "233000000", "interestExpense": "2066000000", "nonInterestIncome": "None", "otherNonOperatingIncome": "None", "depreciation": "None", "depreciationAndAmortization": "2370000000", "incomeBeforeTax": "-62000000", "incomeTaxExpense": "13000000", "interestAndDebtExpense": "None", "netIncomeFromContinuingOperations": "-75000000", "comprehensiveIncomeNetOfTax": "None", "ebit": "2004000000", "ebitda": "4374000000", "netIncome": "-74000000"}, {"fiscalDateEnding": "2022-11-30", "reportedCurrency": "USD", "grossProfit": "412000000", "totalRevenue": "12169000000", "costOfRevenue": "11757000000", "costofGoodsAndServicesSold": "11757000000", "operatingIncome": "-4379000000", "sellingGeneralAndAdministrative": "2515000000", "researchAndDevelopment": "None", "operatingExpenses": "4791000000", "investmentIncomeNet": "None", "netInterestIncome": "-1535000000", "interestIncome": "1535000000", "interestExpense": "1609000000", "nonInterestIncome": "None", "otherNonOperatingIncome": "-92000000", "depreciation": "None", "depreciationAndAmortization": "2275000000", "incomeBeforeTax": "-6080000000", "incomeTaxExpense": "14000000", "interestAndDebtExpense": "None", "netIncomeFromContinuingOperations": "-6094000000", "comprehensiveIncomeNetOfTax": "None", "ebit": "-4471000000", "ebitda": "-2196000000", "netIncome": "-6093000000"}, {"fiscalDateEnding": "2021-11-30", "reportedCurrency": "USD", "grossProfit": "-2747000000", "totalRevenue": "1908000000", "costOfRevenue": "4655000000", "costofGoodsAndServicesSold": "4655000000", "operatingIncome": "-7089000000", "sellingGeneralAndAdministrative": "1885000000", "researchAndDevelopment": "None", "operatingExpenses": "4342000000", "investmentIncomeNet": "None", "netInterestIncome": "-1589000000", "interestIncome": "2259000000", "interestExpense": "1601000000", "nonInterestIncome": "None", "otherNonOperatingIncome": "-831000000", "depreciation": "None", "depreciationAndAmortization": "2233000000", "incomeBeforeTax": "-9522000000", "incomeTaxExpense": "-21000000", "interestAndDebtExpense": "None", "netIncomeFromContinuingOperations": "-9501000000", "comprehensiveIncomeNetOfTax": "None", "ebit": "-7921000000", "ebitda": "-5688000000", "netIncome": "-9501000000"}, {"fiscalDateEnding": "2020-11-30", "reportedCurrency": "USD", "grossProfit": "-2651000000", "totalRevenue": "5594000000", "costOfRevenue": "8245000000", "costofGoodsAndServicesSold": "8245000000", "operatingIncome": "-8865000000", "sellingGeneralAndAdministrative": "1878000000", "researchAndDevelopment": "None", "operatingExpenses": "6214000000", "investmentIncomeNet": "None", "netInterestIncome": "-877000000", "interestIncome": "18000000", "interestExpense": "895000000", "nonInterestIncome": "None", "otherNonOperatingIncome": "-493000000", "depreciation": "None", "depreciationAndAmortization": "2241000000", "incomeBeforeTax": "-10253000000", "incomeTaxExpense": "-17000000", "interestAndDebtExpense": "None", "netIncomeFromContinuingOperations": "-10236000000", "comprehensiveIncomeNetOfTax": "None", "ebit": "-9358000000", "ebitda": "-7117000000", "netIncome": "-10236000000"}, {"fiscalDateEnding": "2019-11-30", "reportedCurrency": "USD", "grossProfit": "7916000000", "totalRevenue": "20825000000", "costOfRevenue": "12909000000", "costofGoodsAndServicesSold": "12909000000", "operatingIncome": "3276000000", "sellingGeneralAndAdministrative": "2480000000", "researchAndDevelopment": "None", "operatingExpenses": "4640000000", "investmentIncomeNet": "None", "netInterestIncome": "-183000000", "interestIncome": "183000000", "interestExpense": "206000000", "nonInterestIncome": "None", "otherNonOperatingIncome": "None", "depreciation": "None", "depreciationAndAmortization": "2160000000", "incomeBeforeTax": "3060000000", "incomeTaxExpense": "71000000", "interestAndDebtExpense": "None", "netIncomeFromContinuingOperations": "2989000000", "comprehensiveIncomeNetOfTax": "None", "ebit": "3266000000", "ebitda": "5426000000", "netIncome": "2990000000"}, {"fiscalDateEnding": "2018-11-30", "reportedCurrency": "USD", "grossProfit": "7791000000", "totalRevenue": "18880000000", "costOfRevenue": "11089000000", "costofGoodsAndServicesSold": "11089000000", "operatingIncome": "3325000000", "sellingGeneralAndAdministrative": "2450000000", "researchAndDevelopment": "0", "operatingExpenses": "4466000000", "investmentIncomeNet": "None", "netInterestIncome": "-180000000", "interestIncome": "14000000", "interestExpense": "194000000", "nonInterestIncome": "None", "otherNonOperatingIncome": "76000000", "depreciation": "None", "depreciationAndAmortization": "2017000000", "incomeBeforeTax": "3207000000", "incomeTaxExpense": "54000000", "interestAndDebtExpense": "None", "netIncomeFromContinuingOperations": "3153000000", "comprehensiveIncomeNetOfTax": "None", "ebit": "3401000000", "ebitda": "5418000000", "netIncome": "3152000000"}, {"fiscalDateEnding": "2017-11-30", "reportedCurrency": "USD", "grossProfit": "7009000000", "totalRevenue": "17510000000", "costOfRevenue": "10501000000", "costofGoodsAndServicesSold": "10501000000", "operatingIncome": "2809000000", "sellingGeneralAndAdministrative": "2265000000", "researchAndDevelopment": "0", "operatingExpenses": "4200000000", "investmentIncomeNet": "None", "netInterestIncome": "-189000000", "interestIncome": "9000000", "interestExpense": "198000000", "nonInterestIncome": "None", "otherNonOperatingIncome": "55000000", "depreciation": "None", "depreciationAndAmortization": "1846000000", "incomeBeforeTax": "2666000000", "incomeTaxExpense": "60000000", "interestAndDebtExpense": "None", "netIncomeFromContinuingOperations": "2606000000", "comprehensiveIncomeNetOfTax": "None", "ebit": "2864000000", "ebitda": "4710000000", "netIncome": "2606000000"}, {"fiscalDateEnding": "2016-11-30", "reportedCurrency": "USD", "grossProfit": "7006000000", "totalRevenue": "16389000000", "costOfRevenue": "9383000000", "costofGoodsAndServicesSold": "9383000000", "operatingIncome": "3071000000", "sellingGeneralAndAdministrative": "2197000000", "researchAndDevelopment": "0", "operatingExpenses": "3935000000", "investmentIncomeNet": "None", "netInterestIncome": "-217000000", "interestIncome": "264000000", "interestExpense": "223000000", "nonInterestIncome": "None", "otherNonOperatingIncome": "None", "depreciation": "None", "depreciationAndAmortization": "1738000000", "incomeBeforeTax": "2828000000", "incomeTaxExpense": "49000000", "interestAndDebtExpense": "None", "netIncomeFromContinuingOperations": "2779000000", "comprehensiveIncomeNetOfTax": "None", "ebit": "3051000000", "ebitda": "4789000000", "netIncome": "2779000000"}, {"fiscalDateEnding": "2015-11-30", "reportedCurrency": "USD", "grossProfit": "6267000000", "totalRevenue": "15714000000", "costOfRevenue": "9447000000", "costofGoodsAndServicesSold": "9447000000", "operatingIncome": "2574000000", "sellingGeneralAndAdministrative": "2067000000", "researchAndDevelopment": "0", "operatingExpenses": "3693000000", "investmentIncomeNet": "None", "netInterestIncome": "None", "interestIncome": "785000000", "interestExpense": "217000000", "nonInterestIncome": "None", "otherNonOperatingIncome": "-558000000", "depreciation": "None", "depreciationAndAmortization": "1626000000", "incomeBeforeTax": "1799000000", "incomeTaxExpense": "42000000", "interestAndDebtExpense": "None", "netIncomeFromContinuingOperations": "1757000000", "comprehensiveIncomeNetOfTax": "None", "ebit": "2016000000", "ebitda": "3642000000", "netIncome": "1757000000"}, {"fiscalDateEnding": "2014-11-30", "reportedCurrency": "USD", "grossProfit": "5463000000", "totalRevenue": "15884000000", "costOfRevenue": "10421000000", "costofGoodsAndServicesSold": "10421000000", "operatingIncome": "1772000000", "sellingGeneralAndAdministrative": "2054000000", "researchAndDevelopment": "0", "operatingExpenses": "3691000000", "investmentIncomeNet": "None", "netInterestIncome": "None", "interestIncome": "None", "interestExpense": "288000000", "nonInterestIncome": "None", "otherNonOperatingIncome": "None", "depreciation": "None", "depreciationAndAmortization": "1637000000", "incomeBeforeTax": "1225000000", "incomeTaxExpense": "9000000", "interestAndDebtExpense": "None", "netIncomeFromContinuingOperations": "1216000000", "comprehensiveIncomeNetOfTax": "None", "ebit": "1513000000", "ebitda": "3150000000", "netIncome": "1216000000"}, {"fiscalDateEnding": "2013-11-30", "reportedCurrency": "USD", "grossProfit": "4811000000", "totalRevenue": "15456000000", "costOfRevenue": "10645000000", "costofGoodsAndServicesSold": "10645000000", "operatingIncome": "1329000000", "sellingGeneralAndAdministrative": "1291000000", "researchAndDevelopment": "0", "operatingExpenses": "3482000000", "investmentIncomeNet": "None", "netInterestIncome": "None", "interestIncome": "None", "interestExpense": "319000000", "nonInterestIncome": "None", "otherNonOperatingIncome": "39000000", "depreciation": "None", "depreciationAndAmortization": "1590000000", "incomeBeforeTax": "1049000000", "incomeTaxExpense": "-6000000", "interestAndDebtExpense": "None", "netIncomeFromContinuingOperations": "1078000000", "comprehensiveIncomeNetOfTax": "None", "ebit": "1368000000", "ebitda": "2958000000", "netIncome": "1055000000"}, {"fiscalDateEnding": "2012-11-30", "reportedCurrency": "USD", "grossProfit": "5062000000", "totalRevenue": "15382000000", "costOfRevenue": "10320000000", "costofGoodsAndServicesSold": "10320000000", "operatingIncome": "1642000000", "sellingGeneralAndAdministrative": "1193000000", "researchAndDevelopment": "0", "operatingExpenses": "3420000000", "investmentIncomeNet": "None", "netInterestIncome": "None", "interestIncome": "None", "interestExpense": "336000000", "nonInterestIncome": "None", "otherNonOperatingIncome": "-4000000", "depreciation": "None", "depreciationAndAmortization": "1527000000", "incomeBeforeTax": "1302000000", "incomeTaxExpense": "4000000", "interestAndDebtExpense": "None", "netIncomeFromContinuingOperations": "1298000000", "comprehensiveIncomeNetOfTax": "None", "ebit": "1638000000", "ebitda": "3165000000", "netIncome": "1298000000"}, {"fiscalDateEnding": "2011-11-30", "reportedCurrency": "USD", "grossProfit": "5494000000", "totalRevenue": "15793000000", "costOfRevenue": "10299000000", "costofGoodsAndServicesSold": "10299000000", "operatingIncome": "2255000000", "sellingGeneralAndAdministrative": "1717000000", "researchAndDevelopment": "0", "operatingExpenses": "3239000000", "investmentIncomeNet": "None", "netInterestIncome": "None", "interestIncome": "None", "interestExpense": "365000000", "nonInterestIncome": "None", "otherNonOperatingIncome": "None", "depreciation": "None", "depreciationAndAmortization": "1522000000", "incomeBeforeTax": "1912000000", "incomeTaxExpense": "365000000", "interestAndDebtExpense": "None", "netIncomeFromContinuingOperations": "None", "comprehensiveIncomeNetOfTax": "None", "ebit": "2277000000", "ebitda": "3799000000", "netIncome": "1912000000"}, {"fiscalDateEnding": "2010-11-30", "reportedCurrency": "USD", "grossProfit": "5377000000", "totalRevenue": "14469000000", "costOfRevenue": "9092000000", "costofGoodsAndServicesSold": "9092000000", "operatingIncome": "2347000000", "sellingGeneralAndAdministrative": "1614000000", "researchAndDevelopment": "0", "operatingExpenses": "3030000000", "investmentIncomeNet": "None", "netInterestIncome": "None", "interestIncome": "None", "interestExpense": "378000000", "nonInterestIncome": "None", "otherNonOperatingIncome": "10000000", "depreciation": "None", "depreciationAndAmortization": "1416000000", "incomeBeforeTax": "1979000000", "incomeTaxExpense": "1000000", "interestAndDebtExpense": "None", "netIncomeFromContinuingOperations": "1978000000", "comprehensiveIncomeNetOfTax": "None", "ebit": "2357000000", "ebitda": "3773000000", "netIncome": "1978000000"}, {"fiscalDateEnding": "2009-11-30", "reportedCurrency": "USD", "grossProfit": "5053000000", "totalRevenue": "13460000000", "costOfRevenue": "8407000000", "costofGoodsAndServicesSold": "8407000000", "operatingIncome": "2154000000", "sellingGeneralAndAdministrative": "1590000000", "researchAndDevelopment": "0", "operatingExpenses": "2899000000", "investmentIncomeNet": "None", "netInterestIncome": "None", "interestIncome": "None", "interestExpense": "380000000", "nonInterestIncome": "None", "otherNonOperatingIncome": "None", "depreciation": "None", "depreciationAndAmortization": "1309000000", "incomeBeforeTax": "1806000000", "incomeTaxExpense": "16000000", "interestAndDebtExpense": "None", "netIncomeFromContinuingOperations": "None", "comprehensiveIncomeNetOfTax": "None", "ebit": "2186000000", "ebitda": "3495000000", "netIncome": "1790000000"}, {"fiscalDateEnding": "2008-11-30", "reportedCurrency": "USD", "grossProfit": "5607000000", "totalRevenue": "14947000000", "costOfRevenue": "9340000000", "costofGoodsAndServicesSold": "9340000000", "operatingIncome": "2729000000", "sellingGeneralAndAdministrative": "1629000000", "researchAndDevelopment": "None", "operatingExpenses": "2878000000", "investmentIncomeNet": "None", "netInterestIncome": "None", "interestIncome": "None", "interestExpense": "420000000", "nonInterestIncome": "None", "otherNonOperatingIncome": "None", "depreciation": "None", "depreciationAndAmortization": "1249000000", "incomeBeforeTax": "2371000000", "incomeTaxExpense": "47000000", "interestAndDebtExpense": "None", "netIncomeFromContinuingOperations": "None", "comprehensiveIncomeNetOfTax": "None", "ebit": "2791000000", "ebitda": "4040000000", "netIncome": "2324000000"}, {"fiscalDateEnding": "2007-11-30", "reportedCurrency": "USD", "grossProfit": "5405000000", "totalRevenue": "13033000000", "costOfRevenue": "7628000000", "costofGoodsAndServicesSold": "7628000000", "operatingIncome": "2725000000", "sellingGeneralAndAdministrative": "1579000000", "researchAndDevelopment": "None", "operatingExpenses": "2680000000", "investmentIncomeNet": "None", "netInterestIncome": "None", "interestIncome": "None", "interestExpense": "367000000", "nonInterestIncome": "None", "otherNonOperatingIncome": "None", "depreciation": "None", "depreciationAndAmortization": "1101000000", "incomeBeforeTax": "2424000000", "incomeTaxExpense": "16000000", "interestAndDebtExpense": "None", "netIncomeFromContinuingOperations": "None", "comprehensiveIncomeNetOfTax": "None", "ebit": "2791000000", "ebitda": "3892000000", "netIncome": "2408000000"}, {"fiscalDateEnding": "2006-11-30", "reportedCurrency": "USD", "grossProfit": "5048000000", "totalRevenue": "11839000000", "costOfRevenue": "6791000000", "costofGoodsAndServicesSold": "6791000000", "operatingIncome": "2613000000", "sellingGeneralAndAdministrative": "1447000000", "researchAndDevelopment": "None", "operatingExpenses": "2435000000", "investmentIncomeNet": "None", "netInterestIncome": "None", "interestIncome": "None", "interestExpense": "312000000", "nonInterestIncome": "None", "otherNonOperatingIncome": "None", "depreciation": "None", "depreciationAndAmortization": "988000000", "incomeBeforeTax": "2318000000", "incomeTaxExpense": "39000000", "interestAndDebtExpense": "None", "netIncomeFromContinuingOperations": "None", "comprehensiveIncomeNetOfTax": "None", "ebit": "2613000000", "ebitda": "3601000000", "netIncome": "2279000000"}, {"fiscalDateEnding": "2005-11-30", "reportedCurrency": "USD", "grossProfit": "4876000000", "totalRevenue": "11094000000", "costOfRevenue": "6218000000", "costofGoodsAndServicesSold": "6218000000", "operatingIncome": "2639000000", "sellingGeneralAndAdministrative": "1329000000", "researchAndDevelopment": "None", "operatingExpenses": "2237000000", "investmentIncomeNet": "None", "netInterestIncome": "None", "interestIncome": "None", "interestExpense": "330000000", "nonInterestIncome": "None", "otherNonOperatingIncome": "None", "depreciation": "None", "depreciationAndAmortization": "902000000", "incomeBeforeTax": "2325000000", "incomeTaxExpense": "72000000", "interestAndDebtExpense": "None", "netIncomeFromContinuingOperations": "None", "comprehensiveIncomeNetOfTax": "None", "ebit": "2639000000", "ebitda": "3541000000", "netIncome": "2253000000"}], "quarterlyReports": [{"fiscalDateEnding": "2025-02-28", "reportedCurrency": "USD", "grossProfit": "2044000000", "totalRevenue": "5810000000", "costOfRevenue": "3766000000", "costofGoodsAndServicesSold": "3766000000", "operatingIncome": "543000000", "sellingGeneralAndAdministrative": "848000000", "researchAndDevelopment": "None", "operatingExpenses": "1501000000", "investmentIncomeNet": "None", "netInterestIncome": "-370000000", "interestIncome": "7000000", "interestExpense": "377000000", "nonInterestIncome": "None", "otherNonOperatingIncome": "None", "depreciation": "None", "depreciationAndAmortization": "654000000", "incomeBeforeTax": "-71000000", "incomeTaxExpense": "7000000", "interestAndDebtExpense": "None", "netIncomeFromContinuingOperations": "-78000000", "comprehensiveIncomeNetOfTax": "None", "ebit": "306000000", "ebitda": "960000000", "netIncome": "-78000000"}, {"fiscalDateEnding": "2024-11-30", "reportedCurrency": "USD", "grossProfit": "2105000000", "totalRevenue": "5938000000", "costOfRevenue": "3833000000", "costofGoodsAndServicesSold": "3833000000", "operatingIncome": "561000000", "sellingGeneralAndAdministrative": "886000000", "researchAndDevelopment": "None", "operatingExpenses": "1544000000", "investmentIncomeNet": "None", "netInterestIncome": "-387000000", "interestIncome": "16000000", "interestExpense": "403000000", "nonInterestIncome": "None", "otherNonOperatingIncome": "None", "depreciation": "None", "depreciationAndAmortization": "659000000", "incomeBeforeTax": "289000000", "incomeTaxExpense": "-14000000", "interestAndDebtExpense": "None", "netIncomeFromContinuingOperations": "303000000", "comprehensiveIncomeNetOfTax": "None", "ebit": "692000000", "ebitda": "1351000000", "netIncome": "303000000"}, {"fiscalDateEnding": "2024-08-31", "reportedCurrency": "USD", "grossProfit": "3593000000", "totalRevenue": "7896000000", "costOfRevenue": "4303000000", "costofGoodsAndServicesSold": "4303000000", "operatingIncome": "2178000000", "sellingGeneralAndAdministrative": "763000000", "researchAndDevelopment": "None", "operatingExpenses": "1415000000", "investmentIncomeNet": "None", "netInterestIncome": "-412000000", "interestIncome": "19000000", "interestExpense": "431000000", "nonInterestIncome": "None", "otherNonOperatingIncome": "None", "depreciation": "None", "depreciationAndAmortization": "651000000", "incomeBeforeTax": "1743000000", "incomeTaxExpense": "8000000", "interestAndDebtExpense": "None", "netIncomeFromContinuingOperations": "1735000000", "comprehensiveIncomeNetOfTax": "None", "ebit": "2174000000", "ebitda": "2825000000", "netIncome": "1735000000"}, {"fiscalDateEnding": "2024-05-31", "reportedCurrency": "USD", "grossProfit": "1983000000", "totalRevenue": "5781000000", "costOfRevenue": "3798000000", "costofGoodsAndServicesSold": "3798000000", "operatingIncome": "560000000", "sellingGeneralAndAdministrative": "789000000", "researchAndDevelopment": "None", "operatingExpenses": "1423000000", "investmentIncomeNet": "None", "netInterestIncome": "-425000000", "interestIncome": "25000000", "interestExpense": "450000000", "nonInterestIncome": "None", "otherNonOperatingIncome": "None", "depreciation": "None", "depreciationAndAmortization": "634000000", "incomeBeforeTax": "96000000", "incomeTaxExpense": "5000000", "interestAndDebtExpense": "None", "netIncomeFromContinuingOperations": "91000000", "comprehensiveIncomeNetOfTax": "None", "ebit": "546000000", "ebitda": "1180000000", "netIncome": "92000000"}, {"fiscalDateEnding": "2024-02-29", "reportedCurrency": "USD", "grossProfit": "1702000000", "totalRevenue": "5407000000", "costOfRevenue": "3705000000", "costofGoodsAndServicesSold": "3705000000", "operatingIncome": "276000000", "sellingGeneralAndAdministrative": "813000000", "researchAndDevelopment": "None", "operatingExpenses": "1426000000", "investmentIncomeNet": "None", "netInterestIncome": "-438000000", "interestIncome": "33000000", "interestExpense": "471000000", "nonInterestIncome": "None", "otherNonOperatingIncome": "None", "depreciation": "None", "depreciationAndAmortization": "613000000", "incomeBeforeTax": "-214000000", "incomeTaxExpense": "612956724", "interestAndDebtExpense": "None", "netIncomeFromContinuingOperations": "-214000000", "comprehensiveIncomeNetOfTax": "None", "ebit": "257000000", "ebitda": "870000000", "netIncome": "-214000000"}, {"fiscalDateEnding": "2023-11-30", "reportedCurrency": "USD", "grossProfit": "1767000000", "totalRevenue": "5396000000", "costOfRevenue": "3629000000", "costofGoodsAndServicesSold": "3629000000", "operatingIncome": "384000000", "sellingGeneralAndAdministrative": "788000000", "researchAndDevelopment": "None", "operatingExpenses": "1383000000", "investmentIncomeNet": "None", "netInterestIncome": "-416000000", "interestIncome": "50000000", "interestExpense": "466000000", "nonInterestIncome": "None", "otherNonOperatingIncome": "None", "depreciation": "None", "depreciationAndAmortization": "596000000", "incomeBeforeTax": "-39000000", "incomeTaxExpense": "10000000", "interestAndDebtExpense": "None", "netIncomeFromContinuingOperations": "-48000000", "comprehensiveIncomeNetOfTax": "None", "ebit": "427000000", "ebitda": "1023000000", "netIncome": "-48000000"}, {"fiscalDateEnding": "2023-08-31", "reportedCurrency": "USD", "grossProfit": "2933000000", "totalRevenue": "6854000000", "costOfRevenue": "3921000000", "costofGoodsAndServicesSold": "3921000000", "operatingIncome": "1624000000", "sellingGeneralAndAdministrative": "713000000", "researchAndDevelopment": "None", "operatingExpenses": "1309000000", "investmentIncomeNet": "None", "netInterestIncome": "-459000000", "interestIncome": "459000000", "interestExpense": "518000000", "nonInterestIncome": "None", "otherNonOperatingIncome": "None", "depreciation": "None", "depreciationAndAmortization": "595000000", "incomeBeforeTax": "1065000000", "incomeTaxExpense": "-9000000", "interestAndDebtExpense": "None", "netIncomeFromContinuingOperations": "1074000000", "comprehensiveIncomeNetOfTax": "None", "ebit": "1584000000", "ebitda": "2179000000", "netIncome": "1074000000"}, {"fiscalDateEnding": "2023-05-31", "reportedCurrency": "USD", "grossProfit": "1454000000", "totalRevenue": "4911000000", "costOfRevenue": "3457000000", "costofGoodsAndServicesSold": "3457000000", "operatingIncome": "120000000", "sellingGeneralAndAdministrative": "736000000", "researchAndDevelopment": "None", "operatingExpenses": "1334000000", "investmentIncomeNet": "None", "netInterestIncome": "-473000000", "interestIncome": "69000000", "interestExpense": "542000000", "nonInterestIncome": "None", "otherNonOperatingIncome": "21000000", "depreciation": "None", "depreciationAndAmortization": "597000000", "incomeBeforeTax": "-402000000", "incomeTaxExpense": "5000000", "interestAndDebtExpense": "None", "netIncomeFromContinuingOperations": "-407000000", "comprehensiveIncomeNetOfTax": "None", "ebit": "140000000", "ebitda": "737000000", "netIncome": "-407000000"}, {"fiscalDateEnding": "2023-02-28", "reportedCurrency": "USD", "grossProfit": "1122000000", "totalRevenue": "4433000000", "costOfRevenue": "3311000000", "costofGoodsAndServicesSold": "3311000000", "operatingIncome": "-172000000", "sellingGeneralAndAdministrative": "712000000", "researchAndDevelopment": "None", "operatingExpenses": "1294000000", "investmentIncomeNet": "None", "netInterestIncome": "-483000000", "interestIncome": "483000000", "interestExpense": "539000000", "nonInterestIncome": "None", "otherNonOperatingIncome": "None", "depreciation": "None", "depreciationAndAmortization": "582000000", "incomeBeforeTax": "-686000000", "incomeTaxExpense": "7000000", "interestAndDebtExpense": "None", "netIncomeFromContinuingOperations": "-693000000", "comprehensiveIncomeNetOfTax": "None", "ebit": "-147000000", "ebitda": "435000000", "netIncome": "-693000000"}, {"fiscalDateEnding": "2022-11-30", "reportedCurrency": "USD", "grossProfit": "174000000", "totalRevenue": "3839000000", "costOfRevenue": "3665000000", "costofGoodsAndServicesSold": "3665000000", "operatingIncome": "-1135000000", "sellingGeneralAndAdministrative": "741000000", "researchAndDevelopment": "None", "operatingExpenses": "1309000000", "investmentIncomeNet": "None", "netInterestIncome": "-408000000", "interestIncome": "408000000", "interestExpense": "448000000", "nonInterestIncome": "None", "otherNonOperatingIncome": "None", "depreciation": "None", "depreciationAndAmortization": "568000000", "incomeBeforeTax": "-1602000000", "incomeTaxExpense": "-3000000", "interestAndDebtExpense": "None", "netIncomeFromContinuingOperations": "-1598000000", "comprehensiveIncomeNetOfTax": "None", "ebit": "-1154000000", "ebitda": "-586000000", "netIncome": "-1598000000"}, {"fiscalDateEnding": "2022-08-31", "reportedCurrency": "USD", "grossProfit": "927000000", "totalRevenue": "4306000000", "costOfRevenue": "3379000000", "costofGoodsAndServicesSold": "3379000000", "operatingIncome": "-279000000", "sellingGeneralAndAdministrative": "625000000", "researchAndDevelopment": "None", "operatingExpenses": "1206000000", "investmentIncomeNet": "None", "netInterestIncome": "-398000000", "interestIncome": "398000000", "interestExpense": "422000000", "nonInterestIncome": "None", "otherNonOperatingIncome": "None", "depreciation": "None", "depreciationAndAmortization": "581000000", "incomeBeforeTax": "-759000000", "incomeTaxExpense": "11000000", "interestAndDebtExpense": "None", "netIncomeFromContinuingOperations": "-770000000", "comprehensiveIncomeNetOfTax": "None", "ebit": "-337000000", "ebitda": "244000000", "netIncome": "-770000000"}, {"fiscalDateEnding": "2022-05-31", "reportedCurrency": "USD", "grossProfit": "-282000000", "totalRevenue": "2401000000", "costOfRevenue": "2683000000", "costofGoodsAndServicesSold": "2683000000", "operatingIncome": "-1473000000", "sellingGeneralAndAdministrative": "619000000", "researchAndDevelopment": "None", "operatingExpenses": "1191000000", "investmentIncomeNet": "None", "netInterestIncome": "-364000000", "interestIncome": "6000000", "interestExpense": "370000000", "nonInterestIncome": "None", "otherNonOperatingIncome": "12000000", "depreciation": "None", "depreciationAndAmortization": "572000000", "incomeBeforeTax": "-1831000000", "incomeTaxExpense": "3000000", "interestAndDebtExpense": "None", "netIncomeFromContinuingOperations": "-1834000000", "comprehensiveIncomeNetOfTax": "None", "ebit": "-1461000000", "ebitda": "-889000000", "netIncome": "-1834000000"}, {"fiscalDateEnding": "2022-02-28", "reportedCurrency": "USD", "grossProfit": "-407000000", "totalRevenue": "1623000000", "costOfRevenue": "2030000000", "costofGoodsAndServicesSold": "2030000000", "operatingIncome": "-1491000000", "sellingGeneralAndAdministrative": "530000000", "researchAndDevelopment": "None", "operatingExpenses": "1084000000", "investmentIncomeNet": "None", "netInterestIncome": "-365000000", "interestIncome": "3000000", "interestExpense": "368000000", "nonInterestIncome": "None", "otherNonOperatingIncome": "-29000000", "depreciation": "None", "depreciationAndAmortization": "554000000", "incomeBeforeTax": "-1888000000", "incomeTaxExpense": "3000000", "interestAndDebtExpense": "None", "netIncomeFromContinuingOperations": "-1891000000", "comprehensiveIncomeNetOfTax": "None", "ebit": "-1520000000", "ebitda": "-966000000", "netIncome": "-1891000000"}, {"fiscalDateEnding": "2021-11-30", "reportedCurrency": "USD", "grossProfit": "-536000000", "totalRevenue": "1287000000", "costOfRevenue": "1823000000", "costofGoodsAndServicesSold": "1823000000", "operatingIncome": "-1893000000", "sellingGeneralAndAdministrative": "580000000", "researchAndDevelopment": "None", "operatingExpenses": "1357000000", "investmentIncomeNet": "None", "netInterestIncome": "-346000000", "interestIncome": "644000000", "interestExpense": "348000000", "nonInterestIncome": "None", "otherNonOperatingIncome": "None", "depreciation": "None", "depreciationAndAmortization": "552000000", "incomeBeforeTax": "-2624000000", "incomeTaxExpense": "-4000000", "interestAndDebtExpense": "None", "netIncomeFromContinuingOperations": "-2620000000", "comprehensiveIncomeNetOfTax": "None", "ebit": "-2276000000", "ebitda": "-1724000000", "netIncome": "-2620000000"}, {"fiscalDateEnding": "2021-08-31", "reportedCurrency": "USD", "grossProfit": "-1070000000", "totalRevenue": "546000000", "costOfRevenue": "1616000000", "costofGoodsAndServicesSold": "1616000000", "operatingIncome": "-2057000000", "sellingGeneralAndAdministrative": "425000000", "researchAndDevelopment": "None", "operatingExpenses": "987000000", "investmentIncomeNet": "None", "netInterestIncome": "-415000000", "interestIncome": "791000000", "interestExpense": "418000000", "nonInterestIncome": "None", "otherNonOperatingIncome": "None", "depreciation": "None", "depreciationAndAmortization": "562000000", "incomeBeforeTax": "-2859000000", "incomeTaxExpense": "-23000000", "interestAndDebtExpense": "None", "netIncomeFromContinuingOperations": "-2836000000", "comprehensiveIncomeNetOfTax": "None", "ebit": "-2441000000", "ebitda": "-1879000000", "netIncome": "-2836000000"}, {"fiscalDateEnding": "2021-05-31", "reportedCurrency": "USD", "grossProfit": "-632000000", "totalRevenue": "49000000", "costOfRevenue": "681000000", "costofGoodsAndServicesSold": "681000000", "operatingIncome": "-1616000000", "sellingGeneralAndAdministrative": "417000000", "researchAndDevelopment": "None", "operatingExpenses": "984000000", "investmentIncomeNet": "None", "netInterestIncome": "-433000000", "interestIncome": "433000000", "interestExpense": "437000000", "nonInterestIncome": "None", "otherNonOperatingIncome": "-7000000", "depreciation": "None", "depreciationAndAmortization": "567000000", "incomeBeforeTax": "-2060000000", "incomeTaxExpense": "12000000", "interestAndDebtExpense": "None", "netIncomeFromContinuingOperations": "-2072000000", "comprehensiveIncomeNetOfTax": "None", "ebit": "-1623000000", "ebitda": "-1056000000", "netIncome": "-2072000000"}, {"fiscalDateEnding": "2021-02-28", "reportedCurrency": "USD", "grossProfit": "-509000000", "totalRevenue": "26000000", "costOfRevenue": "535000000", "costofGoodsAndServicesSold": "535000000", "operatingIncome": "-1524000000", "sellingGeneralAndAdministrative": "462000000", "researchAndDevelopment": "None", "operatingExpenses": "1015000000", "investmentIncomeNet": "None", "netInterestIncome": "-395000000", "interestIncome": "3000000", "interestExpense": "398000000", "nonInterestIncome": "None", "otherNonOperatingIncome": "-58000000", "depreciation": "None", "depreciationAndAmortization": "552000000", "incomeBeforeTax": "-1979000000", "incomeTaxExpense": "-6000000", "interestAndDebtExpense": "None", "netIncomeFromContinuingOperations": "-1973000000", "comprehensiveIncomeNetOfTax": "None", "ebit": "-1581000000", "ebitda": "-1029000000", "netIncome": "-1973000000"}, {"fiscalDateEnding": "2020-11-30", "reportedCurrency": "USD", "grossProfit": "-656000000", "totalRevenue": "33000000", "costOfRevenue": "689000000", "costofGoodsAndServicesSold": "689000000", "operatingIncome": "-1642000000", "sellingGeneralAndAdministrative": "443000000", "researchAndDevelopment": "None", "operatingExpenses": "986000000", "investmentIncomeNet": "None", "netInterestIncome": "-345000000", "interestIncome": "3000000", "interestExpense": "348000000", "nonInterestIncome": "None", "otherNonOperatingIncome": "-247000000", "depreciation": "None", "depreciationAndAmortization": "543000000", "incomeBeforeTax": "-2237000000", "incomeTaxExpense": "-15000000", "interestAndDebtExpense": "None", "netIncomeFromContinuingOperations": "-2222000000", "comprehensiveIncomeNetOfTax": "None", "ebit": "-1889000000", "ebitda": "-1346000000", "netIncome": "-2222000000"}, {"fiscalDateEnding": "2020-08-31", "reportedCurrency": "USD", "grossProfit": "-1518000000", "totalRevenue": "31000000", "costOfRevenue": "1549000000", "costofGoodsAndServicesSold": "1549000000", "operatingIncome": "-2333000000", "sellingGeneralAndAdministrative": "265000000", "researchAndDevelopment": "None", "operatingExpenses": "815000000", "investmentIncomeNet": "None", "netInterestIncome": "-307000000", "interestIncome": "307000000", "interestExpense": "310000000", "nonInterestIncome": "None", "otherNonOperatingIncome": "-218000000", "depreciation": "None", "depreciationAndAmortization": "551000000", "incomeBeforeTax": "-2861000000", "incomeTaxExpense": "-2000000", "interestAndDebtExpense": "None", "netIncomeFromContinuingOperations": "-2859000000", "comprehensiveIncomeNetOfTax": "None", "ebit": "-2551000000", "ebitda": "-2000000000", "netIncome": "-2858000000"}, {"fiscalDateEnding": "2020-05-31", "reportedCurrency": "USD", "grossProfit": "-1744000000", "totalRevenue": "740000000", "costOfRevenue": "2484000000", "costofGoodsAndServicesSold": "2484000000", "operatingIncome": "-4177000000", "sellingGeneralAndAdministrative": "492000000", "researchAndDevelopment": "None", "operatingExpenses": "2433000000", "investmentIncomeNet": "None", "netInterestIncome": "-176000000", "interestIncome": "6000000", "interestExpense": "182000000", "nonInterestIncome": "None", "otherNonOperatingIncome": "-26000000", "depreciation": "None", "depreciationAndAmortization": "577000000", "incomeBeforeTax": "-4385000000", "incomeTaxExpense": "-11000000", "interestAndDebtExpense": "None", "netIncomeFromContinuingOperations": "-4374000000", "comprehensiveIncomeNetOfTax": "None", "ebit": "-4203000000", "ebitda": "-3626000000", "netIncome": "-4374000000"}, {"fiscalDateEnding": "2020-02-29", "reportedCurrency": "USD", "grossProfit": "1267000000", "totalRevenue": "4790000000", "costOfRevenue": "3523000000", "costofGoodsAndServicesSold": "3523000000", "operatingIncome": "-713000000", "sellingGeneralAndAdministrative": "678000000", "researchAndDevelopment": "None", "operatingExpenses": "1980000000", "investmentIncomeNet": "None", "netInterestIncome": "-50000000", "interestIncome": "5000000", "interestExpense": "55000000", "nonInterestIncome": "None", "otherNonOperatingIncome": "-2000000", "depreciation": "None", "depreciationAndAmortization": "570000000", "incomeBeforeTax": "-770000000", "incomeTaxExpense": "11000000", "interestAndDebtExpense": "None", "netIncomeFromContinuingOperations": "-781000000", "comprehensiveIncomeNetOfTax": "None", "ebit": "-715000000", "ebitda": "-145000000", "netIncome": "-781000000"}, {"fiscalDateEnding": "2019-11-30", "reportedCurrency": "USD", "grossProfit": "1705000000", "totalRevenue": "4781000000", "costOfRevenue": "3076000000", "costofGoodsAndServicesSold": "3076000000", "operatingIncome": "485000000", "sellingGeneralAndAdministrative": "667000000", "researchAndDevelopment": "None", "operatingExpenses": "1220000000", "investmentIncomeNet": "None", "netInterestIncome": "-42000000", "interestIncome": "42000000", "interestExpense": "49000000", "nonInterestIncome": "None", "otherNonOperatingIncome": "None", "depreciation": "None", "depreciationAndAmortization": "553000000", "incomeBeforeTax": "436000000", "incomeTaxExpense": "15000000", "interestAndDebtExpense": "None", "netIncomeFromContinuingOperations": "421000000", "comprehensiveIncomeNetOfTax": "None", "ebit": "485000000", "ebitda": "1038000000", "netIncome": "423000000"}, {"fiscalDateEnding": "2019-08-31", "reportedCurrency": "USD", "grossProfit": "3001000000", "totalRevenue": "6533000000", "costOfRevenue": "3532000000", "costofGoodsAndServicesSold": "3532000000", "operatingIncome": "1890000000", "sellingGeneralAndAdministrative": "563000000", "researchAndDevelopment": "None", "operatingExpenses": "1111000000", "investmentIncomeNet": "None", "netInterestIncome": "-44000000", "interestIncome": "8000000", "interestExpense": "52000000", "nonInterestIncome": "None", "otherNonOperatingIncome": "-11000000", "depreciation": "None", "depreciationAndAmortization": "548000000", "incomeBeforeTax": "1827000000", "incomeTaxExpense": "47000000", "interestAndDebtExpense": "None", "netIncomeFromContinuingOperations": "1780000000", "comprehensiveIncomeNetOfTax": "None", "ebit": "1879000000", "ebitda": "2427000000", "netIncome": "1780000000"}, {"fiscalDateEnding": "2019-05-31", "reportedCurrency": "USD", "grossProfit": "1678000000", "totalRevenue": "4837000000", "costOfRevenue": "3159000000", "costofGoodsAndServicesSold": "3159000000", "operatingIncome": "515000000", "sellingGeneralAndAdministrative": "621000000", "researchAndDevelopment": "None", "operatingExpenses": "1163000000", "investmentIncomeNet": "None", "netInterestIncome": "-49000000", "interestIncome": "5000000", "interestExpense": "54000000", "nonInterestIncome": "None", "otherNonOperatingIncome": "-2000000", "depreciation": "None", "depreciationAndAmortization": "543000000", "incomeBeforeTax": "459000000", "incomeTaxExpense": "8000000", "interestAndDebtExpense": "None", "netIncomeFromContinuingOperations": "451000000", "comprehensiveIncomeNetOfTax": "None", "ebit": "513000000", "ebitda": "1056000000", "netIncome": "451000000"}, {"fiscalDateEnding": "2019-02-28", "reportedCurrency": "USD", "grossProfit": "1531000000", "totalRevenue": "4673000000", "costOfRevenue": "3142000000", "costofGoodsAndServicesSold": "3142000000", "operatingIncome": "386000000", "sellingGeneralAndAdministrative": "629000000", "researchAndDevelopment": "0", "operatingExpenses": "1145000000", "investmentIncomeNet": "None", "netInterestIncome": "-47000000", "interestIncome": "4000000", "interestExpense": "51000000", "nonInterestIncome": "None", "otherNonOperatingIncome": "2000000", "depreciation": "None", "depreciationAndAmortization": "516000000", "incomeBeforeTax": "338000000", "incomeTaxExpense": "2000000", "interestAndDebtExpense": "None", "netIncomeFromContinuingOperations": "336000000", "comprehensiveIncomeNetOfTax": "None", "ebit": "389000000", "ebitda": "905000000", "netIncome": "336000000"}, {"fiscalDateEnding": "2018-11-30", "reportedCurrency": "USD", "grossProfit": "1715000000", "totalRevenue": "4456000000", "costOfRevenue": "2741000000", "costofGoodsAndServicesSold": "2741000000", "operatingIncome": "553000000", "sellingGeneralAndAdministrative": "656000000", "researchAndDevelopment": "0", "operatingExpenses": "1162000000", "investmentIncomeNet": "None", "netInterestIncome": "None", "interestIncome": "None", "interestExpense": "47000000", "nonInterestIncome": "None", "otherNonOperatingIncome": "2000000", "depreciation": "None", "depreciationAndAmortization": "507000000", "incomeBeforeTax": "508000000", "incomeTaxExpense": "14000000", "interestAndDebtExpense": "None", "netIncomeFromContinuingOperations": "495000000", "comprehensiveIncomeNetOfTax": "None", "ebit": "555000000", "ebitda": "1062000000", "netIncome": "493000000"}, {"fiscalDateEnding": "2018-08-31", "reportedCurrency": "USD", "grossProfit": "2878000000", "totalRevenue": "5836000000", "costOfRevenue": "2958000000", "costofGoodsAndServicesSold": "2958000000", "operatingIncome": "1794000000", "sellingGeneralAndAdministrative": "573000000", "researchAndDevelopment": "0", "operatingExpenses": "1084000000", "investmentIncomeNet": "None", "netInterestIncome": "None", "interestIncome": "None", "interestExpense": "49000000", "nonInterestIncome": "None", "otherNonOperatingIncome": "None", "depreciation": "None", "depreciationAndAmortization": "510000000", "incomeBeforeTax": "1744000000", "incomeTaxExpense": "37000000", "interestAndDebtExpense": "None", "netIncomeFromContinuingOperations": "1707000000", "comprehensiveIncomeNetOfTax": "None", "ebit": "1794000000", "ebitda": "2304000000", "netIncome": "1707000000"}, {"fiscalDateEnding": "2018-05-31", "reportedCurrency": "USD", "grossProfit": "1676000000", "totalRevenue": "4357000000", "costOfRevenue": "2681000000", "costofGoodsAndServicesSold": "2681000000", "operatingIncome": "559000000", "sellingGeneralAndAdministrative": "605000000", "researchAndDevelopment": "0", "operatingExpenses": "1117000000", "investmentIncomeNet": "None", "netInterestIncome": "None", "interestIncome": "None", "interestExpense": "49000000", "nonInterestIncome": "None", "otherNonOperatingIncome": "54000000", "depreciation": "None", "depreciationAndAmortization": "512000000", "incomeBeforeTax": "564000000", "incomeTaxExpense": "3000000", "interestAndDebtExpense": "None", "netIncomeFromContinuingOperations": "561000000", "comprehensiveIncomeNetOfTax": "None", "ebit": "613000000", "ebitda": "1125000000", "netIncome": "561000000"}, {"fiscalDateEnding": "2018-02-28", "reportedCurrency": "USD", "grossProfit": "1523000000", "totalRevenue": "4232000000", "costOfRevenue": "2709000000", "costofGoodsAndServicesSold": "2709000000", "operatingIncome": "419000000", "sellingGeneralAndAdministrative": "616000000", "researchAndDevelopment": "0", "operatingExpenses": "1104000000", "investmentIncomeNet": "None", "netInterestIncome": "None", "interestIncome": "None", "interestExpense": "48000000", "nonInterestIncome": "None", "otherNonOperatingIncome": "20000000", "depreciation": "None", "depreciationAndAmortization": "488000000", "incomeBeforeTax": "390000000", "incomeTaxExpense": "-1000000", "interestAndDebtExpense": "None", "netIncomeFromContinuingOperations": "390000000", "comprehensiveIncomeNetOfTax": "None", "ebit": "438000000", "ebitda": "926000000", "netIncome": "391000000"}, {"fiscalDateEnding": "2017-11-30", "reportedCurrency": "USD", "grossProfit": "1642000000", "totalRevenue": "4259000000", "costOfRevenue": "2617000000", "costofGoodsAndServicesSold": "2617000000", "operatingIncome": "548000000", "sellingGeneralAndAdministrative": "616000000", "researchAndDevelopment": "0", "operatingExpenses": "1094000000", "investmentIncomeNet": "None", "netInterestIncome": "None", "interestIncome": "None", "interestExpense": "48000000", "nonInterestIncome": "None", "otherNonOperatingIncome": "60000000", "depreciation": "None", "depreciationAndAmortization": "478000000", "incomeBeforeTax": "560000000", "incomeTaxExpense": "14000000", "interestAndDebtExpense": "None", "netIncomeFromContinuingOperations": "546000000", "comprehensiveIncomeNetOfTax": "None", "ebit": "608000000", "ebitda": "1086000000", "netIncome": "546000000"}, {"fiscalDateEnding": "2017-08-31", "reportedCurrency": "USD", "grossProfit": "2502000000", "totalRevenue": "5515000000", "costOfRevenue": "3013000000", "costofGoodsAndServicesSold": "3013000000", "operatingIncome": "1393000000", "sellingGeneralAndAdministrative": "547000000", "researchAndDevelopment": "0", "operatingExpenses": "1109000000", "investmentIncomeNet": "None", "netInterestIncome": "None", "interestIncome": "None", "interestExpense": "49000000", "nonInterestIncome": "None", "otherNonOperatingIncome": "24000000", "depreciation": "None", "depreciationAndAmortization": "472000000", "incomeBeforeTax": "1368000000", "incomeTaxExpense": "39000000", "interestAndDebtExpense": "None", "netIncomeFromContinuingOperations": "1329000000", "comprehensiveIncomeNetOfTax": "None", "ebit": "1418000000", "ebitda": "1890000000", "netIncome": "1329000000"}, {"fiscalDateEnding": "2017-05-31", "reportedCurrency": "USD", "grossProfit": "1509000000", "totalRevenue": "3945000000", "costOfRevenue": "2436000000", "costofGoodsAndServicesSold": "2436000000", "operatingIncome": "500000000", "sellingGeneralAndAdministrative": "553000000", "researchAndDevelopment": "0", "operatingExpenses": "1009000000", "investmentIncomeNet": "None", "netInterestIncome": "None", "interestIncome": "None", "interestExpense": "50000000", "nonInterestIncome": "None", "otherNonOperatingIncome": "-66000000", "depreciation": "None", "depreciationAndAmortization": "457000000", "incomeBeforeTax": "384000000", "incomeTaxExpense": "5000000", "interestAndDebtExpense": "None", "netIncomeFromContinuingOperations": "379000000", "comprehensiveIncomeNetOfTax": "None", "ebit": "434000000", "ebitda": "891000000", "netIncome": "379000000"}, {"fiscalDateEnding": "2017-02-28", "reportedCurrency": "USD", "grossProfit": "1356000000", "totalRevenue": "3791000000", "costOfRevenue": "2435000000", "costofGoodsAndServicesSold": "2435000000", "operatingIncome": "368000000", "sellingGeneralAndAdministrative": "549000000", "researchAndDevelopment": "0", "operatingExpenses": "988000000", "investmentIncomeNet": "None", "netInterestIncome": "None", "interestIncome": "None", "interestExpense": "51000000", "nonInterestIncome": "None", "otherNonOperatingIncome": "37000000", "depreciation": "None", "depreciationAndAmortization": "439000000", "incomeBeforeTax": "354000000", "incomeTaxExpense": "2000000", "interestAndDebtExpense": "None", "netIncomeFromContinuingOperations": "352000000", "comprehensiveIncomeNetOfTax": "None", "ebit": "405000000", "ebitda": "844000000", "netIncome": "352000000"}, {"fiscalDateEnding": "2016-11-30", "reportedCurrency": "USD", "grossProfit": "1616000000", "totalRevenue": "3935000000", "costOfRevenue": "2319000000", "costofGoodsAndServicesSold": "2319000000", "operatingIncome": "597000000", "sellingGeneralAndAdministrative": "584000000", "researchAndDevelopment": "0", "operatingExpenses": "1019000000", "investmentIncomeNet": "None", "netInterestIncome": "None", "interestIncome": "None", "interestExpense": "55000000", "nonInterestIncome": "None", "otherNonOperatingIncome": "None", "depreciation": "None", "depreciationAndAmortization": "435000000", "incomeBeforeTax": "613000000", "incomeTaxExpense": "5000000", "interestAndDebtExpense": "None", "netIncomeFromContinuingOperations": "3170000000", "comprehensiveIncomeNetOfTax": "None", "ebit": "668000000", "ebitda": "1103000000", "netIncome": "608000000"}, {"fiscalDateEnding": "2016-08-31", "reportedCurrency": "USD", "grossProfit": "2534000000", "totalRevenue": "5097000000", "costOfRevenue": "2563000000", "costofGoodsAndServicesSold": "2563000000", "operatingIncome": "1562000000", "sellingGeneralAndAdministrative": "529000000", "researchAndDevelopment": "0", "operatingExpenses": "972000000", "investmentIncomeNet": "None", "netInterestIncome": "None", "interestIncome": "None", "interestExpense": "61000000", "nonInterestIncome": "None", "otherNonOperatingIncome": "-36000000", "depreciation": "None", "depreciationAndAmortization": "442000000", "incomeBeforeTax": "1465000000", "incomeTaxExpense": "41000000", "interestAndDebtExpense": "None", "netIncomeFromContinuingOperations": "1424000000", "comprehensiveIncomeNetOfTax": "None", "ebit": "1527000000", "ebitda": "1969000000", "netIncome": "1424000000"}, {"fiscalDateEnding": "2016-05-31", "reportedCurrency": "USD", "grossProfit": "1447000000", "totalRevenue": "3705000000", "costOfRevenue": "2258000000", "costofGoodsAndServicesSold": "2258000000", "operatingIncome": "478000000", "sellingGeneralAndAdministrative": "532000000", "researchAndDevelopment": "0", "operatingExpenses": "969000000", "investmentIncomeNet": "None", "netInterestIncome": "None", "interestIncome": "None", "interestExpense": "57000000", "nonInterestIncome": "None", "otherNonOperatingIncome": "186000000", "depreciation": "None", "depreciationAndAmortization": "438000000", "incomeBeforeTax": "607000000", "incomeTaxExpense": "2000000", "interestAndDebtExpense": "None", "netIncomeFromContinuingOperations": "605000000", "comprehensiveIncomeNetOfTax": "None", "ebit": "664000000", "ebitda": "1102000000", "netIncome": "605000000"}, {"fiscalDateEnding": "2016-02-29", "reportedCurrency": "USD", "grossProfit": "1408000000", "totalRevenue": "3651000000", "costOfRevenue": "2243000000", "costofGoodsAndServicesSold": "2243000000", "operatingIncome": "434000000", "sellingGeneralAndAdministrative": "551000000", "researchAndDevelopment": "0", "operatingExpenses": "974000000", "investmentIncomeNet": "None", "netInterestIncome": "None", "interestIncome": "None", "interestExpense": "52000000", "nonInterestIncome": "None", "otherNonOperatingIncome": "-239000000", "depreciation": "None", "depreciationAndAmortization": "423000000", "incomeBeforeTax": "143000000", "incomeTaxExpense": "1000000", "interestAndDebtExpense": "None", "netIncomeFromContinuingOperations": "142000000", "comprehensiveIncomeNetOfTax": "None", "ebit": "195000000", "ebitda": "618000000", "netIncome": "142000000"}, {"fiscalDateEnding": "2015-11-30", "reportedCurrency": "USD", "grossProfit": "1493000000", "totalRevenue": "3711000000", "costOfRevenue": "2218000000", "costofGoodsAndServicesSold": "2218000000", "operatingIncome": "510000000", "sellingGeneralAndAdministrative": "563000000", "researchAndDevelopment": "0", "operatingExpenses": "983000000", "investmentIncomeNet": "None", "netInterestIncome": "None", "interestIncome": "None", "interestExpense": "50000000", "nonInterestIncome": "None", "otherNonOperatingIncome": "None", "depreciation": "None", "depreciationAndAmortization": "420000000", "incomeBeforeTax": "271000000", "incomeTaxExpense": "1000000", "interestAndDebtExpense": "None", "netIncomeFromContinuingOperations": "1757000000", "comprehensiveIncomeNetOfTax": "None", "ebit": "321000000", "ebitda": "741000000", "netIncome": "270000000"}, {"fiscalDateEnding": "2015-08-31", "reportedCurrency": "USD", "grossProfit": "2393000000", "totalRevenue": "4883000000", "costOfRevenue": "2490000000", "costofGoodsAndServicesSold": "2490000000", "operatingIncome": "1510000000", "sellingGeneralAndAdministrative": "484000000", "researchAndDevelopment": "0", "operatingExpenses": "883000000", "investmentIncomeNet": "None", "netInterestIncome": "None", "interestIncome": "None", "interestExpense": "53000000", "nonInterestIncome": "None", "otherNonOperatingIncome": "None", "depreciation": "None", "depreciationAndAmortization": "399000000", "incomeBeforeTax": "1250000000", "incomeTaxExpense": "34000000", "interestAndDebtExpense": "None", "netIncomeFromContinuingOperations": "0", "comprehensiveIncomeNetOfTax": "None", "ebit": "1303000000", "ebitda": "1702000000", "netIncome": "1216000000"}, {"fiscalDateEnding": "2015-05-31", "reportedCurrency": "USD", "grossProfit": "1186000000", "totalRevenue": "3590000000", "costOfRevenue": "2404000000", "costofGoodsAndServicesSold": "2404000000", "operatingIncome": "289000000", "sellingGeneralAndAdministrative": "491000000", "researchAndDevelopment": "0", "operatingExpenses": "897000000", "investmentIncomeNet": "None", "netInterestIncome": "None", "interestIncome": "None", "interestExpense": "57000000", "nonInterestIncome": "None", "otherNonOperatingIncome": "-6000000", "depreciation": "None", "depreciationAndAmortization": "406000000", "incomeBeforeTax": "226000000", "incomeTaxExpense": "4000000", "interestAndDebtExpense": "None", "netIncomeFromContinuingOperations": "222000000", "comprehensiveIncomeNetOfTax": "None", "ebit": "283000000", "ebitda": "689000000", "netIncome": "222000000"}, {"fiscalDateEnding": "2015-02-28", "reportedCurrency": "USD", "grossProfit": "1196000000", "totalRevenue": "3531000000", "costOfRevenue": "2335000000", "costofGoodsAndServicesSold": "2335000000", "operatingIncome": "266000000", "sellingGeneralAndAdministrative": "529000000", "researchAndDevelopment": "0", "operatingExpenses": "930000000", "investmentIncomeNet": "None", "netInterestIncome": "None", "interestIncome": "None", "interestExpense": "57000000", "nonInterestIncome": "None", "otherNonOperatingIncome": "-157000000", "depreciation": "None", "depreciationAndAmortization": "401000000", "incomeBeforeTax": "52000000", "incomeTaxExpense": "3000000", "interestAndDebtExpense": "None", "netIncomeFromContinuingOperations": "49000000", "comprehensiveIncomeNetOfTax": "None", "ebit": "109000000", "ebitda": "510000000", "netIncome": "49000000"}, {"fiscalDateEnding": "2014-11-30", "reportedCurrency": "USD", "grossProfit": "1222000000", "totalRevenue": "3719000000", "costOfRevenue": "2497000000", "costofGoodsAndServicesSold": "2497000000", "operatingIncome": "267000000", "sellingGeneralAndAdministrative": "76000000", "researchAndDevelopment": "0", "operatingExpenses": "955000000", "investmentIncomeNet": "None", "netInterestIncome": "None", "interestIncome": "None", "interestExpense": "75000000", "nonInterestIncome": "None", "otherNonOperatingIncome": "None", "depreciation": "None", "depreciationAndAmortization": "408000000", "incomeBeforeTax": "-95000000", "incomeTaxExpense": "7000000", "interestAndDebtExpense": "None", "netIncomeFromContinuingOperations": "1216000000", "comprehensiveIncomeNetOfTax": "None", "ebit": "-20000000", "ebitda": "388000000", "netIncome": "-102000000"}, {"fiscalDateEnding": "2014-08-31", "reportedCurrency": "USD", "grossProfit": "2187000000", "totalRevenue": "4947000000", "costOfRevenue": "2760000000", "costofGoodsAndServicesSold": "2760000000", "operatingIncome": "1292000000", "sellingGeneralAndAdministrative": "481000000", "researchAndDevelopment": "0", "operatingExpenses": "895000000", "investmentIncomeNet": "None", "netInterestIncome": "None", "interestIncome": "None", "interestExpense": "69000000", "nonInterestIncome": "None", "otherNonOperatingIncome": "None", "depreciation": "None", "depreciationAndAmortization": "414000000", "incomeBeforeTax": "1241000000", "incomeTaxExpense": "70000000", "interestAndDebtExpense": "None", "netIncomeFromContinuingOperations": "0", "comprehensiveIncomeNetOfTax": "None", "ebit": "1310000000", "ebitda": "1724000000", "netIncome": "1241000000"}, {"fiscalDateEnding": "2014-05-31", "reportedCurrency": "USD", "grossProfit": "1061000000", "totalRevenue": "3633000000", "costOfRevenue": "2572000000", "costofGoodsAndServicesSold": "2572000000", "operatingIncome": "147000000", "sellingGeneralAndAdministrative": "504000000", "researchAndDevelopment": "0", "operatingExpenses": "914000000", "investmentIncomeNet": "None", "netInterestIncome": "None", "interestIncome": "None", "interestExpense": "72000000", "nonInterestIncome": "None", "otherNonOperatingIncome": "24000000", "depreciation": "None", "depreciationAndAmortization": "410000000", "incomeBeforeTax": "99000000", "incomeTaxExpense": "1000000", "interestAndDebtExpense": "None", "netIncomeFromContinuingOperations": "106000000", "comprehensiveIncomeNetOfTax": "None", "ebit": "171000000", "ebitda": "581000000", "netIncome": "98000000"}, {"fiscalDateEnding": "2014-02-28", "reportedCurrency": "USD", "grossProfit": "993000000", "totalRevenue": "3585000000", "costOfRevenue": "2592000000", "costofGoodsAndServicesSold": "2592000000", "operatingIncome": "67000000", "sellingGeneralAndAdministrative": "521000000", "researchAndDevelopment": "0", "operatingExpenses": "926000000", "investmentIncomeNet": "None", "netInterestIncome": "None", "interestIncome": "None", "interestExpense": "72000000", "nonInterestIncome": "None", "otherNonOperatingIncome": "-14000000", "depreciation": "None", "depreciationAndAmortization": "405000000", "incomeBeforeTax": "-19000000", "incomeTaxExpense": "1000000", "interestAndDebtExpense": "None", "netIncomeFromContinuingOperations": "-15000000", "comprehensiveIncomeNetOfTax": "None", "ebit": "53000000", "ebitda": "458000000", "netIncome": "-20000000"}, {"fiscalDateEnding": "2013-11-30", "reportedCurrency": "USD", "grossProfit": "1037000000", "totalRevenue": "3658000000", "costOfRevenue": "2621000000", "costofGoodsAndServicesSold": "2621000000", "operatingIncome": "103000000", "sellingGeneralAndAdministrative": "56000000", "researchAndDevelopment": "0", "operatingExpenses": "934000000", "investmentIncomeNet": "None", "netInterestIncome": "None", "interestIncome": "None", "interestExpense": "82000000", "nonInterestIncome": "None", "otherNonOperatingIncome": "35000000", "depreciation": "None", "depreciationAndAmortization": "402000000", "incomeBeforeTax": "57000000", "incomeTaxExpense": "-9000000", "interestAndDebtExpense": "None", "netIncomeFromContinuingOperations": "66000000", "comprehensiveIncomeNetOfTax": "None", "ebit": "139000000", "ebitda": "541000000", "netIncome": "66000000"}, {"fiscalDateEnding": "2013-08-31", "reportedCurrency": "USD", "grossProfit": "1809000000", "totalRevenue": "4726000000", "costOfRevenue": "2917000000", "costofGoodsAndServicesSold": "2917000000", "operatingIncome": "951000000", "sellingGeneralAndAdministrative": "439000000", "researchAndDevelopment": "0", "operatingExpenses": "858000000", "investmentIncomeNet": "None", "netInterestIncome": "None", "interestIncome": "None", "interestExpense": "76000000", "nonInterestIncome": "None", "otherNonOperatingIncome": "60000000", "depreciation": "None", "depreciationAndAmortization": "406000000", "incomeBeforeTax": "935000000", "incomeTaxExpense": "1000000", "interestAndDebtExpense": "None", "netIncomeFromContinuingOperations": "934000000", "comprehensiveIncomeNetOfTax": "None", "ebit": "1011000000", "ebitda": "1417000000", "netIncome": "934000000"}, {"fiscalDateEnding": "2013-05-31", "reportedCurrency": "USD", "grossProfit": "992000000", "totalRevenue": "3479000000", "costOfRevenue": "2487000000", "costofGoodsAndServicesSold": "2487000000", "operatingIncome": "152000000", "sellingGeneralAndAdministrative": "449000000", "researchAndDevelopment": "0", "operatingExpenses": "840000000", "investmentIncomeNet": "None", "netInterestIncome": "None", "interestIncome": "None", "interestExpense": "78000000", "nonInterestIncome": "None", "otherNonOperatingIncome": "-33000000", "depreciation": "None", "depreciationAndAmortization": "391000000", "incomeBeforeTax": "41000000", "incomeTaxExpense": "73000000", "interestAndDebtExpense": "None", "netIncomeFromContinuingOperations": "41000000", "comprehensiveIncomeNetOfTax": "None", "ebit": "119000000", "ebitda": "510000000", "netIncome": "41000000"}, {"fiscalDateEnding": "2013-02-28", "reportedCurrency": "USD", "grossProfit": "994000000", "totalRevenue": "3593000000", "costOfRevenue": "2599000000", "costofGoodsAndServicesSold": "2599000000", "operatingIncome": "145000000", "sellingGeneralAndAdministrative": "460000000", "researchAndDevelopment": "0", "operatingExpenses": "849000000", "investmentIncomeNet": "None", "netInterestIncome": "None", "interestIncome": "None", "interestExpense": "83000000", "nonInterestIncome": "None", "otherNonOperatingIncome": "-23000000", "depreciation": "None", "depreciationAndAmortization": "389000000", "incomeBeforeTax": "39000000", "incomeTaxExpense": "2000000", "interestAndDebtExpense": "None", "netIncomeFromContinuingOperations": "37000000", "comprehensiveIncomeNetOfTax": "None", "ebit": "122000000", "ebitda": "511000000", "netIncome": "37000000"}, {"fiscalDateEnding": "2012-11-30", "reportedCurrency": "USD", "grossProfit": "1027000000", "totalRevenue": "3578000000", "costOfRevenue": "2551000000", "costofGoodsAndServicesSold": "2551000000", "operatingIncome": "176000000", "sellingGeneralAndAdministrative": "68000000", "researchAndDevelopment": "0", "operatingExpenses": "851000000", "investmentIncomeNet": "None", "netInterestIncome": "None", "interestIncome": "None", "interestExpense": "77000000", "nonInterestIncome": "None", "otherNonOperatingIncome": "None", "depreciation": "None", "depreciationAndAmortization": "392000000", "incomeBeforeTax": "93000000", "incomeTaxExpense": "1000000", "interestAndDebtExpense": "None", "netIncomeFromContinuingOperations": "0", "comprehensiveIncomeNetOfTax": "None", "ebit": "170000000", "ebitda": "562000000", "netIncome": "93000000"}, {"fiscalDateEnding": "2012-08-31", "reportedCurrency": "USD", "grossProfit": "2087000000", "totalRevenue": "4684000000", "costOfRevenue": "2597000000", "costofGoodsAndServicesSold": "2597000000", "operatingIncome": "1295000000", "sellingGeneralAndAdministrative": "409000000", "researchAndDevelopment": "0", "operatingExpenses": "792000000", "investmentIncomeNet": "None", "netInterestIncome": "None", "interestIncome": "None", "interestExpense": "84000000", "nonInterestIncome": "None", "otherNonOperatingIncome": "None", "depreciation": "None", "depreciationAndAmortization": "383000000", "incomeBeforeTax": "1336000000", "incomeTaxExpense": "6000000", "interestAndDebtExpense": "None", "netIncomeFromContinuingOperations": "0", "comprehensiveIncomeNetOfTax": "None", "ebit": "1420000000", "ebitda": "1803000000", "netIncome": "1330000000"}, {"fiscalDateEnding": "2012-05-31", "reportedCurrency": "USD", "grossProfit": "1060000000", "totalRevenue": "3538000000", "costOfRevenue": "2478000000", "costofGoodsAndServicesSold": "2478000000", "operatingIncome": "253000000", "sellingGeneralAndAdministrative": "431000000", "researchAndDevelopment": "0", "operatingExpenses": "807000000", "investmentIncomeNet": "None", "netInterestIncome": "None", "interestIncome": "None", "interestExpense": "87000000", "nonInterestIncome": "None", "otherNonOperatingIncome": "None", "depreciation": "None", "depreciationAndAmortization": "376000000", "incomeBeforeTax": "14000000", "incomeTaxExpense": "87000000", "interestAndDebtExpense": "None", "netIncomeFromContinuingOperations": "0", "comprehensiveIncomeNetOfTax": "None", "ebit": "101000000", "ebitda": "477000000", "netIncome": "14000000"}, {"fiscalDateEnding": "2012-02-29", "reportedCurrency": "USD", "grossProfit": "888000000", "totalRevenue": "3582000000", "costOfRevenue": "2694000000", "costofGoodsAndServicesSold": "2694000000", "operatingIncome": "-82000000", "sellingGeneralAndAdministrative": "421000000", "researchAndDevelopment": "0", "operatingExpenses": "970000000", "investmentIncomeNet": "None", "netInterestIncome": "None", "interestIncome": "None", "interestExpense": "88000000", "nonInterestIncome": "None", "otherNonOperatingIncome": "None", "depreciation": "None", "depreciationAndAmortization": "376000000", "incomeBeforeTax": "-141000000", "incomeTaxExpense": "-2000000", "interestAndDebtExpense": "None", "netIncomeFromContinuingOperations": "0", "comprehensiveIncomeNetOfTax": "None", "ebit": "-53000000", "ebitda": "323000000", "netIncome": "-139000000"}, {"fiscalDateEnding": "2011-11-30", "reportedCurrency": "USD", "grossProfit": "1128000000", "totalRevenue": "3697000000", "costOfRevenue": "2569000000", "costofGoodsAndServicesSold": "2569000000", "operatingIncome": "308000000", "sellingGeneralAndAdministrative": "435000000", "researchAndDevelopment": "0", "operatingExpenses": "820000000", "investmentIncomeNet": "None", "netInterestIncome": "None", "interestIncome": "None", "interestExpense": "92000000", "nonInterestIncome": "None", "otherNonOperatingIncome": "None", "depreciation": "None", "depreciationAndAmortization": "385000000", "incomeBeforeTax": "209000000", "incomeTaxExpense": "-8000000", "interestAndDebtExpense": "None", "netIncomeFromContinuingOperations": "0", "comprehensiveIncomeNetOfTax": "None", "ebit": "301000000", "ebitda": "686000000", "netIncome": "217000000"}, {"fiscalDateEnding": "2011-08-31", "reportedCurrency": "USD", "grossProfit": "2244000000", "totalRevenue": "5058000000", "costOfRevenue": "2814000000", "costofGoodsAndServicesSold": "2814000000", "operatingIncome": "1433000000", "sellingGeneralAndAdministrative": "421000000", "researchAndDevelopment": "0", "operatingExpenses": "811000000", "investmentIncomeNet": "None", "netInterestIncome": "None", "interestIncome": "None", "interestExpense": "96000000", "nonInterestIncome": "None", "otherNonOperatingIncome": "5000000", "depreciation": "None", "depreciationAndAmortization": "390000000", "incomeBeforeTax": "1342000000", "incomeTaxExpense": "5000000", "interestAndDebtExpense": "None", "netIncomeFromContinuingOperations": "1337000000", "comprehensiveIncomeNetOfTax": "None", "ebit": "1438000000", "ebitda": "1828000000", "netIncome": "1337000000"}, {"fiscalDateEnding": "2011-05-31", "reportedCurrency": "USD", "grossProfit": "1099000000", "totalRevenue": "3620000000", "costOfRevenue": "2521000000", "costofGoodsAndServicesSold": "2521000000", "operatingIncome": "279000000", "sellingGeneralAndAdministrative": "440000000", "researchAndDevelopment": "0", "operatingExpenses": "820000000", "investmentIncomeNet": "None", "netInterestIncome": "None", "interestIncome": "None", "interestExpense": "91000000", "nonInterestIncome": "None", "otherNonOperatingIncome": "16000000", "depreciation": "None", "depreciationAndAmortization": "380000000", "incomeBeforeTax": "204000000", "incomeTaxExpense": "-2000000", "interestAndDebtExpense": "None", "netIncomeFromContinuingOperations": "206000000", "comprehensiveIncomeNetOfTax": "None", "ebit": "295000000", "ebitda": "675000000", "netIncome": "206000000"}, {"fiscalDateEnding": "2011-02-28", "reportedCurrency": "USD", "grossProfit": "1024000000", "totalRevenue": "3419000000", "costOfRevenue": "2395000000", "costofGoodsAndServicesSold": "2395000000", "operatingIncome": "235000000", "sellingGeneralAndAdministrative": "422000000", "researchAndDevelopment": "0", "operatingExpenses": "789000000", "investmentIncomeNet": "None", "netInterestIncome": "None", "interestIncome": "None", "interestExpense": "86000000", "nonInterestIncome": "None", "otherNonOperatingIncome": "8000000", "depreciation": "None", "depreciationAndAmortization": "367000000", "incomeBeforeTax": "157000000", "incomeTaxExpense": "5000000", "interestAndDebtExpense": "None", "netIncomeFromContinuingOperations": "152000000", "comprehensiveIncomeNetOfTax": "None", "ebit": "243000000", "ebitda": "610000000", "netIncome": "152000000"}, {"fiscalDateEnding": "2010-11-30", "reportedCurrency": "USD", "grossProfit": "-3360000000", "totalRevenue": "3753000000", "costOfRevenue": "7113000000", "costofGoodsAndServicesSold": "7113000000", "operatingIncome": "341000000", "sellingGeneralAndAdministrative": "433000000", "researchAndDevelopment": "0", "operatingExpenses": "-3701000000", "investmentIncomeNet": "None", "netInterestIncome": "None", "interestIncome": "None", "interestExpense": "93000000", "nonInterestIncome": "None", "otherNonOperatingIncome": "None", "depreciation": "None", "depreciationAndAmortization": "367000000", "incomeBeforeTax": "255000000", "incomeTaxExpense": "7000000", "interestAndDebtExpense": "None", "netIncomeFromContinuingOperations": "0", "comprehensiveIncomeNetOfTax": "None", "ebit": "348000000", "ebitda": "715000000", "netIncome": "248000000"}, {"fiscalDateEnding": "2010-08-31", "reportedCurrency": "USD", "grossProfit": "2138000000", "totalRevenue": "4527000000", "costOfRevenue": "2389000000", "costofGoodsAndServicesSold": "2389000000", "operatingIncome": "1402000000", "sellingGeneralAndAdministrative": "381000000", "researchAndDevelopment": "0", "operatingExpenses": "736000000", "investmentIncomeNet": "None", "netInterestIncome": "None", "interestIncome": "None", "interestExpense": "90000000", "nonInterestIncome": "None", "otherNonOperatingIncome": "None", "depreciation": "None", "depreciationAndAmortization": "355000000", "incomeBeforeTax": "1313000000", "incomeTaxExpense": "10000000", "interestAndDebtExpense": "None", "netIncomeFromContinuingOperations": "0", "comprehensiveIncomeNetOfTax": "None", "ebit": "1403000000", "ebitda": "1758000000", "netIncome": "1303000000"}, {"fiscalDateEnding": "2010-05-31", "reportedCurrency": "USD", "grossProfit": "1102000000", "totalRevenue": "3267000000", "costOfRevenue": "2165000000", "costofGoodsAndServicesSold": "2165000000", "operatingIncome": "349000000", "sellingGeneralAndAdministrative": "404000000", "researchAndDevelopment": "0", "operatingExpenses": "753000000", "investmentIncomeNet": "None", "netInterestIncome": "None", "interestIncome": "None", "interestExpense": "99000000", "nonInterestIncome": "None", "otherNonOperatingIncome": "None", "depreciation": "None", "depreciationAndAmortization": "349000000", "incomeBeforeTax": "251000000", "incomeTaxExpense": "-1000000", "interestAndDebtExpense": "None", "netIncomeFromContinuingOperations": "0", "comprehensiveIncomeNetOfTax": "None", "ebit": "350000000", "ebitda": "699000000", "netIncome": "252000000"}, {"fiscalDateEnding": "2010-02-28", "reportedCurrency": "USD", "grossProfit": "996000000", "totalRevenue": "3178000000", "costOfRevenue": "2182000000", "costofGoodsAndServicesSold": "2182000000", "operatingIncome": "255000000", "sellingGeneralAndAdministrative": "396000000", "researchAndDevelopment": "0", "operatingExpenses": "741000000", "investmentIncomeNet": "None", "netInterestIncome": "None", "interestIncome": "None", "interestExpense": "96000000", "nonInterestIncome": "None", "otherNonOperatingIncome": "None", "depreciation": "None", "depreciationAndAmortization": "345000000", "incomeBeforeTax": "160000000", "incomeTaxExpense": "-15000000", "interestAndDebtExpense": "None", "netIncomeFromContinuingOperations": "0", "comprehensiveIncomeNetOfTax": "None", "ebit": "256000000", "ebitda": "601000000", "netIncome": "175000000"}, {"fiscalDateEnding": "2009-11-30", "reportedCurrency": "USD", "grossProfit": "1063000000", "totalRevenue": "3206000000", "costOfRevenue": "2143000000", "costofGoodsAndServicesSold": "2143000000", "operatingIncome": "294000000", "sellingGeneralAndAdministrative": "424000000", "researchAndDevelopment": "0", "operatingExpenses": "769000000", "investmentIncomeNet": "None", "netInterestIncome": "None", "interestIncome": "None", "interestExpense": "99000000", "nonInterestIncome": "None", "otherNonOperatingIncome": "None", "depreciation": "None", "depreciationAndAmortization": "345000000", "incomeBeforeTax": "201000000", "incomeTaxExpense": "8000000", "interestAndDebtExpense": "None", "netIncomeFromContinuingOperations": "0", "comprehensiveIncomeNetOfTax": "None", "ebit": "300000000", "ebitda": "645000000", "netIncome": "193000000"}, {"fiscalDateEnding": "2009-08-31", "reportedCurrency": "USD", "grossProfit": "3348000000", "totalRevenue": "4139000000", "costOfRevenue": "791000000", "costofGoodsAndServicesSold": "791000000", "operatingIncome": "1196000000", "sellingGeneralAndAdministrative": "381000000", "researchAndDevelopment": "0", "operatingExpenses": "2152000000", "investmentIncomeNet": "None", "netInterestIncome": "None", "interestIncome": "None", "interestExpense": "95000000", "nonInterestIncome": "None", "otherNonOperatingIncome": "None", "depreciation": "None", "depreciationAndAmortization": "336000000", "incomeBeforeTax": "1097000000", "incomeTaxExpense": "24000000", "interestAndDebtExpense": "None", "netIncomeFromContinuingOperations": "0", "comprehensiveIncomeNetOfTax": "None", "ebit": "1192000000", "ebitda": "1528000000", "netIncome": "1073000000"}, {"fiscalDateEnding": "2009-05-31", "reportedCurrency": "USD", "grossProfit": "1063000000", "totalRevenue": "2948000000", "costOfRevenue": "1885000000", "costofGoodsAndServicesSold": "1885000000", "operatingIncome": "353000000", "sellingGeneralAndAdministrative": "393000000", "researchAndDevelopment": "0", "operatingExpenses": "710000000", "investmentIncomeNet": "None", "netInterestIncome": "None", "interestIncome": "None", "interestExpense": "90000000", "nonInterestIncome": "None", "otherNonOperatingIncome": "None", "depreciation": "None", "depreciationAndAmortization": "317000000", "incomeBeforeTax": "270000000", "incomeTaxExpense": "6000000", "interestAndDebtExpense": "None", "netIncomeFromContinuingOperations": "0", "comprehensiveIncomeNetOfTax": "None", "ebit": "360000000", "ebitda": "677000000", "netIncome": "264000000"}, {"fiscalDateEnding": "2009-02-28", "reportedCurrency": "USD", "grossProfit": "1014000000", "totalRevenue": "2864000000", "costOfRevenue": "1850000000", "costofGoodsAndServicesSold": "1850000000", "operatingIncome": "311000000", "sellingGeneralAndAdministrative": "392000000", "researchAndDevelopment": "0", "operatingExpenses": "703000000", "investmentIncomeNet": "None", "netInterestIncome": "None", "interestIncome": "None", "interestExpense": "96000000", "nonInterestIncome": "None", "otherNonOperatingIncome": "None", "depreciation": "None", "depreciationAndAmortization": "311000000", "incomeBeforeTax": "238000000", "incomeTaxExpense": "-22000000", "interestAndDebtExpense": "None", "netIncomeFromContinuingOperations": "0", "comprehensiveIncomeNetOfTax": "None", "ebit": "334000000", "ebitda": "645000000", "netIncome": "260000000"}, {"fiscalDateEnding": "2008-11-30", "reportedCurrency": "USD", "grossProfit": "1170000000", "totalRevenue": "3302000000", "costOfRevenue": "2132000000", "costofGoodsAndServicesSold": "2132000000", "operatingIncome": "450000000", "sellingGeneralAndAdministrative": "407000000", "researchAndDevelopment": "0", "operatingExpenses": "720000000", "investmentIncomeNet": "None", "netInterestIncome": "None", "interestIncome": "None", "interestExpense": "106000000", "nonInterestIncome": "None", "otherNonOperatingIncome": "None", "depreciation": "None", "depreciationAndAmortization": "2185000000", "incomeBeforeTax": "370000000", "incomeTaxExpense": "-1000000", "interestAndDebtExpense": "None", "netIncomeFromContinuingOperations": "0", "comprehensiveIncomeNetOfTax": "None", "ebit": "476000000", "ebitda": "2661000000", "netIncome": "371000000"}, {"fiscalDateEnding": "2008-08-31", "reportedCurrency": "USD", "grossProfit": "2180000000", "totalRevenue": "4814000000", "costOfRevenue": "2634000000", "costofGoodsAndServicesSold": "2634000000", "operatingIncome": "1485000000", "sellingGeneralAndAdministrative": "372000000", "researchAndDevelopment": "0", "operatingExpenses": "695000000", "investmentIncomeNet": "None", "netInterestIncome": "None", "interestIncome": "None", "interestExpense": "108000000", "nonInterestIncome": "None", "otherNonOperatingIncome": "None", "depreciation": "None", "depreciationAndAmortization": "323000000", "incomeBeforeTax": "1385000000", "incomeTaxExpense": "52000000", "interestAndDebtExpense": "None", "netIncomeFromContinuingOperations": "0", "comprehensiveIncomeNetOfTax": "None", "ebit": "1493000000", "ebitda": "1816000000", "netIncome": "1333000000"}, {"fiscalDateEnding": "2008-05-31", "reportedCurrency": "USD", "grossProfit": "1219000000", "totalRevenue": "3378000000", "costOfRevenue": "2159000000", "costofGoodsAndServicesSold": "2159000000", "operatingIncome": "482000000", "sellingGeneralAndAdministrative": "425000000", "researchAndDevelopment": "0", "operatingExpenses": "737000000", "investmentIncomeNet": "None", "netInterestIncome": "None", "interestIncome": "None", "interestExpense": "102000000", "nonInterestIncome": "None", "otherNonOperatingIncome": "None", "depreciation": "None", "depreciationAndAmortization": "312000000", "incomeBeforeTax": "396000000", "incomeTaxExpense": "6000000", "interestAndDebtExpense": "None", "netIncomeFromContinuingOperations": "0", "comprehensiveIncomeNetOfTax": "None", "ebit": "498000000", "ebitda": "810000000", "netIncome": "390000000"}, {"fiscalDateEnding": "2008-02-29", "reportedCurrency": "USD", "grossProfit": "1038000000", "totalRevenue": "3152000000", "costOfRevenue": "2114000000", "costofGoodsAndServicesSold": "2114000000", "operatingIncome": "312000000", "sellingGeneralAndAdministrative": "425000000", "researchAndDevelopment": "0", "operatingExpenses": "726000000", "investmentIncomeNet": "None", "netInterestIncome": "None", "interestIncome": "None", "interestExpense": "98000000", "nonInterestIncome": "None", "otherNonOperatingIncome": "None", "depreciation": "None", "depreciationAndAmortization": "301000000", "incomeBeforeTax": "226000000", "incomeTaxExpense": "-10000000", "interestAndDebtExpense": "None", "netIncomeFromContinuingOperations": "0", "comprehensiveIncomeNetOfTax": "None", "ebit": "324000000", "ebitda": "625000000", "netIncome": "236000000"}, {"fiscalDateEnding": "2007-11-30", "reportedCurrency": "USD", "grossProfit": "1139000000", "totalRevenue": "3124000000", "costOfRevenue": "1985000000", "costofGoodsAndServicesSold": "1985000000", "operatingIncome": "423000000", "sellingGeneralAndAdministrative": "426000000", "researchAndDevelopment": "0", "operatingExpenses": "716000000", "investmentIncomeNet": "None", "netInterestIncome": "None", "interestIncome": "None", "interestExpense": "75000000", "nonInterestIncome": "None", "otherNonOperatingIncome": "None", "depreciation": "None", "depreciationAndAmortization": "290000000", "incomeBeforeTax": "348000000", "incomeTaxExpense": "-10000000", "interestAndDebtExpense": "None", "netIncomeFromContinuingOperations": "0", "comprehensiveIncomeNetOfTax": "None", "ebit": "423000000", "ebitda": "713000000", "netIncome": "358000000"}, {"fiscalDateEnding": "2007-08-31", "reportedCurrency": "USD", "grossProfit": "2132000000", "totalRevenue": "4321000000", "costOfRevenue": "2189000000", "costofGoodsAndServicesSold": "2189000000", "operatingIncome": "1490000000", "sellingGeneralAndAdministrative": "363000000", "researchAndDevelopment": "0", "operatingExpenses": "642000000", "investmentIncomeNet": "None", "netInterestIncome": "None", "interestIncome": "None", "interestExpense": "95000000", "nonInterestIncome": "None", "otherNonOperatingIncome": "None", "depreciation": "None", "depreciationAndAmortization": "-1343000000", "incomeBeforeTax": "1416000000", "incomeTaxExpense": "39000000", "interestAndDebtExpense": "None", "netIncomeFromContinuingOperations": "0", "comprehensiveIncomeNetOfTax": "None", "ebit": "3133000000", "ebitda": "1790000000", "netIncome": "1377000000"}, {"fiscalDateEnding": "2007-05-31", "reportedCurrency": "USD", "grossProfit": "1137000000", "totalRevenue": "2900000000", "costOfRevenue": "1763000000", "costofGoodsAndServicesSold": "1763000000", "operatingIncome": "459000000", "sellingGeneralAndAdministrative": "406000000", "researchAndDevelopment": "0", "operatingExpenses": "678000000", "investmentIncomeNet": "None", "netInterestIncome": "None", "interestIncome": "None", "interestExpense": "94000000", "nonInterestIncome": "None", "otherNonOperatingIncome": "None", "depreciation": "None", "depreciationAndAmortization": "272000000", "incomeBeforeTax": "381000000", "incomeTaxExpense": "-9000000", "interestAndDebtExpense": "None", "netIncomeFromContinuingOperations": "0", "comprehensiveIncomeNetOfTax": "None", "ebit": "475000000", "ebitda": "747000000", "netIncome": "390000000"}, {"fiscalDateEnding": "2007-02-28", "reportedCurrency": "USD", "grossProfit": "997000000", "totalRevenue": "2688000000", "costOfRevenue": "1691000000", "costofGoodsAndServicesSold": "1691000000", "operatingIncome": "353000000", "sellingGeneralAndAdministrative": "384000000", "researchAndDevelopment": "0", "operatingExpenses": "644000000", "investmentIncomeNet": "None", "netInterestIncome": "None", "interestIncome": "None", "interestExpense": "74000000", "nonInterestIncome": "None", "otherNonOperatingIncome": "None", "depreciation": "None", "depreciationAndAmortization": "260000000", "incomeBeforeTax": "279000000", "incomeTaxExpense": "-4000000", "interestAndDebtExpense": "None", "netIncomeFromContinuingOperations": "0", "comprehensiveIncomeNetOfTax": "None", "ebit": "353000000", "ebitda": "613000000", "netIncome": "283000000"}, {"fiscalDateEnding": "2006-11-30", "reportedCurrency": "USD", "grossProfit": "1130000000", "totalRevenue": "2810000000", "costOfRevenue": "1680000000", "costofGoodsAndServicesSold": "1680000000", "operatingIncome": "476000000", "sellingGeneralAndAdministrative": "393000000", "researchAndDevelopment": "0", "operatingExpenses": "654000000", "investmentIncomeNet": "None", "netInterestIncome": "None", "interestIncome": "None", "interestExpense": "63000000", "nonInterestIncome": "None", "otherNonOperatingIncome": "None", "depreciation": "None", "depreciationAndAmortization": "261000000", "incomeBeforeTax": "413000000", "incomeTaxExpense": "-3000000", "interestAndDebtExpense": "None", "netIncomeFromContinuingOperations": "0", "comprehensiveIncomeNetOfTax": "None", "ebit": "476000000", "ebitda": "737000000", "netIncome": "416000000"}, {"fiscalDateEnding": "2006-08-31", "reportedCurrency": "USD", "grossProfit": "1930000000", "totalRevenue": "3905000000", "costOfRevenue": "1975000000", "costofGoodsAndServicesSold": "1975000000", "operatingIncome": "1340000000", "sellingGeneralAndAdministrative": "335000000", "researchAndDevelopment": "0", "operatingExpenses": "590000000", "investmentIncomeNet": "None", "netInterestIncome": "None", "interestIncome": "None", "interestExpense": "77000000", "nonInterestIncome": "None", "otherNonOperatingIncome": "None", "depreciation": "None", "depreciationAndAmortization": "255000000", "incomeBeforeTax": "1263000000", "incomeTaxExpense": "31000000", "interestAndDebtExpense": "None", "netIncomeFromContinuingOperations": "0", "comprehensiveIncomeNetOfTax": "None", "ebit": "1340000000", "ebitda": "1595000000", "netIncome": "1232000000"}, {"fiscalDateEnding": "2006-05-31", "reportedCurrency": "USD", "grossProfit": "1042000000", "totalRevenue": "2662000000", "costOfRevenue": "1620000000", "costofGoodsAndServicesSold": "1620000000", "operatingIncome": "448000000", "sellingGeneralAndAdministrative": "354000000", "researchAndDevelopment": "0", "operatingExpenses": "594000000", "investmentIncomeNet": "None", "netInterestIncome": "None", "interestIncome": "None", "interestExpense": "71000000", "nonInterestIncome": "None", "otherNonOperatingIncome": "None", "depreciation": "None", "depreciationAndAmortization": "240000000", "incomeBeforeTax": "377000000", "incomeTaxExpense": "-3000000", "interestAndDebtExpense": "None", "netIncomeFromContinuingOperations": "0", "comprehensiveIncomeNetOfTax": "None", "ebit": "448000000", "ebitda": "688000000", "netIncome": "380000000"}, {"fiscalDateEnding": "2006-02-28", "reportedCurrency": "USD", "grossProfit": "947000000", "totalRevenue": "2463000000", "costOfRevenue": "1516000000", "costofGoodsAndServicesSold": "1516000000", "operatingIncome": "349000000", "sellingGeneralAndAdministrative": "365000000", "researchAndDevelopment": "0", "operatingExpenses": "598000000", "investmentIncomeNet": "None", "netInterestIncome": "None", "interestIncome": "None", "interestExpense": "97000000", "nonInterestIncome": "None", "otherNonOperatingIncome": "None", "depreciation": "None", "depreciationAndAmortization": "232000000", "incomeBeforeTax": "265000000", "incomeTaxExpense": "14000000", "interestAndDebtExpense": "None", "netIncomeFromContinuingOperations": "0", "comprehensiveIncomeNetOfTax": "None", "ebit": "349000000", "ebitda": "581000000", "netIncome": "251000000"}, {"fiscalDateEnding": "2005-11-30", "reportedCurrency": "USD", "grossProfit": "1034000000", "totalRevenue": "2567000000", "costOfRevenue": "1533000000", "costofGoodsAndServicesSold": "1533000000", "operatingIncome": "448000000", "sellingGeneralAndAdministrative": "356000000", "researchAndDevelopment": "0", "operatingExpenses": "586000000", "investmentIncomeNet": "None", "netInterestIncome": "None", "interestIncome": "None", "interestExpense": "65000000", "nonInterestIncome": "None", "otherNonOperatingIncome": "None", "depreciation": "None", "depreciationAndAmortization": "230000000", "incomeBeforeTax": "383000000", "incomeTaxExpense": "30000000", "interestAndDebtExpense": "None", "netIncomeFromContinuingOperations": "0", "comprehensiveIncomeNetOfTax": "None", "ebit": "448000000", "ebitda": "678000000", "netIncome": "353000000"}, {"fiscalDateEnding": "2005-08-31", "reportedCurrency": "USD", "grossProfit": "1847000000", "totalRevenue": "3607000000", "costOfRevenue": "1760000000", "costofGoodsAndServicesSold": "1760000000", "operatingIncome": "1321000000", "sellingGeneralAndAdministrative": "298000000", "researchAndDevelopment": "0", "operatingExpenses": "526000000", "investmentIncomeNet": "None", "netInterestIncome": "None", "interestIncome": "None", "interestExpense": "95000000", "nonInterestIncome": "None", "otherNonOperatingIncome": "None", "depreciation": "None", "depreciationAndAmortization": "226000000", "incomeBeforeTax": "1226000000", "incomeTaxExpense": "45000000", "interestAndDebtExpense": "None", "netIncomeFromContinuingOperations": "0", "comprehensiveIncomeNetOfTax": "None", "ebit": "1321000000", "ebitda": "1547000000", "netIncome": "1181000000"}, {"fiscalDateEnding": "2005-05-31", "reportedCurrency": "USD", "grossProfit": "1028000000", "totalRevenue": "2516000000", "costOfRevenue": "1488000000", "costofGoodsAndServicesSold": "1488000000", "operatingIncome": "462000000", "sellingGeneralAndAdministrative": "342000000", "researchAndDevelopment": "0", "operatingExpenses": "566000000", "investmentIncomeNet": "None", "netInterestIncome": "None", "interestIncome": "None", "interestExpense": "87000000", "nonInterestIncome": "None", "otherNonOperatingIncome": "None", "depreciation": "None", "depreciationAndAmortization": "225000000", "incomeBeforeTax": "388000000", "incomeTaxExpense": "73000000", "interestAndDebtExpense": "None", "netIncomeFromContinuingOperations": "0", "comprehensiveIncomeNetOfTax": "None", "ebit": "462000000", "ebitda": "687000000", "netIncome": "388000000"}, {"fiscalDateEnding": "2005-02-28", "reportedCurrency": "USD", "grossProfit": "973000000", "totalRevenue": "2396000000", "costOfRevenue": "1423000000", "costofGoodsAndServicesSold": "1423000000", "operatingIncome": "418000000", "sellingGeneralAndAdministrative": "334000000", "researchAndDevelopment": "0", "operatingExpenses": "555000000", "investmentIncomeNet": "None", "netInterestIncome": "None", "interestIncome": "None", "interestExpense": "76000000", "nonInterestIncome": "None", "otherNonOperatingIncome": "None", "depreciation": "None", "depreciationAndAmortization": "221000000", "incomeBeforeTax": "342000000", "incomeTaxExpense": "-3000000", "interestAndDebtExpense": "None", "netIncomeFromContinuingOperations": "0", "comprehensiveIncomeNetOfTax": "None", "ebit": "418000000", "ebitda": "639000000", "netIncome": "345000000"}]}