{"symbol": "CTAS", "annualReports": [{"fiscalDateEnding": "2024-05-31", "reportedCurrency": "USD", "grossProfit": "4686416000", "totalRevenue": "9596615000", "costOfRevenue": "4910199000", "costofGoodsAndServicesSold": "4910199000", "operatingIncome": "2068632999", "sellingGeneralAndAdministrative": "2617783000", "researchAndDevelopment": "26600000", "operatingExpenses": "2617783000", "investmentIncomeNet": "None", "netInterestIncome": "-94998000", "interestIncome": "5742000", "interestExpense": "100740000", "nonInterestIncome": "None", "otherNonOperatingIncome": "None", "depreciation": "None", "depreciationAndAmortization": "442384000", "incomeBeforeTax": "1973635000", "incomeTaxExpense": "402043000", "interestAndDebtExpense": "None", "netIncomeFromContinuingOperations": "1571592000", "comprehensiveIncomeNetOfTax": "None", "ebit": "2081473000", "ebitda": "2523857000", "netIncome": "1571592000"}, {"fiscalDateEnding": "2023-05-31", "reportedCurrency": "USD", "grossProfit": "4173368000", "totalRevenue": "8815769000", "costOfRevenue": "4642401000", "costofGoodsAndServicesSold": "4642401000", "operatingIncome": "1802664000", "sellingGeneralAndAdministrative": "2370704000", "researchAndDevelopment": "24500000", "operatingExpenses": "2370704000", "investmentIncomeNet": "None", "netInterestIncome": "-109516000", "interestIncome": "1716000", "interestExpense": "111232000", "nonInterestIncome": "None", "otherNonOperatingIncome": "1716000", "depreciation": "None", "depreciationAndAmortization": "409162000", "incomeBeforeTax": "1693148000", "incomeTaxExpense": "345138000", "interestAndDebtExpense": "None", "netIncomeFromContinuingOperations": "1348010000", "comprehensiveIncomeNetOfTax": "None", "ebit": "1812514000", "ebitda": "2221676000", "netIncome": "1348010000"}, {"fiscalDateEnding": "2022-05-31", "reportedCurrency": "USD", "grossProfit": "3632246000", "totalRevenue": "7854459000", "costOfRevenue": "4222213000", "costofGoodsAndServicesSold": "4222213000", "operatingIncome": "1587370000", "sellingGeneralAndAdministrative": "2044876000", "researchAndDevelopment": "23500000", "operatingExpenses": "2044876000", "investmentIncomeNet": "None", "netInterestIncome": "-88602000", "interestIncome": "242000", "interestExpense": "88844000", "nonInterestIncome": "None", "otherNonOperatingIncome": "242000", "depreciation": "None", "depreciationAndAmortization": "399701000", "incomeBeforeTax": "1498768000", "incomeTaxExpense": "263011000", "interestAndDebtExpense": "None", "netIncomeFromContinuingOperations": "1235757000", "comprehensiveIncomeNetOfTax": "None", "ebit": "1590345000", "ebitda": "1990046000", "netIncome": "1235757000"}, {"fiscalDateEnding": "2021-05-31", "reportedCurrency": "USD", "grossProfit": "3314651000", "totalRevenue": "7116340000", "costOfRevenue": "3801689000", "costofGoodsAndServicesSold": "3801689000", "operatingIncome": "1385492000", "sellingGeneralAndAdministrative": "1929159000", "researchAndDevelopment": "22300000", "operatingExpenses": "1929159000", "investmentIncomeNet": "None", "netInterestIncome": "-97743000", "interestIncome": "467000", "interestExpense": "98210000", "nonInterestIncome": "None", "otherNonOperatingIncome": "467000", "depreciation": "None", "depreciationAndAmortization": "385736000", "incomeBeforeTax": "1287749000", "incomeTaxExpense": "176781000", "interestAndDebtExpense": "None", "netIncomeFromContinuingOperations": "1110968000", "comprehensiveIncomeNetOfTax": "None", "ebit": "1387855000", "ebitda": "1773591000", "netIncome": "1110968000"}, {"fiscalDateEnding": "2020-05-31", "reportedCurrency": "USD", "grossProfit": "3233748000", "totalRevenue": "7085120000", "costOfRevenue": "3851372000", "costofGoodsAndServicesSold": "3851372000", "operatingIncome": "1162696000", "sellingGeneralAndAdministrative": "2071052000", "researchAndDevelopment": "21500000", "operatingExpenses": "2071052000", "investmentIncomeNet": "None", "netInterestIncome": "-104405000", "interestIncome": "988000", "interestExpense": "105393000", "nonInterestIncome": "None", "otherNonOperatingIncome": "988000", "depreciation": "None", "depreciationAndAmortization": "379053000", "incomeBeforeTax": "1058291000", "incomeTaxExpense": "181931000", "interestAndDebtExpense": "None", "netIncomeFromContinuingOperations": "876360000", "comprehensiveIncomeNetOfTax": "None", "ebit": "1163684000", "ebitda": "1542737000", "netIncome": "876037000"}, {"fiscalDateEnding": "2019-05-31", "reportedCurrency": "USD", "grossProfit": "3128588000", "totalRevenue": "6892303000", "costOfRevenue": "3763715000", "costofGoodsAndServicesSold": "3763715000", "operatingIncome": "1133534000", "sellingGeneralAndAdministrative": "1980644000", "researchAndDevelopment": "21600000", "operatingExpenses": "1980644000", "investmentIncomeNet": "None", "netInterestIncome": "-100508000", "interestIncome": "1228000", "interestExpense": "101736000", "nonInterestIncome": "None", "otherNonOperatingIncome": "70601000", "depreciation": "None", "depreciationAndAmortization": "360093000", "incomeBeforeTax": "1102399000", "incomeTaxExpense": "219764000", "interestAndDebtExpense": "None", "netIncomeFromContinuingOperations": "882635000", "comprehensiveIncomeNetOfTax": "None", "ebit": "1204135000", "ebitda": "1564228000", "netIncome": "884981000"}, {"fiscalDateEnding": "2018-05-31", "reportedCurrency": "USD", "grossProfit": "2908523000", "totalRevenue": "6476632000", "costOfRevenue": "3568109000", "costofGoodsAndServicesSold": "3568109000", "operatingIncome": "949834000", "sellingGeneralAndAdministrative": "1916792000", "researchAndDevelopment": "22800000", "operatingExpenses": "1916792000", "investmentIncomeNet": "None", "netInterestIncome": "-108833000", "interestIncome": "1342000", "interestExpense": "110175000", "nonInterestIncome": "None", "otherNonOperatingIncome": "1342000", "depreciation": "None", "depreciationAndAmortization": "276676000", "incomeBeforeTax": "841001000", "incomeTaxExpense": "57069000", "interestAndDebtExpense": "None", "netIncomeFromContinuingOperations": "841001000", "comprehensiveIncomeNetOfTax": "None", "ebit": "951176000", "ebitda": "1227852000", "netIncome": "842586000"}, {"fiscalDateEnding": "2017-05-31", "reportedCurrency": "USD", "grossProfit": "2380295000", "totalRevenue": "5323381000", "costOfRevenue": "2943086000", "costofGoodsAndServicesSold": "2943086000", "operatingIncome": "773691000", "sellingGeneralAndAdministrative": "1527380000", "researchAndDevelopment": "0", "operatingExpenses": "1527380000", "investmentIncomeNet": "None", "netInterestIncome": "-86287000", "interestIncome": "237000", "interestExpense": "86524000", "nonInterestIncome": "None", "otherNonOperatingIncome": "237000", "depreciation": "None", "depreciationAndAmortization": "194365000", "incomeBeforeTax": "687404000", "incomeTaxExpense": "230118000", "interestAndDebtExpense": "None", "netIncomeFromContinuingOperations": "687404000", "comprehensiveIncomeNetOfTax": "None", "ebit": "773928000", "ebitda": "968293000", "netIncome": "480708000"}, {"fiscalDateEnding": "2016-05-31", "reportedCurrency": "USD", "grossProfit": "2129870000", "totalRevenue": "4905458000", "costOfRevenue": "2775588000", "costofGoodsAndServicesSold": "2775588000", "operatingIncome": "781748000", "sellingGeneralAndAdministrative": "1348122000", "researchAndDevelopment": "0", "operatingExpenses": "1348122000", "investmentIncomeNet": "None", "netInterestIncome": "-63626000", "interestIncome": "63626000", "interestExpense": "64522000", "nonInterestIncome": "None", "otherNonOperatingIncome": "896000", "depreciation": "None", "depreciationAndAmortization": "163891000", "incomeBeforeTax": "718122000", "incomeTaxExpense": "261181000", "interestAndDebtExpense": "None", "netIncomeFromContinuingOperations": "718122000", "comprehensiveIncomeNetOfTax": "None", "ebit": "769837000", "ebitda": "933728000", "netIncome": "693520000"}, {"fiscalDateEnding": "2015-05-31", "reportedCurrency": "USD", "grossProfit": "1921337000", "totalRevenue": "4476886000", "costOfRevenue": "2555549000", "costofGoodsAndServicesSold": "2555549000", "operatingIncome": "696407000", "sellingGeneralAndAdministrative": "1224930000", "researchAndDevelopment": "0", "operatingExpenses": "1224930000", "investmentIncomeNet": "None", "netInterestIncome": "None", "interestIncome": "43083000", "interestExpense": "65161000", "nonInterestIncome": "None", "otherNonOperatingIncome": "27030000", "depreciation": "None", "depreciationAndAmortization": "155082000", "incomeBeforeTax": "658276000", "incomeTaxExpense": "244660000", "interestAndDebtExpense": "None", "netIncomeFromContinuingOperations": "658276000", "comprehensiveIncomeNetOfTax": "None", "ebit": "722679000", "ebitda": "877761000", "netIncome": "430618000"}, {"fiscalDateEnding": "2014-05-31", "reportedCurrency": "USD", "grossProfit": "1914386000", "totalRevenue": "4551812000", "costOfRevenue": "2637426000", "costofGoodsAndServicesSold": "2637426000", "operatingIncome": "567010000", "sellingGeneralAndAdministrative": "1302752000", "researchAndDevelopment": "0", "operatingExpenses": "1302752000", "investmentIncomeNet": "None", "netInterestIncome": "None", "interestIncome": "None", "interestExpense": "65822000", "nonInterestIncome": "None", "otherNonOperatingIncome": "106670000", "depreciation": "None", "depreciationAndAmortization": "190862000", "incomeBeforeTax": "607858000", "incomeTaxExpense": "233416000", "interestAndDebtExpense": "None", "netIncomeFromContinuingOperations": "374442000", "comprehensiveIncomeNetOfTax": "None", "ebit": "602949000", "ebitda": "793811000", "netIncome": "374442000"}, {"fiscalDateEnding": "2013-05-31", "reportedCurrency": "USD", "grossProfit": "1787067000", "totalRevenue": "4316471000", "costOfRevenue": "2529404000", "costofGoodsAndServicesSold": "2529404000", "operatingIncome": "565211000", "sellingGeneralAndAdministrative": "1221856000", "researchAndDevelopment": "0", "operatingExpenses": "1221856000", "investmentIncomeNet": "None", "netInterestIncome": "None", "interestIncome": "None", "interestExpense": "65712000", "nonInterestIncome": "None", "otherNonOperatingIncome": "409000", "depreciation": "None", "depreciationAndAmortization": "189377000", "incomeBeforeTax": "499908000", "incomeTaxExpense": "184466000", "interestAndDebtExpense": "None", "netIncomeFromContinuingOperations": "315442000", "comprehensiveIncomeNetOfTax": "None", "ebit": "565620000", "ebitda": "754997000", "netIncome": "315442000"}, {"fiscalDateEnding": "2012-05-31", "reportedCurrency": "USD", "grossProfit": "1738608000", "totalRevenue": "4102000000", "costOfRevenue": "2363392000", "costofGoodsAndServicesSold": "2363392000", "operatingIncome": "539627000", "sellingGeneralAndAdministrative": "1198981000", "researchAndDevelopment": "0", "operatingExpenses": "1198981000", "investmentIncomeNet": "None", "netInterestIncome": "None", "interestIncome": "None", "interestExpense": "70625000", "nonInterestIncome": "None", "otherNonOperatingIncome": "1942000", "depreciation": "None", "depreciationAndAmortization": "155831000", "incomeBeforeTax": "470944000", "incomeTaxExpense": "173307000", "interestAndDebtExpense": "None", "netIncomeFromContinuingOperations": "297637000", "comprehensiveIncomeNetOfTax": "None", "ebit": "579869000", "ebitda": "735700000", "netIncome": "297637000"}, {"fiscalDateEnding": "2011-05-31", "reportedCurrency": "USD", "grossProfit": "1609287000", "totalRevenue": "3810384000", "costOfRevenue": "2201097000", "costofGoodsAndServicesSold": "2201097000", "operatingIncome": "440343000", "sellingGeneralAndAdministrative": "1168944000", "researchAndDevelopment": "0", "operatingExpenses": "1168944000", "investmentIncomeNet": "None", "netInterestIncome": "None", "interestIncome": "None", "interestExpense": "49704000", "nonInterestIncome": "None", "otherNonOperatingIncome": "2030000", "depreciation": "None", "depreciationAndAmortization": "193467000", "incomeBeforeTax": "392669000", "incomeTaxExpense": "145680000", "interestAndDebtExpense": "None", "netIncomeFromContinuingOperations": "246989000", "comprehensiveIncomeNetOfTax": "None", "ebit": "442373000", "ebitda": "635840000", "netIncome": "246989000"}, {"fiscalDateEnding": "2010-05-31", "reportedCurrency": "USD", "grossProfit": "1497817000", "totalRevenue": "3547339000", "costOfRevenue": "2049522000", "costofGoodsAndServicesSold": "2049522000", "operatingIncome": "390809000", "sellingGeneralAndAdministrative": "1109888000", "researchAndDevelopment": "None", "operatingExpenses": "1109888000", "investmentIncomeNet": "None", "netInterestIncome": "None", "interestIncome": "None", "interestExpense": "48612000", "nonInterestIncome": "None", "otherNonOperatingIncome": "None", "depreciation": "None", "depreciationAndAmortization": "152059000", "incomeBeforeTax": "343892000", "incomeTaxExpense": "128272000", "interestAndDebtExpense": "None", "netIncomeFromContinuingOperations": "None", "comprehensiveIncomeNetOfTax": "None", "ebit": "433586000", "ebitda": "585645000", "netIncome": "215620000"}, {"fiscalDateEnding": "2009-05-31", "reportedCurrency": "USD", "grossProfit": "1550871000", "totalRevenue": "3774685000", "costOfRevenue": "2223814000", "costofGoodsAndServicesSold": "2223814000", "operatingIncome": "409065000", "sellingGeneralAndAdministrative": "1082709000", "researchAndDevelopment": "None", "operatingExpenses": "1082709000", "investmentIncomeNet": "None", "netInterestIncome": "None", "interestIncome": "None", "interestExpense": "50236000", "nonInterestIncome": "None", "otherNonOperatingIncome": "None", "depreciation": "None", "depreciationAndAmortization": "157572000", "incomeBeforeTax": "361593000", "incomeTaxExpense": "135236000", "interestAndDebtExpense": "None", "netIncomeFromContinuingOperations": "None", "comprehensiveIncomeNetOfTax": "None", "ebit": "454363000", "ebitda": "611935000", "netIncome": "226357000"}, {"fiscalDateEnding": "2008-05-31", "reportedCurrency": "USD", "grossProfit": "1681600000", "totalRevenue": "3937900000", "costOfRevenue": "2256300000", "costofGoodsAndServicesSold": "2256300000", "operatingIncome": "577455000", "sellingGeneralAndAdministrative": "1104145000", "researchAndDevelopment": "None", "operatingExpenses": "1104145000", "investmentIncomeNet": "None", "netInterestIncome": "None", "interestIncome": "None", "interestExpense": "52823000", "nonInterestIncome": "None", "otherNonOperatingIncome": "None", "depreciation": "None", "depreciationAndAmortization": "191903000", "incomeBeforeTax": "530704000", "incomeTaxExpense": "195299000", "interestAndDebtExpense": "None", "netIncomeFromContinuingOperations": "None", "comprehensiveIncomeNetOfTax": "None", "ebit": "583527000", "ebitda": "775430000", "netIncome": "335405000"}, {"fiscalDateEnding": "2007-05-31", "reportedCurrency": "USD", "grossProfit": "1581355000", "totalRevenue": "3706900000", "costOfRevenue": "2125545000", "costofGoodsAndServicesSold": "2125545000", "operatingIncome": "577397000", "sellingGeneralAndAdministrative": "1003958000", "researchAndDevelopment": "None", "operatingExpenses": "1003958000", "investmentIncomeNet": "None", "netInterestIncome": "None", "interestIncome": "None", "interestExpense": "50324000", "nonInterestIncome": "None", "otherNonOperatingIncome": "None", "depreciation": "None", "depreciationAndAmortization": "175926000", "incomeBeforeTax": "533553000", "incomeTaxExpense": "199015000", "interestAndDebtExpense": "None", "netIncomeFromContinuingOperations": "None", "comprehensiveIncomeNetOfTax": "None", "ebit": "577397000", "ebitda": "753323000", "netIncome": "334538000"}, {"fiscalDateEnding": "2006-05-31", "reportedCurrency": "USD", "grossProfit": "1454792000", "totalRevenue": "3403608000", "costOfRevenue": "1948816000", "costofGoodsAndServicesSold": "1948816000", "operatingIncome": "546838000", "sellingGeneralAndAdministrative": "907954000", "researchAndDevelopment": "None", "operatingExpenses": "907954000", "investmentIncomeNet": "None", "netInterestIncome": "None", "interestIncome": "None", "interestExpense": "0", "nonInterestIncome": "None", "otherNonOperatingIncome": "None", "depreciation": "None", "depreciationAndAmortization": "160653000", "incomeBeforeTax": "521815000", "incomeTaxExpense": "194637000", "interestAndDebtExpense": "None", "netIncomeFromContinuingOperations": "None", "comprehensiveIncomeNetOfTax": "None", "ebit": "546838000", "ebitda": "707491000", "netIncome": "327178000"}, {"fiscalDateEnding": "2005-05-31", "reportedCurrency": "USD", "grossProfit": "1304759000", "totalRevenue": "3067283000", "costOfRevenue": "1762524000", "costofGoodsAndServicesSold": "1762524000", "operatingIncome": "494527000", "sellingGeneralAndAdministrative": "810232000", "researchAndDevelopment": "None", "operatingExpenses": "810232000", "investmentIncomeNet": "None", "netInterestIncome": "None", "interestIncome": "None", "interestExpense": "0", "nonInterestIncome": "None", "otherNonOperatingIncome": "None", "depreciation": "None", "depreciationAndAmortization": "148175000", "incomeBeforeTax": "476993000", "incomeTaxExpense": "176475000", "interestAndDebtExpense": "None", "netIncomeFromContinuingOperations": "None", "comprehensiveIncomeNetOfTax": "None", "ebit": "494527000", "ebitda": "642702000", "netIncome": "300518000"}], "quarterlyReports": [{"fiscalDateEnding": "2025-02-28", "reportedCurrency": "USD", "grossProfit": "1319341000", "totalRevenue": "2609159000", "costOfRevenue": "1289818000", "costofGoodsAndServicesSold": "1289818000", "operatingIncome": "609853000", "sellingGeneralAndAdministrative": "709488000", "researchAndDevelopment": "None", "operatingExpenses": "709488000", "investmentIncomeNet": "None", "netInterestIncome": "-23415000", "interestIncome": "1349000", "interestExpense": "24764000", "nonInterestIncome": "None", "otherNonOperatingIncome": "None", "depreciation": "None", "depreciationAndAmortization": "-1349000", "incomeBeforeTax": "586438000", "incomeTaxExpense": "122941000", "interestAndDebtExpense": "None", "netIncomeFromContinuingOperations": "463497000", "comprehensiveIncomeNetOfTax": "None", "ebit": "611202000", "ebitda": "609853000", "netIncome": "463497000"}, {"fiscalDateEnding": "2024-11-30", "reportedCurrency": "USD", "grossProfit": "1276703000", "totalRevenue": "2561783000", "costOfRevenue": "1285080000", "costofGoodsAndServicesSold": "1285080000", "operatingIncome": "591390000", "sellingGeneralAndAdministrative": "685313000", "researchAndDevelopment": "None", "operatingExpenses": "685313000", "investmentIncomeNet": "None", "netInterestIncome": "-25703000", "interestIncome": "962000", "interestExpense": "26665000", "nonInterestIncome": "None", "otherNonOperatingIncome": "None", "depreciation": "None", "depreciationAndAmortization": "155943000", "incomeBeforeTax": "565687000", "incomeTaxExpense": "117192000", "interestAndDebtExpense": "None", "netIncomeFromContinuingOperations": "448495000", "comprehensiveIncomeNetOfTax": "None", "ebit": "591390000", "ebitda": "747333000", "netIncome": "448495000"}, {"fiscalDateEnding": "2024-08-31", "reportedCurrency": "USD", "grossProfit": "1252131000", "totalRevenue": "2501587000", "costOfRevenue": "1249456000", "costofGoodsAndServicesSold": "1249456000", "operatingIncome": "561031000", "sellingGeneralAndAdministrative": "691100000", "researchAndDevelopment": "None", "operatingExpenses": "691100000", "investmentIncomeNet": "None", "netInterestIncome": "-24369000", "interestIncome": "1250000", "interestExpense": "25619000", "nonInterestIncome": "None", "otherNonOperatingIncome": "None", "depreciation": "None", "depreciationAndAmortization": "115204000", "incomeBeforeTax": "536662000", "incomeTaxExpense": "84629000", "interestAndDebtExpense": "None", "netIncomeFromContinuingOperations": "452033000", "comprehensiveIncomeNetOfTax": "None", "ebit": "564317000", "ebitda": "679521000", "netIncome": "452033000"}, {"fiscalDateEnding": "2024-05-31", "reportedCurrency": "USD", "grossProfit": "1173746000", "totalRevenue": "2470935000", "costOfRevenue": "1297189000", "costofGoodsAndServicesSold": "1297189000", "operatingIncome": "547594000", "sellingGeneralAndAdministrative": "667855000", "researchAndDevelopment": "26600000", "operatingExpenses": "626152000", "investmentIncomeNet": "None", "netInterestIncome": "-20455000", "interestIncome": "3621000", "interestExpense": "24076000", "nonInterestIncome": "None", "otherNonOperatingIncome": "None", "depreciation": "None", "depreciationAndAmortization": "114932000", "incomeBeforeTax": "527139000", "incomeTaxExpense": "112824000", "interestAndDebtExpense": "None", "netIncomeFromContinuingOperations": "414315000", "comprehensiveIncomeNetOfTax": "None", "ebit": "553249000", "ebitda": "668181000", "netIncome": "414315000"}, {"fiscalDateEnding": "2024-02-29", "reportedCurrency": "USD", "grossProfit": "1147268000", "totalRevenue": "2406173000", "costOfRevenue": "1258905000", "costofGoodsAndServicesSold": "1258905000", "operatingIncome": "520799999", "sellingGeneralAndAdministrative": "667048000", "researchAndDevelopment": "None", "operatingExpenses": "626468000", "investmentIncomeNet": "None", "netInterestIncome": "-24600000", "interestIncome": "930000", "interestExpense": "25530000", "nonInterestIncome": "None", "otherNonOperatingIncome": "None", "depreciation": "None", "depreciationAndAmortization": "111414000", "incomeBeforeTax": "496200000", "incomeTaxExpense": "98621000", "interestAndDebtExpense": "None", "netIncomeFromContinuingOperations": "397579000", "comprehensiveIncomeNetOfTax": "None", "ebit": "523767000", "ebitda": "635181000", "netIncome": "397579000"}, {"fiscalDateEnding": "2023-11-30", "reportedCurrency": "USD", "grossProfit": "1141548000", "totalRevenue": "2377177000", "costOfRevenue": "1235629000", "costofGoodsAndServicesSold": "1235629000", "operatingIncome": "499683000", "sellingGeneralAndAdministrative": "641865000", "researchAndDevelopment": "None", "operatingExpenses": "641865000", "investmentIncomeNet": "None", "netInterestIncome": "-25821000", "interestIncome": "769000", "interestExpense": "26590000", "nonInterestIncome": "None", "otherNonOperatingIncome": "None", "depreciation": "None", "depreciationAndAmortization": "109226000", "incomeBeforeTax": "473862000", "incomeTaxExpense": "99249000", "interestAndDebtExpense": "None", "netIncomeFromContinuingOperations": "374613000", "comprehensiveIncomeNetOfTax": "None", "ebit": "502350000", "ebitda": "611576000", "netIncome": "374613000"}, {"fiscalDateEnding": "2023-08-31", "reportedCurrency": "USD", "grossProfit": "1141571000", "totalRevenue": "2342330000", "costOfRevenue": "1200759000", "costofGoodsAndServicesSold": "1200759000", "operatingIncome": "500556000", "sellingGeneralAndAdministrative": "641015000", "researchAndDevelopment": "None", "operatingExpenses": "641015000", "investmentIncomeNet": "None", "netInterestIncome": "-24122000", "interestIncome": "422000", "interestExpense": "24544000", "nonInterestIncome": "None", "otherNonOperatingIncome": "None", "depreciation": "None", "depreciationAndAmortization": "106812000", "incomeBeforeTax": "476434000", "incomeTaxExpense": "91349000", "interestAndDebtExpense": "None", "netIncomeFromContinuingOperations": "385085000", "comprehensiveIncomeNetOfTax": "None", "ebit": "502107000", "ebitda": "608919000", "netIncome": "385085000"}, {"fiscalDateEnding": "2023-05-31", "reportedCurrency": "USD", "grossProfit": "1088778000", "totalRevenue": "2284471000", "costOfRevenue": "1195693000", "costofGoodsAndServicesSold": "1195693000", "operatingIncome": "470798000", "sellingGeneralAndAdministrative": "617980000", "researchAndDevelopment": "24500000", "operatingExpenses": "617980000", "investmentIncomeNet": "None", "netInterestIncome": "-24929000", "interestIncome": "844000", "interestExpense": "25773000", "nonInterestIncome": "None", "otherNonOperatingIncome": "844000", "depreciation": "None", "depreciationAndAmortization": "105080000", "incomeBeforeTax": "445869000", "incomeTaxExpense": "99668000", "interestAndDebtExpense": "None", "netIncomeFromContinuingOperations": "346201000", "comprehensiveIncomeNetOfTax": "None", "ebit": "471642000", "ebitda": "576722000", "netIncome": "346201000"}, {"fiscalDateEnding": "2023-02-28", "reportedCurrency": "USD", "grossProfit": "1034031000", "totalRevenue": "2189986000", "costOfRevenue": "1155955000", "costofGoodsAndServicesSold": "1155955000", "operatingIncome": "446812000", "sellingGeneralAndAdministrative": "587219000", "researchAndDevelopment": "None", "operatingExpenses": "587219000", "investmentIncomeNet": "None", "netInterestIncome": "-28446000", "interestIncome": "373000", "interestExpense": "28819000", "nonInterestIncome": "None", "otherNonOperatingIncome": "373000", "depreciation": "None", "depreciationAndAmortization": "102828000", "incomeBeforeTax": "418366000", "incomeTaxExpense": "92539000", "interestAndDebtExpense": "None", "netIncomeFromContinuingOperations": "325827000", "comprehensiveIncomeNetOfTax": "None", "ebit": "447185000", "ebitda": "550013000", "netIncome": "325827000"}, {"fiscalDateEnding": "2022-11-30", "reportedCurrency": "USD", "grossProfit": "1022447000", "totalRevenue": "2174858000", "costOfRevenue": "1152411000", "costofGoodsAndServicesSold": "1152411000", "operatingIncome": "444934000", "sellingGeneralAndAdministrative": "577513000", "researchAndDevelopment": "None", "operatingExpenses": "577513000", "investmentIncomeNet": "None", "netInterestIncome": "-28576000", "interestIncome": "344000", "interestExpense": "28920000", "nonInterestIncome": "None", "otherNonOperatingIncome": "344000", "depreciation": "None", "depreciationAndAmortization": "101208000", "incomeBeforeTax": "416358000", "incomeTaxExpense": "92065000", "interestAndDebtExpense": "None", "netIncomeFromContinuingOperations": "324293000", "comprehensiveIncomeNetOfTax": "None", "ebit": "445278000", "ebitda": "546486000", "netIncome": "324293000"}, {"fiscalDateEnding": "2022-08-31", "reportedCurrency": "USD", "grossProfit": "1028112000", "totalRevenue": "2166454000", "costOfRevenue": "1138342000", "costofGoodsAndServicesSold": "1138342000", "operatingIncome": "440120000", "sellingGeneralAndAdministrative": "587992000", "researchAndDevelopment": "None", "operatingExpenses": "587992000", "investmentIncomeNet": "None", "netInterestIncome": "-27565000", "interestIncome": "155000", "interestExpense": "27720000", "nonInterestIncome": "None", "otherNonOperatingIncome": "155000", "depreciation": "None", "depreciationAndAmortization": "100046000", "incomeBeforeTax": "412555000", "incomeTaxExpense": "60866000", "interestAndDebtExpense": "None", "netIncomeFromContinuingOperations": "351689000", "comprehensiveIncomeNetOfTax": "None", "ebit": "440275000", "ebitda": "540321000", "netIncome": "351689000"}, {"fiscalDateEnding": "2022-05-31", "reportedCurrency": "USD", "grossProfit": "946195000", "totalRevenue": "2074686000", "costOfRevenue": "1128491000", "costofGoodsAndServicesSold": "1128491000", "operatingIncome": "404436000", "sellingGeneralAndAdministrative": "541759000", "researchAndDevelopment": "23500000", "operatingExpenses": "541759000", "investmentIncomeNet": "None", "netInterestIncome": "-22984000", "interestIncome": "74000", "interestExpense": "23058000", "nonInterestIncome": "None", "otherNonOperatingIncome": "74000", "depreciation": "None", "depreciationAndAmortization": "102378000", "incomeBeforeTax": "381452000", "incomeTaxExpense": "86991000", "interestAndDebtExpense": "None", "netIncomeFromContinuingOperations": "294461000", "comprehensiveIncomeNetOfTax": "None", "ebit": "404510000", "ebitda": "506888000", "netIncome": "294461000"}, {"fiscalDateEnding": "2022-02-28", "reportedCurrency": "USD", "grossProfit": "898154000", "totalRevenue": "1960542000", "costOfRevenue": "1062388000", "costofGoodsAndServicesSold": "1062388000", "operatingIncome": "407605000", "sellingGeneralAndAdministrative": "490549000", "researchAndDevelopment": "None", "operatingExpenses": "490549000", "investmentIncomeNet": "None", "netInterestIncome": "-21974000", "interestIncome": "56000", "interestExpense": "22030000", "nonInterestIncome": "None", "otherNonOperatingIncome": "56000", "depreciation": "None", "depreciationAndAmortization": "100190000", "incomeBeforeTax": "385631000", "incomeTaxExpense": "70183000", "interestAndDebtExpense": "None", "netIncomeFromContinuingOperations": "315448000", "comprehensiveIncomeNetOfTax": "None", "ebit": "407661000", "ebitda": "507851000", "netIncome": "315448000"}, {"fiscalDateEnding": "2021-11-30", "reportedCurrency": "USD", "grossProfit": "885141000", "totalRevenue": "1922281000", "costOfRevenue": "1037140000", "costofGoodsAndServicesSold": "1037140000", "operatingIncome": "381228000", "sellingGeneralAndAdministrative": "503913000", "researchAndDevelopment": "None", "operatingExpenses": "503913000", "investmentIncomeNet": "None", "netInterestIncome": "-21846000", "interestIncome": "56000", "interestExpense": "21902000", "nonInterestIncome": "None", "otherNonOperatingIncome": "56000", "depreciation": "None", "depreciationAndAmortization": "98219000", "incomeBeforeTax": "359382000", "incomeTaxExpense": "64713000", "interestAndDebtExpense": "None", "netIncomeFromContinuingOperations": "294669000", "comprehensiveIncomeNetOfTax": "None", "ebit": "381284000", "ebitda": "479503000", "netIncome": "294669000"}, {"fiscalDateEnding": "2021-08-31", "reportedCurrency": "USD", "grossProfit": "902756000", "totalRevenue": "1896950000", "costOfRevenue": "994194000", "costofGoodsAndServicesSold": "994194000", "operatingIncome": "394101000", "sellingGeneralAndAdministrative": "508655000", "researchAndDevelopment": "None", "operatingExpenses": "508655000", "investmentIncomeNet": "None", "netInterestIncome": "-21798000", "interestIncome": "56000", "interestExpense": "21854000", "nonInterestIncome": "None", "otherNonOperatingIncome": "56000", "depreciation": "None", "depreciationAndAmortization": "97949000", "incomeBeforeTax": "372303000", "incomeTaxExpense": "41124000", "interestAndDebtExpense": "None", "netIncomeFromContinuingOperations": "331179000", "comprehensiveIncomeNetOfTax": "None", "ebit": "394764000", "ebitda": "492713000", "netIncome": "331179000"}, {"fiscalDateEnding": "2021-05-31", "reportedCurrency": "USD", "grossProfit": "859050000", "totalRevenue": "1835661000", "costOfRevenue": "976611000", "costofGoodsAndServicesSold": "976611000", "operatingIncome": "356446000", "sellingGeneralAndAdministrative": "502604000", "researchAndDevelopment": "22300000", "operatingExpenses": "502604000", "investmentIncomeNet": "None", "netInterestIncome": "-24453000", "interestIncome": "98000", "interestExpense": "24551000", "nonInterestIncome": "None", "otherNonOperatingIncome": "98000", "depreciation": "None", "depreciationAndAmortization": "97604000", "incomeBeforeTax": "331993000", "incomeTaxExpense": "64271000", "interestAndDebtExpense": "None", "netIncomeFromContinuingOperations": "267722000", "comprehensiveIncomeNetOfTax": "None", "ebit": "-30881000", "ebitda": "66723000", "netIncome": "267722000"}, {"fiscalDateEnding": "2021-02-28", "reportedCurrency": "USD", "grossProfit": "809516000", "totalRevenue": "1777056000", "costOfRevenue": "967540000", "costofGoodsAndServicesSold": "967540000", "operatingIncome": "326468000", "sellingGeneralAndAdministrative": "483048000", "researchAndDevelopment": "None", "operatingExpenses": "483048000", "investmentIncomeNet": "None", "netInterestIncome": "-24465000", "interestIncome": "87000", "interestExpense": "24552000", "nonInterestIncome": "None", "otherNonOperatingIncome": "87000", "depreciation": "None", "depreciationAndAmortization": "97167000", "incomeBeforeTax": "302003000", "incomeTaxExpense": "43619000", "interestAndDebtExpense": "None", "netIncomeFromContinuingOperations": "258384000", "comprehensiveIncomeNetOfTax": "None", "ebit": "326498000", "ebitda": "423665000", "netIncome": "258384000"}, {"fiscalDateEnding": "2020-11-30", "reportedCurrency": "USD", "grossProfit": "819884000", "totalRevenue": "1757048000", "costOfRevenue": "937164000", "costofGoodsAndServicesSold": "937164000", "operatingIncome": "352872000", "sellingGeneralAndAdministrative": "467012000", "researchAndDevelopment": "None", "operatingExpenses": "467012000", "investmentIncomeNet": "None", "netInterestIncome": "-24339000", "interestIncome": "218000", "interestExpense": "24557000", "nonInterestIncome": "None", "otherNonOperatingIncome": "218000", "depreciation": "None", "depreciationAndAmortization": "96475000", "incomeBeforeTax": "328533000", "incomeTaxExpense": "43676000", "interestAndDebtExpense": "None", "netIncomeFromContinuingOperations": "284857000", "comprehensiveIncomeNetOfTax": "None", "ebit": "353011000", "ebitda": "449486000", "netIncome": "284857000"}, {"fiscalDateEnding": "2020-08-31", "reportedCurrency": "USD", "grossProfit": "826201000", "totalRevenue": "1746575000", "costOfRevenue": "920374000", "costofGoodsAndServicesSold": "920374000", "operatingIncome": "349706000", "sellingGeneralAndAdministrative": "476495000", "researchAndDevelopment": "None", "operatingExpenses": "476495000", "investmentIncomeNet": "None", "netInterestIncome": "-24486000", "interestIncome": "64000", "interestExpense": "24550000", "nonInterestIncome": "None", "otherNonOperatingIncome": "64000", "depreciation": "None", "depreciationAndAmortization": "96179000", "incomeBeforeTax": "325220000", "incomeTaxExpense": "25215000", "interestAndDebtExpense": "None", "netIncomeFromContinuingOperations": "300005000", "comprehensiveIncomeNetOfTax": "None", "ebit": "349739000", "ebitda": "445918000", "netIncome": "300005000"}, {"fiscalDateEnding": "2020-05-31", "reportedCurrency": "USD", "grossProfit": "707820000", "totalRevenue": "1619584000", "costOfRevenue": "911764000", "costofGoodsAndServicesSold": "911764000", "operatingIncome": "207434000", "sellingGeneralAndAdministrative": "1570666000", "researchAndDevelopment": "21500000", "operatingExpenses": "500386000", "investmentIncomeNet": "None", "netInterestIncome": "-25756000", "interestIncome": "196000", "interestExpense": "25952000", "nonInterestIncome": "None", "otherNonOperatingIncome": "196000", "depreciation": "None", "depreciationAndAmortization": "96560000", "incomeBeforeTax": "181678000", "incomeTaxExpense": "37093000", "interestAndDebtExpense": "None", "netIncomeFromContinuingOperations": "144585000", "comprehensiveIncomeNetOfTax": "None", "ebit": "-171423000", "ebitda": "-74863000", "netIncome": "144585000"}, {"fiscalDateEnding": "2020-02-29", "reportedCurrency": "USD", "grossProfit": "824395000", "totalRevenue": "1810648000", "costOfRevenue": "986253000", "costofGoodsAndServicesSold": "986253000", "operatingIncome": "314652000", "sellingGeneralAndAdministrative": "509743000", "researchAndDevelopment": "None", "operatingExpenses": "509743000", "investmentIncomeNet": "None", "netInterestIncome": "-25596000", "interestIncome": "347000", "interestExpense": "25943000", "nonInterestIncome": "None", "otherNonOperatingIncome": "347000", "depreciation": "None", "depreciationAndAmortization": "96163000", "incomeBeforeTax": "289056000", "incomeTaxExpense": "54536000", "interestAndDebtExpense": "None", "netIncomeFromContinuingOperations": "234520000", "comprehensiveIncomeNetOfTax": "None", "ebit": "314430000", "ebitda": "410593000", "netIncome": "234520000"}, {"fiscalDateEnding": "2019-11-30", "reportedCurrency": "USD", "grossProfit": "852391000", "totalRevenue": "1843749000", "costOfRevenue": "991358000", "costofGoodsAndServicesSold": "991358000", "operatingIncome": "334464000", "sellingGeneralAndAdministrative": "517927000", "researchAndDevelopment": "None", "operatingExpenses": "517927000", "investmentIncomeNet": "None", "netInterestIncome": "-25894000", "interestIncome": "283000", "interestExpense": "26177000", "nonInterestIncome": "None", "otherNonOperatingIncome": "283000", "depreciation": "None", "depreciationAndAmortization": "94336000", "incomeBeforeTax": "308570000", "incomeTaxExpense": "62127000", "interestAndDebtExpense": "None", "netIncomeFromContinuingOperations": "246443000", "comprehensiveIncomeNetOfTax": "None", "ebit": "334352000", "ebitda": "428688000", "netIncome": "246120000"}, {"fiscalDateEnding": "2019-08-31", "reportedCurrency": "USD", "grossProfit": "849142000", "totalRevenue": "1811139000", "costOfRevenue": "961997000", "costofGoodsAndServicesSold": "961997000", "operatingIncome": "306146000", "sellingGeneralAndAdministrative": "542996000", "researchAndDevelopment": "None", "operatingExpenses": "542996000", "investmentIncomeNet": "None", "netInterestIncome": "-27159000", "interestIncome": "162000", "interestExpense": "27321000", "nonInterestIncome": "None", "otherNonOperatingIncome": "162000", "depreciation": "None", "depreciationAndAmortization": "91994000", "incomeBeforeTax": "278987000", "incomeTaxExpense": "28175000", "interestAndDebtExpense": "None", "netIncomeFromContinuingOperations": "250812000", "comprehensiveIncomeNetOfTax": "None", "ebit": "305640000", "ebitda": "397634000", "netIncome": "250812000"}, {"fiscalDateEnding": "2019-05-31", "reportedCurrency": "USD", "grossProfit": "823565000", "totalRevenue": "1793730000", "costOfRevenue": "970165000", "costofGoodsAndServicesSold": "970165000", "operatingIncome": "314411000", "sellingGeneralAndAdministrative": "508240000", "researchAndDevelopment": "21600000", "operatingExpenses": "508240000", "investmentIncomeNet": "None", "netInterestIncome": "-25511000", "interestIncome": "271000", "interestExpense": "25782000", "nonInterestIncome": "None", "otherNonOperatingIncome": "271000", "depreciation": "None", "depreciationAndAmortization": "93764000", "incomeBeforeTax": "288900000", "incomeTaxExpense": "62729000", "interestAndDebtExpense": "None", "netIncomeFromContinuingOperations": "226171000", "comprehensiveIncomeNetOfTax": "None", "ebit": "316731000", "ebitda": "410495000", "netIncome": "226119000"}, {"fiscalDateEnding": "2019-02-28", "reportedCurrency": "USD", "grossProfit": "755153000", "totalRevenue": "1682330000", "costOfRevenue": "927177000", "costofGoodsAndServicesSold": "927177000", "operatingIncome": "278255000", "sellingGeneralAndAdministrative": "476099000", "researchAndDevelopment": "0", "operatingExpenses": "476099000", "investmentIncomeNet": "None", "netInterestIncome": "-26700000", "interestIncome": "70000", "interestExpense": "26770000", "nonInterestIncome": "None", "otherNonOperatingIncome": "70000", "depreciation": "None", "depreciationAndAmortization": "91658000", "incomeBeforeTax": "251555000", "incomeTaxExpense": "50632000", "interestAndDebtExpense": "None", "netIncomeFromContinuingOperations": "200923000", "comprehensiveIncomeNetOfTax": "None", "ebit": "277635000", "ebitda": "369293000", "netIncome": "203334000"}, {"fiscalDateEnding": "2018-11-30", "reportedCurrency": "USD", "grossProfit": "775158000", "totalRevenue": "1718268000", "costOfRevenue": "943110000", "costofGoodsAndServicesSold": "943110000", "operatingIncome": "275640000", "sellingGeneralAndAdministrative": "491671000", "researchAndDevelopment": "0", "operatingExpenses": "491671000", "investmentIncomeNet": "None", "netInterestIncome": "None", "interestIncome": "None", "interestExpense": "24880000", "nonInterestIncome": "None", "otherNonOperatingIncome": "69764000", "depreciation": "None", "depreciationAndAmortization": "88376000", "incomeBeforeTax": "320524000", "incomeTaxExpense": "77530000", "interestAndDebtExpense": "None", "netIncomeFromContinuingOperations": "242994000", "comprehensiveIncomeNetOfTax": "None", "ebit": "344695000", "ebitda": "433071000", "netIncome": "243013000"}, {"fiscalDateEnding": "2018-08-31", "reportedCurrency": "USD", "grossProfit": "774712000", "totalRevenue": "1697975000", "costOfRevenue": "923263000", "costofGoodsAndServicesSold": "923263000", "operatingIncome": "265228000", "sellingGeneralAndAdministrative": "504634000", "researchAndDevelopment": "0", "operatingExpenses": "504634000", "investmentIncomeNet": "None", "netInterestIncome": "None", "interestIncome": "None", "interestExpense": "24304000", "nonInterestIncome": "None", "otherNonOperatingIncome": "496000", "depreciation": "None", "depreciationAndAmortization": "86295000", "incomeBeforeTax": "241420000", "incomeTaxExpense": "28873000", "interestAndDebtExpense": "None", "netIncomeFromContinuingOperations": "212547000", "comprehensiveIncomeNetOfTax": "None", "ebit": "265174000", "ebitda": "351469000", "netIncome": "212515000"}, {"fiscalDateEnding": "2018-05-31", "reportedCurrency": "USD", "grossProfit": "752338000", "totalRevenue": "1669550000", "costOfRevenue": "917212000", "costofGoodsAndServicesSold": "917212000", "operatingIncome": "265500000", "sellingGeneralAndAdministrative": "471807000", "researchAndDevelopment": "0", "operatingExpenses": "471807000", "investmentIncomeNet": "None", "netInterestIncome": "None", "interestIncome": "None", "interestExpense": "24828000", "nonInterestIncome": "None", "otherNonOperatingIncome": "370000", "depreciation": "None", "depreciationAndAmortization": "74514000", "incomeBeforeTax": "241042000", "incomeTaxExpense": "51744000", "interestAndDebtExpense": "None", "netIncomeFromContinuingOperations": "246367000", "comprehensiveIncomeNetOfTax": "None", "ebit": "265870000", "ebitda": "340384000", "netIncome": "186171000"}, {"fiscalDateEnding": "2018-02-28", "reportedCurrency": "USD", "grossProfit": "700463000", "totalRevenue": "1589138000", "costOfRevenue": "888675000", "costofGoodsAndServicesSold": "888675000", "operatingIncome": "200024000", "sellingGeneralAndAdministrative": "490618000", "researchAndDevelopment": "0", "operatingExpenses": "490618000", "investmentIncomeNet": "None", "netInterestIncome": "None", "interestIncome": "None", "interestExpense": "25901000", "nonInterestIncome": "None", "otherNonOperatingIncome": "384000", "depreciation": "None", "depreciationAndAmortization": "66063000", "incomeBeforeTax": "174507000", "incomeTaxExpense": "-121282000", "interestAndDebtExpense": "None", "netIncomeFromContinuingOperations": "295789000", "comprehensiveIncomeNetOfTax": "None", "ebit": "200408000", "ebitda": "266471000", "netIncome": "302095000"}, {"fiscalDateEnding": "2017-11-30", "reportedCurrency": "USD", "grossProfit": "716369000", "totalRevenue": "1606441000", "costOfRevenue": "890072000", "costofGoodsAndServicesSold": "890072000", "operatingIncome": "235211000", "sellingGeneralAndAdministrative": "468084000", "researchAndDevelopment": "0", "operatingExpenses": "468084000", "investmentIncomeNet": "None", "netInterestIncome": "None", "interestIncome": "None", "interestExpense": "29129000", "nonInterestIncome": "None", "otherNonOperatingIncome": "291000", "depreciation": "None", "depreciationAndAmortization": "70330000", "incomeBeforeTax": "206373000", "incomeTaxExpense": "68636000", "interestAndDebtExpense": "None", "netIncomeFromContinuingOperations": "137737000", "comprehensiveIncomeNetOfTax": "None", "ebit": "235502000", "ebitda": "305832000", "netIncome": "137109000"}, {"fiscalDateEnding": "2017-08-31", "reportedCurrency": "USD", "grossProfit": "739353000", "totalRevenue": "1611503000", "costOfRevenue": "872150000", "costofGoodsAndServicesSold": "872150000", "operatingIncome": "249099000", "sellingGeneralAndAdministrative": "486283000", "researchAndDevelopment": "0", "operatingExpenses": "486283000", "investmentIncomeNet": "None", "netInterestIncome": "None", "interestIncome": "None", "interestExpense": "30317000", "nonInterestIncome": "None", "otherNonOperatingIncome": "297000", "depreciation": "None", "depreciationAndAmortization": "68509000", "incomeBeforeTax": "219079000", "incomeTaxExpense": "57971000", "interestAndDebtExpense": "None", "netIncomeFromContinuingOperations": "161108000", "comprehensiveIncomeNetOfTax": "None", "ebit": "249396000", "ebitda": "317905000", "netIncome": "217211000"}, {"fiscalDateEnding": "2017-05-31", "reportedCurrency": "USD", "grossProfit": "678726000", "totalRevenue": "1530287000", "costOfRevenue": "851561000", "costofGoodsAndServicesSold": "851561000", "operatingIncome": "177308000", "sellingGeneralAndAdministrative": "425747000", "researchAndDevelopment": "0", "operatingExpenses": "437672000", "investmentIncomeNet": "None", "netInterestIncome": "None", "interestIncome": "None", "interestExpense": "45389000", "nonInterestIncome": "None", "otherNonOperatingIncome": "130000", "depreciation": "None", "depreciationAndAmortization": "64881000", "incomeBeforeTax": "132049000", "incomeTaxExpense": "49875000", "interestAndDebtExpense": "None", "netIncomeFromContinuingOperations": "307212000", "comprehensiveIncomeNetOfTax": "None", "ebit": "241184000", "ebitda": "306065000", "netIncome": "84237000"}, {"fiscalDateEnding": "2017-02-28", "reportedCurrency": "USD", "grossProfit": "566424000", "totalRevenue": "1281135000", "costOfRevenue": "714711000", "costofGoodsAndServicesSold": "714711000", "operatingIncome": "194695000", "sellingGeneralAndAdministrative": "362385000", "researchAndDevelopment": "0", "operatingExpenses": "362385000", "investmentIncomeNet": "None", "netInterestIncome": "None", "interestIncome": "None", "interestExpense": "13696000", "nonInterestIncome": "None", "otherNonOperatingIncome": "11000", "depreciation": "None", "depreciationAndAmortization": "44664000", "incomeBeforeTax": "181010000", "incomeTaxExpense": "62363000", "interestAndDebtExpense": "None", "netIncomeFromContinuingOperations": "118647000", "comprehensiveIncomeNetOfTax": "None", "ebit": "204050000", "ebitda": "248714000", "netIncome": "118005000"}, {"fiscalDateEnding": "2016-11-30", "reportedCurrency": "USD", "grossProfit": "571427000", "totalRevenue": "1296923000", "costOfRevenue": "725496000", "costofGoodsAndServicesSold": "725496000", "operatingIncome": "202858000", "sellingGeneralAndAdministrative": "365222000", "researchAndDevelopment": "0", "operatingExpenses": "365222000", "investmentIncomeNet": "None", "netInterestIncome": "None", "interestIncome": "None", "interestExpense": "13267000", "nonInterestIncome": "None", "otherNonOperatingIncome": "31000", "depreciation": "None", "depreciationAndAmortization": "43882000", "incomeBeforeTax": "189622000", "incomeTaxExpense": "66168000", "interestAndDebtExpense": "None", "netIncomeFromContinuingOperations": "123454000", "comprehensiveIncomeNetOfTax": "None", "ebit": "200487000", "ebitda": "244369000", "netIncome": "140377000"}, {"fiscalDateEnding": "2016-08-31", "reportedCurrency": "USD", "grossProfit": "583774000", "totalRevenue": "1294130000", "costOfRevenue": "710356000", "costofGoodsAndServicesSold": "710356000", "operatingIncome": "206961000", "sellingGeneralAndAdministrative": "374026000", "researchAndDevelopment": "0", "operatingExpenses": "374026000", "investmentIncomeNet": "None", "netInterestIncome": "None", "interestIncome": "None", "interestExpense": "14172000", "nonInterestIncome": "None", "otherNonOperatingIncome": "65000", "depreciation": "None", "depreciationAndAmortization": "43168000", "incomeBeforeTax": "192854000", "incomeTaxExpense": "54763000", "interestAndDebtExpense": "None", "netIncomeFromContinuingOperations": "138091000", "comprehensiveIncomeNetOfTax": "None", "ebit": "204002000", "ebitda": "247170000", "netIncome": "138091000"}, {"fiscalDateEnding": "2016-05-31", "reportedCurrency": "USD", "grossProfit": "553718000", "totalRevenue": "1271405000", "costOfRevenue": "717687000", "costofGoodsAndServicesSold": "717687000", "operatingIncome": "202940000", "sellingGeneralAndAdministrative": "350778000", "researchAndDevelopment": "0", "operatingExpenses": "350778000", "investmentIncomeNet": "None", "netInterestIncome": "None", "interestIncome": "None", "interestExpense": "15776000", "nonInterestIncome": "None", "otherNonOperatingIncome": "331000", "depreciation": "None", "depreciationAndAmortization": "42608000", "incomeBeforeTax": "187495000", "incomeTaxExpense": "69484000", "interestAndDebtExpense": "None", "netIncomeFromContinuingOperations": "379192000", "comprehensiveIncomeNetOfTax": "None", "ebit": "203271000", "ebitda": "245879000", "netIncome": "130898000"}, {"fiscalDateEnding": "2016-02-29", "reportedCurrency": "USD", "grossProfit": "524608000", "totalRevenue": "1216083000", "costOfRevenue": "691475000", "costofGoodsAndServicesSold": "691475000", "operatingIncome": "192952000", "sellingGeneralAndAdministrative": "331656000", "researchAndDevelopment": "0", "operatingExpenses": "331656000", "investmentIncomeNet": "None", "netInterestIncome": "None", "interestIncome": "None", "interestExpense": "16163000", "nonInterestIncome": "None", "otherNonOperatingIncome": "335000", "depreciation": "None", "depreciationAndAmortization": "41777000", "incomeBeforeTax": "177124000", "incomeTaxExpense": "59845000", "interestAndDebtExpense": "None", "netIncomeFromContinuingOperations": "117279000", "comprehensiveIncomeNetOfTax": "None", "ebit": "193287000", "ebitda": "235064000", "netIncome": "117341000"}, {"fiscalDateEnding": "2015-11-30", "reportedCurrency": "USD", "grossProfit": "527400000", "totalRevenue": "1219080000", "costOfRevenue": "691680000", "costofGoodsAndServicesSold": "691680000", "operatingIncome": "200349000", "sellingGeneralAndAdministrative": "327051000", "researchAndDevelopment": "0", "operatingExpenses": "327051000", "investmentIncomeNet": "None", "netInterestIncome": "None", "interestIncome": "None", "interestExpense": "16171000", "nonInterestIncome": "None", "otherNonOperatingIncome": "111000", "depreciation": "None", "depreciationAndAmortization": "41126000", "incomeBeforeTax": "184289000", "incomeTaxExpense": "68836000", "interestAndDebtExpense": "None", "netIncomeFromContinuingOperations": "115453000", "comprehensiveIncomeNetOfTax": "None", "ebit": "200460000", "ebitda": "241586000", "netIncome": "345100000"}, {"fiscalDateEnding": "2015-08-31", "reportedCurrency": "USD", "grossProfit": "524144000", "totalRevenue": "1198890000", "costOfRevenue": "674746000", "costofGoodsAndServicesSold": "674746000", "operatingIncome": "185507000", "sellingGeneralAndAdministrative": "338637000", "researchAndDevelopment": "0", "operatingExpenses": "338637000", "investmentIncomeNet": "None", "netInterestIncome": "None", "interestIncome": "None", "interestExpense": "16412000", "nonInterestIncome": "None", "otherNonOperatingIncome": "119000", "depreciation": "None", "depreciationAndAmortization": "39768000", "incomeBeforeTax": "169214000", "incomeTaxExpense": "63016000", "interestAndDebtExpense": "None", "netIncomeFromContinuingOperations": "106198000", "comprehensiveIncomeNetOfTax": "None", "ebit": "185626000", "ebitda": "225394000", "netIncome": "100181000"}, {"fiscalDateEnding": "2015-05-31", "reportedCurrency": "USD", "grossProfit": "486660000", "totalRevenue": "1142583000", "costOfRevenue": "655923000", "costofGoodsAndServicesSold": "655923000", "operatingIncome": "177719000", "sellingGeneralAndAdministrative": "308941000", "researchAndDevelopment": "0", "operatingExpenses": "308941000", "investmentIncomeNet": "None", "netInterestIncome": "None", "interestIncome": "None", "interestExpense": "16395000", "nonInterestIncome": "None", "otherNonOperatingIncome": "-1496000", "depreciation": "None", "depreciationAndAmortization": "39042000", "incomeBeforeTax": "159828000", "incomeTaxExpense": "60112000", "interestAndDebtExpense": "None", "netIncomeFromContinuingOperations": "344632000", "comprehensiveIncomeNetOfTax": "None", "ebit": "177890000", "ebitda": "216932000", "netIncome": "105215000"}, {"fiscalDateEnding": "2015-02-28", "reportedCurrency": "USD", "grossProfit": "475307000", "totalRevenue": "1108847000", "costOfRevenue": "633540000", "costofGoodsAndServicesSold": "633540000", "operatingIncome": "173617000", "sellingGeneralAndAdministrative": "301690000", "researchAndDevelopment": "0", "operatingExpenses": "301690000", "investmentIncomeNet": "None", "netInterestIncome": "None", "interestIncome": "None", "interestExpense": "16254000", "nonInterestIncome": "None", "otherNonOperatingIncome": "96000", "depreciation": "None", "depreciationAndAmortization": "37887000", "incomeBeforeTax": "157459000", "incomeTaxExpense": "57052000", "interestAndDebtExpense": "None", "netIncomeFromContinuingOperations": "100407000", "comprehensiveIncomeNetOfTax": "None", "ebit": "173713000", "ebitda": "211600000", "netIncome": "94883000"}, {"fiscalDateEnding": "2014-11-30", "reportedCurrency": "USD", "grossProfit": "481424000", "totalRevenue": "1123379000", "costOfRevenue": "641955000", "costofGoodsAndServicesSold": "641955000", "operatingIncome": "181175000", "sellingGeneralAndAdministrative": "300249000", "researchAndDevelopment": "0", "operatingExpenses": "300249000", "investmentIncomeNet": "None", "netInterestIncome": "None", "interestIncome": "None", "interestExpense": "15929000", "nonInterestIncome": "None", "otherNonOperatingIncome": "19000", "depreciation": "None", "depreciationAndAmortization": "38499000", "incomeBeforeTax": "165265000", "incomeTaxExpense": "61819000", "interestAndDebtExpense": "None", "netIncomeFromContinuingOperations": "103446000", "comprehensiveIncomeNetOfTax": "None", "ebit": "181602000", "ebitda": "220101000", "netIncome": "120412000"}, {"fiscalDateEnding": "2014-08-31", "reportedCurrency": "USD", "grossProfit": "477946000", "totalRevenue": "1102077000", "costOfRevenue": "624131000", "costofGoodsAndServicesSold": "624131000", "operatingIncome": "163488000", "sellingGeneralAndAdministrative": "314458000", "researchAndDevelopment": "0", "operatingExpenses": "314458000", "investmentIncomeNet": "None", "netInterestIncome": "None", "interestIncome": "None", "interestExpense": "16583000", "nonInterestIncome": "None", "otherNonOperatingIncome": "28411000", "depreciation": "None", "depreciationAndAmortization": "39654000", "incomeBeforeTax": "175316000", "incomeTaxExpense": "65525000", "interestAndDebtExpense": "None", "netIncomeFromContinuingOperations": "109791000", "comprehensiveIncomeNetOfTax": "None", "ebit": "185280000", "ebitda": "224934000", "netIncome": "110108000"}, {"fiscalDateEnding": "2014-05-31", "reportedCurrency": "USD", "grossProfit": "492362000", "totalRevenue": "1157479000", "costOfRevenue": "665117000", "costofGoodsAndServicesSold": "665117000", "operatingIncome": "123806000", "sellingGeneralAndAdministrative": "323932000", "researchAndDevelopment": "0", "operatingExpenses": "326090000", "investmentIncomeNet": "None", "netInterestIncome": "None", "interestIncome": "None", "interestExpense": "16396000", "nonInterestIncome": "None", "otherNonOperatingIncome": "106474000", "depreciation": "None", "depreciationAndAmortization": "45577000", "incomeBeforeTax": "213884000", "incomeTaxExpense": "86660000", "interestAndDebtExpense": "None", "netIncomeFromContinuingOperations": "127224000", "comprehensiveIncomeNetOfTax": "None", "ebit": "230280000", "ebitda": "275857000", "netIncome": "127224000"}, {"fiscalDateEnding": "2014-02-28", "reportedCurrency": "USD", "grossProfit": "479125000", "totalRevenue": "1130237000", "costOfRevenue": "651112000", "costofGoodsAndServicesSold": "651112000", "operatingIncome": "150162000", "sellingGeneralAndAdministrative": "328963000", "researchAndDevelopment": "0", "operatingExpenses": "328963000", "investmentIncomeNet": "None", "netInterestIncome": "None", "interestIncome": "None", "interestExpense": "16418000", "nonInterestIncome": "None", "otherNonOperatingIncome": "44000", "depreciation": "None", "depreciationAndAmortization": "48364000", "incomeBeforeTax": "133788000", "incomeTaxExpense": "49186000", "interestAndDebtExpense": "None", "netIncomeFromContinuingOperations": "84602000", "comprehensiveIncomeNetOfTax": "None", "ebit": "150206000", "ebitda": "198570000", "netIncome": "84602000"}, {"fiscalDateEnding": "2013-11-30", "reportedCurrency": "USD", "grossProfit": "476919000", "totalRevenue": "1143753000", "costOfRevenue": "666834000", "costofGoodsAndServicesSold": "666834000", "operatingIncome": "152972000", "sellingGeneralAndAdministrative": "323947000", "researchAndDevelopment": "0", "operatingExpenses": "323947000", "investmentIncomeNet": "None", "netInterestIncome": "None", "interestIncome": "None", "interestExpense": "16485000", "nonInterestIncome": "None", "otherNonOperatingIncome": "84000", "depreciation": "None", "depreciationAndAmortization": "48527000", "incomeBeforeTax": "136571000", "incomeTaxExpense": "51709000", "interestAndDebtExpense": "None", "netIncomeFromContinuingOperations": "84862000", "comprehensiveIncomeNetOfTax": "None", "ebit": "152295000", "ebitda": "200822000", "netIncome": "84862000"}, {"fiscalDateEnding": "2013-08-31", "reportedCurrency": "USD", "grossProfit": "465980000", "totalRevenue": "1120343000", "costOfRevenue": "654363000", "costofGoodsAndServicesSold": "654363000", "operatingIncome": "140070000", "sellingGeneralAndAdministrative": "325910000", "researchAndDevelopment": "0", "operatingExpenses": "325910000", "investmentIncomeNet": "None", "netInterestIncome": "None", "interestIncome": "None", "interestExpense": "16523000", "nonInterestIncome": "None", "otherNonOperatingIncome": "68000", "depreciation": "None", "depreciationAndAmortization": "48394000", "incomeBeforeTax": "123615000", "incomeTaxExpense": "45861000", "interestAndDebtExpense": "None", "netIncomeFromContinuingOperations": "77754000", "comprehensiveIncomeNetOfTax": "None", "ebit": "139680000", "ebitda": "188074000", "netIncome": "77754000"}, {"fiscalDateEnding": "2013-05-31", "reportedCurrency": "USD", "grossProfit": "467215000", "totalRevenue": "1129086000", "costOfRevenue": "661871000", "costofGoodsAndServicesSold": "661871000", "operatingIncome": "153871000", "sellingGeneralAndAdministrative": "313344000", "researchAndDevelopment": "0", "operatingExpenses": "313344000", "investmentIncomeNet": "None", "netInterestIncome": "None", "interestIncome": "None", "interestExpense": "16518000", "nonInterestIncome": "None", "otherNonOperatingIncome": "51000", "depreciation": "None", "depreciationAndAmortization": "66135000", "incomeBeforeTax": "137404000", "incomeTaxExpense": "51427000", "interestAndDebtExpense": "None", "netIncomeFromContinuingOperations": "85977000", "comprehensiveIncomeNetOfTax": "None", "ebit": "-35455000", "ebitda": "30680000", "netIncome": "85977000"}, {"fiscalDateEnding": "2013-02-28", "reportedCurrency": "USD", "grossProfit": "441941000", "totalRevenue": "1075674000", "costOfRevenue": "633733000", "costofGoodsAndServicesSold": "633733000", "operatingIncome": "133023000", "sellingGeneralAndAdministrative": "308918000", "researchAndDevelopment": "0", "operatingExpenses": "308918000", "investmentIncomeNet": "None", "netInterestIncome": "None", "interestIncome": "None", "interestExpense": "16302000", "nonInterestIncome": "None", "otherNonOperatingIncome": "132000", "depreciation": "None", "depreciationAndAmortization": "41921000", "incomeBeforeTax": "116853000", "incomeTaxExpense": "42148000", "interestAndDebtExpense": "None", "netIncomeFromContinuingOperations": "74705000", "comprehensiveIncomeNetOfTax": "None", "ebit": "133155000", "ebitda": "175076000", "netIncome": "74705000"}, {"fiscalDateEnding": "2012-11-30", "reportedCurrency": "USD", "grossProfit": "432036000", "totalRevenue": "1060386000", "costOfRevenue": "628350000", "costofGoodsAndServicesSold": "628350000", "operatingIncome": "139023000", "sellingGeneralAndAdministrative": "293013000", "researchAndDevelopment": "0", "operatingExpenses": "293013000", "investmentIncomeNet": "None", "netInterestIncome": "None", "interestIncome": "None", "interestExpense": "16294000", "nonInterestIncome": "None", "otherNonOperatingIncome": "149000", "depreciation": "None", "depreciationAndAmortization": "40979000", "incomeBeforeTax": "122878000", "incomeTaxExpense": "44851000", "interestAndDebtExpense": "None", "netIncomeFromContinuingOperations": "78027000", "comprehensiveIncomeNetOfTax": "None", "ebit": "139172000", "ebitda": "180151000", "netIncome": "78027000"}, {"fiscalDateEnding": "2012-08-31", "reportedCurrency": "USD", "grossProfit": "445875000", "totalRevenue": "1051325000", "costOfRevenue": "605450000", "costofGoodsAndServicesSold": "605450000", "operatingIncome": "139294000", "sellingGeneralAndAdministrative": "306581000", "researchAndDevelopment": "0", "operatingExpenses": "306581000", "investmentIncomeNet": "None", "netInterestIncome": "None", "interestIncome": "None", "interestExpense": "16598000", "nonInterestIncome": "None", "otherNonOperatingIncome": "77000", "depreciation": "None", "depreciationAndAmortization": "40342000", "incomeBeforeTax": "122773000", "incomeTaxExpense": "46040000", "interestAndDebtExpense": "None", "netIncomeFromContinuingOperations": "76733000", "comprehensiveIncomeNetOfTax": "None", "ebit": "139371000", "ebitda": "179713000", "netIncome": "76733000"}, {"fiscalDateEnding": "2012-05-31", "reportedCurrency": "USD", "grossProfit": "443868000", "totalRevenue": "1053582000", "costOfRevenue": "609714000", "costofGoodsAndServicesSold": "609714000", "operatingIncome": "140832000", "sellingGeneralAndAdministrative": "303036000", "researchAndDevelopment": "0", "operatingExpenses": "303036000", "investmentIncomeNet": "None", "netInterestIncome": "None", "interestIncome": "None", "interestExpense": "18344000", "nonInterestIncome": "None", "otherNonOperatingIncome": "801000", "depreciation": "None", "depreciationAndAmortization": "40265000", "incomeBeforeTax": "123289000", "incomeTaxExpense": "44675000", "interestAndDebtExpense": "None", "netIncomeFromContinuingOperations": "78614000", "comprehensiveIncomeNetOfTax": "None", "ebit": "-14198000", "ebitda": "26067000", "netIncome": "78614000"}, {"fiscalDateEnding": "2012-02-29", "reportedCurrency": "USD", "grossProfit": "425903000", "totalRevenue": "1012112000", "costOfRevenue": "586209000", "costofGoodsAndServicesSold": "586209000", "operatingIncome": "137536000", "sellingGeneralAndAdministrative": "288367000", "researchAndDevelopment": "0", "operatingExpenses": "288367000", "investmentIncomeNet": "None", "netInterestIncome": "None", "interestIncome": "None", "interestExpense": "17219000", "nonInterestIncome": "None", "otherNonOperatingIncome": "373000", "depreciation": "None", "depreciationAndAmortization": "38644000", "incomeBeforeTax": "120690000", "incomeTaxExpense": "44655000", "interestAndDebtExpense": "None", "netIncomeFromContinuingOperations": "76035000", "comprehensiveIncomeNetOfTax": "None", "ebit": "137909000", "ebitda": "176553000", "netIncome": "76035000"}, {"fiscalDateEnding": "2011-11-30", "reportedCurrency": "USD", "grossProfit": "429797000", "totalRevenue": "1019126000", "costOfRevenue": "589329000", "costofGoodsAndServicesSold": "589329000", "operatingIncome": "132685000", "sellingGeneralAndAdministrative": "297112000", "researchAndDevelopment": "0", "operatingExpenses": "297112000", "investmentIncomeNet": "None", "netInterestIncome": "None", "interestIncome": "None", "interestExpense": "17728000", "nonInterestIncome": "None", "otherNonOperatingIncome": "403000", "depreciation": "None", "depreciationAndAmortization": "38645000", "incomeBeforeTax": "115360000", "incomeTaxExpense": "41010000", "interestAndDebtExpense": "None", "netIncomeFromContinuingOperations": "74350000", "comprehensiveIncomeNetOfTax": "None", "ebit": "133088000", "ebitda": "171733000", "netIncome": "74350000"}, {"fiscalDateEnding": "2011-08-31", "reportedCurrency": "USD", "grossProfit": "439040000", "totalRevenue": "1017180000", "costOfRevenue": "578140000", "costofGoodsAndServicesSold": "578140000", "operatingIncome": "128574000", "sellingGeneralAndAdministrative": "310466000", "researchAndDevelopment": "0", "operatingExpenses": "310466000", "investmentIncomeNet": "None", "netInterestIncome": "None", "interestIncome": "None", "interestExpense": "17334000", "nonInterestIncome": "None", "otherNonOperatingIncome": "365000", "depreciation": "None", "depreciationAndAmortization": "38277000", "incomeBeforeTax": "111605000", "incomeTaxExpense": "42967000", "interestAndDebtExpense": "None", "netIncomeFromContinuingOperations": "68638000", "comprehensiveIncomeNetOfTax": "None", "ebit": "128939000", "ebitda": "167216000", "netIncome": "68638000"}, {"fiscalDateEnding": "2011-05-31", "reportedCurrency": "USD", "grossProfit": "433047000", "totalRevenue": "1012087000", "costOfRevenue": "579040000", "costofGoodsAndServicesSold": "579040000", "operatingIncome": "128877000", "sellingGeneralAndAdministrative": "304170000", "researchAndDevelopment": "0", "operatingExpenses": "304170000", "investmentIncomeNet": "None", "netInterestIncome": "None", "interestIncome": "None", "interestExpense": "12749000", "nonInterestIncome": "None", "otherNonOperatingIncome": "778000", "depreciation": "None", "depreciationAndAmortization": "38760000", "incomeBeforeTax": "116906000", "incomeTaxExpense": "46130000", "interestAndDebtExpense": "None", "netIncomeFromContinuingOperations": "70776000", "comprehensiveIncomeNetOfTax": "None", "ebit": "-21231000", "ebitda": "17529000", "netIncome": "70776000"}, {"fiscalDateEnding": "2011-02-28", "reportedCurrency": "USD", "grossProfit": "391921000", "totalRevenue": "937827000", "costOfRevenue": "545906000", "costofGoodsAndServicesSold": "545906000", "operatingIncome": "108876000", "sellingGeneralAndAdministrative": "283045000", "researchAndDevelopment": "0", "operatingExpenses": "283045000", "investmentIncomeNet": "None", "netInterestIncome": "None", "interestIncome": "None", "interestExpense": "12520000", "nonInterestIncome": "None", "otherNonOperatingIncome": "280000", "depreciation": "None", "depreciationAndAmortization": "37563000", "incomeBeforeTax": "96636000", "incomeTaxExpense": "37566000", "interestAndDebtExpense": "None", "netIncomeFromContinuingOperations": "59070000", "comprehensiveIncomeNetOfTax": "None", "ebit": "109156000", "ebitda": "146719000", "netIncome": "59070000"}, {"fiscalDateEnding": "2010-11-30", "reportedCurrency": "USD", "grossProfit": "390648000", "totalRevenue": "936566000", "costOfRevenue": "545918000", "costofGoodsAndServicesSold": "545918000", "operatingIncome": "102344000", "sellingGeneralAndAdministrative": "288304000", "researchAndDevelopment": "0", "operatingExpenses": "288304000", "investmentIncomeNet": "None", "netInterestIncome": "None", "interestIncome": "None", "interestExpense": "12161000", "nonInterestIncome": "None", "otherNonOperatingIncome": "394000", "depreciation": "None", "depreciationAndAmortization": "37201000", "incomeBeforeTax": "90577000", "incomeTaxExpense": "34711000", "interestAndDebtExpense": "None", "netIncomeFromContinuingOperations": "55866000", "comprehensiveIncomeNetOfTax": "None", "ebit": "102738000", "ebitda": "139939000", "netIncome": "55866000"}, {"fiscalDateEnding": "2010-08-31", "reportedCurrency": "USD", "grossProfit": "393671000", "totalRevenue": "923904000", "costOfRevenue": "530233000", "costofGoodsAndServicesSold": "530233000", "operatingIncome": "100246000", "sellingGeneralAndAdministrative": "293425000", "researchAndDevelopment": "0", "operatingExpenses": "293425000", "investmentIncomeNet": "None", "netInterestIncome": "None", "interestIncome": "None", "interestExpense": "12274000", "nonInterestIncome": "None", "otherNonOperatingIncome": "578000", "depreciation": "None", "depreciationAndAmortization": "37362000", "incomeBeforeTax": "88550000", "incomeTaxExpense": "27273000", "interestAndDebtExpense": "None", "netIncomeFromContinuingOperations": "61277000", "comprehensiveIncomeNetOfTax": "None", "ebit": "100824000", "ebitda": "138186000", "netIncome": "61277000"}, {"fiscalDateEnding": "2010-05-31", "reportedCurrency": "USD", "grossProfit": "385568000", "totalRevenue": "909449000", "costOfRevenue": "523881000", "costofGoodsAndServicesSold": "523881000", "operatingIncome": "101518000", "sellingGeneralAndAdministrative": "286930000", "researchAndDevelopment": "0", "operatingExpenses": "286930000", "investmentIncomeNet": "None", "netInterestIncome": "None", "interestIncome": "None", "interestExpense": "12420000", "nonInterestIncome": "None", "otherNonOperatingIncome": "None", "depreciation": "None", "depreciationAndAmortization": "38225000", "incomeBeforeTax": "89698000", "incomeTaxExpense": "34220000", "interestAndDebtExpense": "None", "netIncomeFromContinuingOperations": "0", "comprehensiveIncomeNetOfTax": "None", "ebit": "-49941000", "ebitda": "-11716000", "netIncome": "55478000"}, {"fiscalDateEnding": "2010-02-28", "reportedCurrency": "USD", "grossProfit": "359607000", "totalRevenue": "861812000", "costOfRevenue": "502205000", "costofGoodsAndServicesSold": "502205000", "operatingIncome": "84011000", "sellingGeneralAndAdministrative": "275596000", "researchAndDevelopment": "0", "operatingExpenses": "275596000", "investmentIncomeNet": "None", "netInterestIncome": "None", "interestIncome": "None", "interestExpense": "11575000", "nonInterestIncome": "None", "otherNonOperatingIncome": "None", "depreciation": "None", "depreciationAndAmortization": "37935000", "incomeBeforeTax": "72858000", "incomeTaxExpense": "23876000", "interestAndDebtExpense": "None", "netIncomeFromContinuingOperations": "0", "comprehensiveIncomeNetOfTax": "None", "ebit": "84433000", "ebitda": "122368000", "netIncome": "48982000"}, {"fiscalDateEnding": "2009-11-30", "reportedCurrency": "USD", "grossProfit": "369847000", "totalRevenue": "884509000", "costOfRevenue": "514662000", "costofGoodsAndServicesSold": "514662000", "operatingIncome": "106389000", "sellingGeneralAndAdministrative": "263458000", "researchAndDevelopment": "0", "operatingExpenses": "263458000", "investmentIncomeNet": "None", "netInterestIncome": "None", "interestIncome": "None", "interestExpense": "12579000", "nonInterestIncome": "None", "otherNonOperatingIncome": "None", "depreciation": "None", "depreciationAndAmortization": "37350000", "incomeBeforeTax": "94124000", "incomeTaxExpense": "36948000", "interestAndDebtExpense": "None", "netIncomeFromContinuingOperations": "0", "comprehensiveIncomeNetOfTax": "None", "ebit": "106703000", "ebitda": "144053000", "netIncome": "57176000"}, {"fiscalDateEnding": "2009-08-31", "reportedCurrency": "USD", "grossProfit": "382795000", "totalRevenue": "891569000", "costOfRevenue": "508774000", "costofGoodsAndServicesSold": "508774000", "operatingIncome": "98891000", "sellingGeneralAndAdministrative": "283904000", "researchAndDevelopment": "0", "operatingExpenses": "283904000", "investmentIncomeNet": "None", "netInterestIncome": "None", "interestIncome": "None", "interestExpense": "12038000", "nonInterestIncome": "None", "otherNonOperatingIncome": "None", "depreciation": "None", "depreciationAndAmortization": "38549000", "incomeBeforeTax": "87212000", "incomeTaxExpense": "33228000", "interestAndDebtExpense": "None", "netIncomeFromContinuingOperations": "0", "comprehensiveIncomeNetOfTax": "None", "ebit": "99250000", "ebitda": "137799000", "netIncome": "53984000"}, {"fiscalDateEnding": "2009-05-31", "reportedCurrency": "USD", "grossProfit": "334351000", "totalRevenue": "878683000", "costOfRevenue": "544332000", "costofGoodsAndServicesSold": "544332000", "operatingIncome": "21577000", "sellingGeneralAndAdministrative": "253677000", "researchAndDevelopment": "0", "operatingExpenses": "253677000", "investmentIncomeNet": "None", "netInterestIncome": "None", "interestIncome": "None", "interestExpense": "24798000", "nonInterestIncome": "None", "otherNonOperatingIncome": "None", "depreciation": "None", "depreciationAndAmortization": "81987000", "incomeBeforeTax": "9876000", "incomeTaxExpense": "5804000", "interestAndDebtExpense": "None", "netIncomeFromContinuingOperations": "0", "comprehensiveIncomeNetOfTax": "None", "ebit": "24341000", "ebitda": "106328000", "netIncome": "4072000"}, {"fiscalDateEnding": "2009-02-28", "reportedCurrency": "USD", "grossProfit": "376437000", "totalRevenue": "908639000", "costOfRevenue": "532202000", "costofGoodsAndServicesSold": "532202000", "operatingIncome": "119308000", "sellingGeneralAndAdministrative": "257129000", "researchAndDevelopment": "0", "operatingExpenses": "257129000", "investmentIncomeNet": "None", "netInterestIncome": "None", "interestIncome": "None", "interestExpense": "12407000", "nonInterestIncome": "None", "otherNonOperatingIncome": "None", "depreciation": "None", "depreciationAndAmortization": "39747000", "incomeBeforeTax": "107441000", "incomeTaxExpense": "35630000", "interestAndDebtExpense": "None", "netIncomeFromContinuingOperations": "0", "comprehensiveIncomeNetOfTax": "None", "ebit": "119848000", "ebitda": "159595000", "netIncome": "71811000"}, {"fiscalDateEnding": "2008-11-30", "reportedCurrency": "USD", "grossProfit": "415000000", "totalRevenue": "985184000", "costOfRevenue": "570184000", "costofGoodsAndServicesSold": "570184000", "operatingIncome": "130392000", "sellingGeneralAndAdministrative": "284608000", "researchAndDevelopment": "0", "operatingExpenses": "284608000", "investmentIncomeNet": "None", "netInterestIncome": "None", "interestIncome": "None", "interestExpense": "12768000", "nonInterestIncome": "None", "otherNonOperatingIncome": "None", "depreciation": "None", "depreciationAndAmortization": "28487000", "incomeBeforeTax": "118454000", "incomeTaxExpense": "46616000", "interestAndDebtExpense": "None", "netIncomeFromContinuingOperations": "0", "comprehensiveIncomeNetOfTax": "None", "ebit": "142067000", "ebitda": "170554000", "netIncome": "71838000"}, {"fiscalDateEnding": "2008-08-31", "reportedCurrency": "USD", "grossProfit": "425083000", "totalRevenue": "1002179000", "costOfRevenue": "577096000", "costofGoodsAndServicesSold": "577096000", "operatingIncome": "137788000", "sellingGeneralAndAdministrative": "287295000", "researchAndDevelopment": "0", "operatingExpenses": "287295000", "investmentIncomeNet": "None", "netInterestIncome": "None", "interestIncome": "None", "interestExpense": "13031000", "nonInterestIncome": "None", "otherNonOperatingIncome": "None", "depreciation": "None", "depreciationAndAmortization": "49885000", "incomeBeforeTax": "125822000", "incomeTaxExpense": "47186000", "interestAndDebtExpense": "None", "netIncomeFromContinuingOperations": "0", "comprehensiveIncomeNetOfTax": "None", "ebit": "128008000", "ebitda": "177893000", "netIncome": "78636000"}, {"fiscalDateEnding": "2008-05-31", "reportedCurrency": "USD", "grossProfit": "432435000", "totalRevenue": "1008955000", "costOfRevenue": "576520000", "costofGoodsAndServicesSold": "576520000", "operatingIncome": "153319000", "sellingGeneralAndAdministrative": "279116000", "researchAndDevelopment": "0", "operatingExpenses": "279116000", "investmentIncomeNet": "None", "netInterestIncome": "None", "interestIncome": "None", "interestExpense": "26364000", "nonInterestIncome": "None", "otherNonOperatingIncome": "None", "depreciation": "None", "depreciationAndAmortization": "49456000", "incomeBeforeTax": "141252000", "incomeTaxExpense": "51591000", "interestAndDebtExpense": "None", "netIncomeFromContinuingOperations": "0", "comprehensiveIncomeNetOfTax": "None", "ebit": "153319000", "ebitda": "202775000", "netIncome": "89661000"}, {"fiscalDateEnding": "2008-02-29", "reportedCurrency": "USD", "grossProfit": "411225000", "totalRevenue": "975952000", "costOfRevenue": "564727000", "costofGoodsAndServicesSold": "564727000", "operatingIncome": "138031000", "sellingGeneralAndAdministrative": "273194000", "researchAndDevelopment": "0", "operatingExpenses": "273194000", "investmentIncomeNet": "None", "netInterestIncome": "None", "interestIncome": "None", "interestExpense": "13622000", "nonInterestIncome": "None", "otherNonOperatingIncome": "None", "depreciation": "None", "depreciationAndAmortization": "48835000", "incomeBeforeTax": "125919000", "incomeTaxExpense": "44091000", "interestAndDebtExpense": "None", "netIncomeFromContinuingOperations": "0", "comprehensiveIncomeNetOfTax": "None", "ebit": "138031000", "ebitda": "186866000", "netIncome": "81828000"}, {"fiscalDateEnding": "2007-11-30", "reportedCurrency": "USD", "grossProfit": "420568000", "totalRevenue": "983865000", "costOfRevenue": "563297000", "costofGoodsAndServicesSold": "563297000", "operatingIncome": "145443000", "sellingGeneralAndAdministrative": "275125000", "researchAndDevelopment": "0", "operatingExpenses": "275125000", "investmentIncomeNet": "None", "netInterestIncome": "None", "interestIncome": "None", "interestExpense": "12993000", "nonInterestIncome": "None", "otherNonOperatingIncome": "None", "depreciation": "None", "depreciationAndAmortization": "47390000", "incomeBeforeTax": "134246000", "incomeTaxExpense": "51393000", "interestAndDebtExpense": "None", "netIncomeFromContinuingOperations": "0", "comprehensiveIncomeNetOfTax": "None", "ebit": "145443000", "ebitda": "192833000", "netIncome": "82853000"}, {"fiscalDateEnding": "2007-08-31", "reportedCurrency": "USD", "grossProfit": "417372000", "totalRevenue": "969128000", "costOfRevenue": "551756000", "costofGoodsAndServicesSold": "551756000", "operatingIncome": "140662000", "sellingGeneralAndAdministrative": "276710000", "researchAndDevelopment": "0", "operatingExpenses": "276710000", "investmentIncomeNet": "None", "netInterestIncome": "None", "interestIncome": "None", "interestExpense": "12837000", "nonInterestIncome": "None", "otherNonOperatingIncome": "None", "depreciation": "None", "depreciationAndAmortization": "46222000", "incomeBeforeTax": "129287000", "incomeTaxExpense": "48224000", "interestAndDebtExpense": "None", "netIncomeFromContinuingOperations": "0", "comprehensiveIncomeNetOfTax": "None", "ebit": "140662000", "ebitda": "186884000", "netIncome": "81063000"}, {"fiscalDateEnding": "2007-05-31", "reportedCurrency": "USD", "grossProfit": "413974000", "totalRevenue": "964075000", "costOfRevenue": "550101000", "costofGoodsAndServicesSold": "550101000", "operatingIncome": "155900000", "sellingGeneralAndAdministrative": "258074000", "researchAndDevelopment": "0", "operatingExpenses": "258074000", "investmentIncomeNet": "None", "netInterestIncome": "None", "interestIncome": "None", "interestExpense": "26308000", "nonInterestIncome": "None", "otherNonOperatingIncome": "None", "depreciation": "None", "depreciationAndAmortization": "45875000", "incomeBeforeTax": "144067000", "incomeTaxExpense": "53745000", "interestAndDebtExpense": "None", "netIncomeFromContinuingOperations": "0", "comprehensiveIncomeNetOfTax": "None", "ebit": "155900000", "ebitda": "201775000", "netIncome": "90322000"}, {"fiscalDateEnding": "2007-02-28", "reportedCurrency": "USD", "grossProfit": "385827000", "totalRevenue": "905398000", "costOfRevenue": "519571000", "costofGoodsAndServicesSold": "519571000", "operatingIncome": "132699000", "sellingGeneralAndAdministrative": "253128000", "researchAndDevelopment": "0", "operatingExpenses": "253128000", "investmentIncomeNet": "None", "netInterestIncome": "None", "interestIncome": "None", "interestExpense": "11584000", "nonInterestIncome": "None", "otherNonOperatingIncome": "None", "depreciation": "None", "depreciationAndAmortization": "44298000", "incomeBeforeTax": "122454000", "incomeTaxExpense": "45727000", "interestAndDebtExpense": "None", "netIncomeFromContinuingOperations": "0", "comprehensiveIncomeNetOfTax": "None", "ebit": "132699000", "ebitda": "176997000", "netIncome": "76727000"}, {"fiscalDateEnding": "2006-11-30", "reportedCurrency": "USD", "grossProfit": "391073000", "totalRevenue": "923266000", "costOfRevenue": "532193000", "costofGoodsAndServicesSold": "532193000", "operatingIncome": "142445000", "sellingGeneralAndAdministrative": "248628000", "researchAndDevelopment": "0", "operatingExpenses": "248628000", "investmentIncomeNet": "None", "netInterestIncome": "None", "interestIncome": "None", "interestExpense": "12483000", "nonInterestIncome": "None", "otherNonOperatingIncome": "None", "depreciation": "None", "depreciationAndAmortization": "42985000", "incomeBeforeTax": "131585000", "incomeTaxExpense": "49058000", "interestAndDebtExpense": "None", "netIncomeFromContinuingOperations": "0", "comprehensiveIncomeNetOfTax": "None", "ebit": "142445000", "ebitda": "185430000", "netIncome": "82527000"}, {"fiscalDateEnding": "2006-08-31", "reportedCurrency": "USD", "grossProfit": "390481000", "totalRevenue": "914161000", "costOfRevenue": "523680000", "costofGoodsAndServicesSold": "523680000", "operatingIncome": "146353000", "sellingGeneralAndAdministrative": "244128000", "researchAndDevelopment": "0", "operatingExpenses": "244128000", "investmentIncomeNet": "None", "netInterestIncome": "None", "interestIncome": "None", "interestExpense": "12432000", "nonInterestIncome": "None", "otherNonOperatingIncome": "None", "depreciation": "None", "depreciationAndAmortization": "42768000", "incomeBeforeTax": "135447000", "incomeTaxExpense": "50484000", "interestAndDebtExpense": "None", "netIncomeFromContinuingOperations": "0", "comprehensiveIncomeNetOfTax": "None", "ebit": "146353000", "ebitda": "189121000", "netIncome": "84962000"}, {"fiscalDateEnding": "2006-05-31", "reportedCurrency": "USD", "grossProfit": "395873000", "totalRevenue": "907927000", "costOfRevenue": "512054000", "costofGoodsAndServicesSold": "512054000", "operatingIncome": "154537000", "sellingGeneralAndAdministrative": "241336000", "researchAndDevelopment": "0", "operatingExpenses": "241336000", "investmentIncomeNet": "None", "netInterestIncome": "None", "interestIncome": "None", "interestExpense": "9723000", "nonInterestIncome": "None", "otherNonOperatingIncome": "None", "depreciation": "None", "depreciationAndAmortization": "42509000", "incomeBeforeTax": "146614000", "incomeTaxExpense": "54687000", "interestAndDebtExpense": "None", "netIncomeFromContinuingOperations": "0", "comprehensiveIncomeNetOfTax": "None", "ebit": "154537000", "ebitda": "197046000", "netIncome": "91927000"}, {"fiscalDateEnding": "2006-02-28", "reportedCurrency": "USD", "grossProfit": "352970000", "totalRevenue": "836421000", "costOfRevenue": "483451000", "costofGoodsAndServicesSold": "483451000", "operatingIncome": "129701000", "sellingGeneralAndAdministrative": "223269000", "researchAndDevelopment": "0", "operatingExpenses": "223269000", "investmentIncomeNet": "None", "netInterestIncome": "None", "interestIncome": "None", "interestExpense": "7239000", "nonInterestIncome": "None", "otherNonOperatingIncome": "None", "depreciation": "None", "depreciationAndAmortization": "40484000", "incomeBeforeTax": "124387000", "incomeTaxExpense": "46642000", "interestAndDebtExpense": "None", "netIncomeFromContinuingOperations": "0", "comprehensiveIncomeNetOfTax": "None", "ebit": "129701000", "ebitda": "170185000", "netIncome": "77745000"}, {"fiscalDateEnding": "2005-11-30", "reportedCurrency": "USD", "grossProfit": "350461000", "totalRevenue": "835785000", "costOfRevenue": "485324000", "costofGoodsAndServicesSold": "485324000", "operatingIncome": "130549000", "sellingGeneralAndAdministrative": "219912000", "researchAndDevelopment": "0", "operatingExpenses": "219912000", "investmentIncomeNet": "None", "netInterestIncome": "None", "interestIncome": "None", "interestExpense": "7484000", "nonInterestIncome": "None", "otherNonOperatingIncome": "None", "depreciation": "None", "depreciationAndAmortization": "39307000", "incomeBeforeTax": "124397000", "incomeTaxExpense": "46426000", "interestAndDebtExpense": "None", "netIncomeFromContinuingOperations": "0", "comprehensiveIncomeNetOfTax": "None", "ebit": "130549000", "ebitda": "169856000", "netIncome": "77971000"}, {"fiscalDateEnding": "2005-08-31", "reportedCurrency": "USD", "grossProfit": "355488000", "totalRevenue": "823475000", "costOfRevenue": "467987000", "costofGoodsAndServicesSold": "467987000", "operatingIncome": "132051000", "sellingGeneralAndAdministrative": "223437000", "researchAndDevelopment": "0", "operatingExpenses": "223437000", "investmentIncomeNet": "None", "netInterestIncome": "None", "interestIncome": "None", "interestExpense": "7336000", "nonInterestIncome": "None", "otherNonOperatingIncome": "None", "depreciation": "None", "depreciationAndAmortization": "38353000", "incomeBeforeTax": "126417000", "incomeTaxExpense": "46882000", "interestAndDebtExpense": "None", "netIncomeFromContinuingOperations": "0", "comprehensiveIncomeNetOfTax": "None", "ebit": "132051000", "ebitda": "170404000", "netIncome": "79535000"}, {"fiscalDateEnding": "2005-05-31", "reportedCurrency": "USD", "grossProfit": "348512000", "totalRevenue": "809246000", "costOfRevenue": "460734000", "costofGoodsAndServicesSold": "460734000", "operatingIncome": "135432000", "sellingGeneralAndAdministrative": "213080000", "researchAndDevelopment": "0", "operatingExpenses": "213080000", "investmentIncomeNet": "None", "netInterestIncome": "None", "interestIncome": "None", "interestExpense": "5898000", "nonInterestIncome": "None", "otherNonOperatingIncome": "None", "depreciation": "None", "depreciationAndAmortization": "37990000", "incomeBeforeTax": "131663000", "incomeTaxExpense": "48703000", "interestAndDebtExpense": "None", "netIncomeFromContinuingOperations": "0", "comprehensiveIncomeNetOfTax": "None", "ebit": "135432000", "ebitda": "173422000", "netIncome": "82960000"}, {"fiscalDateEnding": "2005-02-28", "reportedCurrency": "USD", "grossProfit": "321454000", "totalRevenue": "755241000", "costOfRevenue": "433787000", "costofGoodsAndServicesSold": "433787000", "operatingIncome": "117542000", "sellingGeneralAndAdministrative": "203912000", "researchAndDevelopment": "0", "operatingExpenses": "203912000", "investmentIncomeNet": "None", "netInterestIncome": "None", "interestIncome": "None", "interestExpense": "6499000", "nonInterestIncome": "None", "otherNonOperatingIncome": "None", "depreciation": "None", "depreciationAndAmortization": "37121000", "incomeBeforeTax": "113192000", "incomeTaxExpense": "41860000", "interestAndDebtExpense": "None", "netIncomeFromContinuingOperations": "0", "comprehensiveIncomeNetOfTax": "None", "ebit": "117542000", "ebitda": "154663000", "netIncome": "71332000"}]}