{"symbol": "SBUX", "annualReports": [{"fiscalDateEnding": "2024-09-30", "reportedCurrency": "USD", "grossProfit": "9709100000", "totalRevenue": "36176200000", "costOfRevenue": "26467100000", "costofGoodsAndServicesSold": "26467100000", "operatingIncome": "5408800000", "sellingGeneralAndAdministrative": "2523300000", "researchAndDevelopment": "None", "operatingExpenses": "4300300000", "investmentIncomeNet": "None", "netInterestIncome": "-439200000", "interestIncome": "122800000", "interestExpense": "562000000", "nonInterestIncome": "None", "otherNonOperatingIncome": "None", "depreciation": "None", "depreciationAndAmortization": "1592400000", "incomeBeforeTax": "4969600000", "incomeTaxExpense": "1207300000", "interestAndDebtExpense": "None", "netIncomeFromContinuingOperations": "3762300000", "comprehensiveIncomeNetOfTax": "None", "ebit": "5531600000", "ebitda": "7124000000", "netIncome": "3760900000"}, {"fiscalDateEnding": "2023-09-30", "reportedCurrency": "USD", "grossProfit": "9846200000", "totalRevenue": "35975600000", "costOfRevenue": "26129400000", "costofGoodsAndServicesSold": "26129400000", "operatingIncome": "5870800000", "sellingGeneralAndAdministrative": "2441300000", "researchAndDevelopment": "None", "operatingExpenses": "3975400000", "investmentIncomeNet": "None", "netInterestIncome": "-468900000", "interestIncome": "81200000", "interestExpense": "550100000", "nonInterestIncome": "None", "otherNonOperatingIncome": "None", "depreciation": "None", "depreciationAndAmortization": "1450300000", "incomeBeforeTax": "5401900000", "incomeTaxExpense": "1277200000", "interestAndDebtExpense": "None", "netIncomeFromContinuingOperations": "4124700000", "comprehensiveIncomeNetOfTax": "None", "ebit": "5952000000", "ebitda": "7402300000", "netIncome": "4124500000"}, {"fiscalDateEnding": "2022-09-30", "reportedCurrency": "USD", "grossProfit": "8371100000", "totalRevenue": "32250300000", "costOfRevenue": "23879200000", "costofGoodsAndServicesSold": "23879200000", "operatingIncome": "4617800000", "sellingGeneralAndAdministrative": "2032000000", "researchAndDevelopment": "None", "operatingExpenses": "3753300000", "investmentIncomeNet": "None", "netInterestIncome": "-385900000", "interestIncome": "97000000", "interestExpense": "482900000", "nonInterestIncome": "None", "otherNonOperatingIncome": "97000000", "depreciation": "None", "depreciationAndAmortization": "1529400000", "incomeBeforeTax": "4231900000", "incomeTaxExpense": "948500000", "interestAndDebtExpense": "None", "netIncomeFromContinuingOperations": "3283400000", "comprehensiveIncomeNetOfTax": "None", "ebit": "4714800000", "ebitda": "6244200000", "netIncome": "3281600000"}, {"fiscalDateEnding": "2021-09-30", "reportedCurrency": "USD", "grossProfit": "8391000000", "totalRevenue": "29060600000", "costOfRevenue": "20669600000", "costofGoodsAndServicesSold": "20669600000", "operatingIncome": "4872100000", "sellingGeneralAndAdministrative": "1932600000", "researchAndDevelopment": "None", "operatingExpenses": "3518900000", "investmentIncomeNet": "None", "netInterestIncome": "-379700000", "interestIncome": "90100000", "interestExpense": "469800000", "nonInterestIncome": "None", "otherNonOperatingIncome": "954600000", "depreciation": "None", "depreciationAndAmortization": "1524100000", "incomeBeforeTax": "5356900000", "incomeTaxExpense": "1156600000", "interestAndDebtExpense": "None", "netIncomeFromContinuingOperations": "4200300000", "comprehensiveIncomeNetOfTax": "None", "ebit": "5826700000", "ebitda": "7350800000", "netIncome": "4199300000"}, {"fiscalDateEnding": "2020-09-30", "reportedCurrency": "USD", "grossProfit": "5059100000", "totalRevenue": "23518000000", "costOfRevenue": "18458900000", "costofGoodsAndServicesSold": "18458900000", "operatingIncome": "1561700000", "sellingGeneralAndAdministrative": "1679600000", "researchAndDevelopment": "None", "operatingExpenses": "3497400000", "investmentIncomeNet": "None", "netInterestIncome": "-397300000", "interestIncome": "39700000", "interestExpense": "437000000", "nonInterestIncome": "None", "otherNonOperatingIncome": "39700000", "depreciation": "None", "depreciationAndAmortization": "1503200000", "incomeBeforeTax": "1164400000", "incomeTaxExpense": "239700000", "interestAndDebtExpense": "None", "netIncomeFromContinuingOperations": "924700000", "comprehensiveIncomeNetOfTax": "None", "ebit": "1601400000", "ebitda": "3104600000", "netIncome": "928300000"}, {"fiscalDateEnding": "2019-09-30", "reportedCurrency": "USD", "grossProfit": "7488100000", "totalRevenue": "26508600000", "costOfRevenue": "19020500000", "costofGoodsAndServicesSold": "19020500000", "operatingIncome": "4077900000", "sellingGeneralAndAdministrative": "1824100000", "researchAndDevelopment": "None", "operatingExpenses": "3410200000", "investmentIncomeNet": "None", "netInterestIncome": "-234500000", "interestIncome": "96500000", "interestExpense": "331000000", "nonInterestIncome": "None", "otherNonOperatingIncome": "719300000", "depreciation": "None", "depreciationAndAmortization": "1449300000", "incomeBeforeTax": "4466200000", "incomeTaxExpense": "871600000", "interestAndDebtExpense": "None", "netIncomeFromContinuingOperations": "3594600000", "comprehensiveIncomeNetOfTax": "None", "ebit": "4797200000", "ebitda": "6246500000", "netIncome": "3599200000"}, {"fiscalDateEnding": "2018-09-30", "reportedCurrency": "USD", "grossProfit": "7316600000", "totalRevenue": "24719500000", "costOfRevenue": "17402900000", "costofGoodsAndServicesSold": "17402900000", "operatingIncome": "3883300000", "sellingGeneralAndAdministrative": "1708200000", "researchAndDevelopment": "0", "operatingExpenses": "3433300000", "investmentIncomeNet": "None", "netInterestIncome": "21100000", "interestIncome": "191400000", "interestExpense": "170300000", "nonInterestIncome": "None", "otherNonOperatingIncome": "2067000000", "depreciation": "None", "depreciationAndAmortization": "1305900000", "incomeBeforeTax": "5780000000", "incomeTaxExpense": "1262000000", "interestAndDebtExpense": "None", "netIncomeFromContinuingOperations": "4518000000", "comprehensiveIncomeNetOfTax": "None", "ebit": "5950300000", "ebitda": "7256200000", "netIncome": "4518300000"}, {"fiscalDateEnding": "2017-09-30", "reportedCurrency": "USD", "grossProfit": "6834600000", "totalRevenue": "22386800000", "costOfRevenue": "15552200000", "costofGoodsAndServicesSold": "15552200000", "operatingIncome": "4134700000", "sellingGeneralAndAdministrative": "1408400000", "researchAndDevelopment": "0", "operatingExpenses": "2699900000", "investmentIncomeNet": "None", "netInterestIncome": "182800000", "interestIncome": "275300000", "interestExpense": "92500000", "nonInterestIncome": "None", "otherNonOperatingIncome": "275300000", "depreciation": "None", "depreciationAndAmortization": "1067100000", "incomeBeforeTax": "4317500000", "incomeTaxExpense": "1432600000", "interestAndDebtExpense": "None", "netIncomeFromContinuingOperations": "2884900000", "comprehensiveIncomeNetOfTax": "None", "ebit": "4410000000", "ebitda": "5477100000", "netIncome": "2884700000"}, {"fiscalDateEnding": "2016-09-30", "reportedCurrency": "USD", "grossProfit": "6742600000", "totalRevenue": "21315900000", "costOfRevenue": "14573300000", "costofGoodsAndServicesSold": "14573300000", "operatingIncome": "4171900000", "sellingGeneralAndAdministrative": "1408900000", "researchAndDevelopment": "0", "operatingExpenses": "2570700000", "investmentIncomeNet": "None", "netInterestIncome": "26700000", "interestIncome": "108000000", "interestExpense": "81300000", "nonInterestIncome": "None", "otherNonOperatingIncome": "108000000", "depreciation": "None", "depreciationAndAmortization": "1030100000", "incomeBeforeTax": "4198600000", "incomeTaxExpense": "1379700000", "interestAndDebtExpense": "None", "netIncomeFromContinuingOperations": "2818900000", "comprehensiveIncomeNetOfTax": "None", "ebit": "4279900000", "ebitda": "5310000000", "netIncome": "2817700000"}, {"fiscalDateEnding": "2015-09-30", "reportedCurrency": "USD", "grossProfit": "5964100000", "totalRevenue": "19162700000", "costOfRevenue": "13198600000", "costofGoodsAndServicesSold": "13198600000", "operatingIncome": "3601000000", "sellingGeneralAndAdministrative": "1196700000", "researchAndDevelopment": "0", "operatingExpenses": "2363100000", "investmentIncomeNet": "None", "netInterestIncome": "None", "interestIncome": "27500000", "interestExpense": "70500000", "nonInterestIncome": "None", "otherNonOperatingIncome": "372500000", "depreciation": "None", "depreciationAndAmortization": "933800000", "incomeBeforeTax": "3903000000", "incomeTaxExpense": "1143700000", "interestAndDebtExpense": "None", "netIncomeFromContinuingOperations": "2759300000", "comprehensiveIncomeNetOfTax": "None", "ebit": "3973500000", "ebitda": "4907300000", "netIncome": "2757400000"}, {"fiscalDateEnding": "2014-09-30", "reportedCurrency": "USD", "grossProfit": "4950800000", "totalRevenue": "16447800000", "costOfRevenue": "11497000000", "costofGoodsAndServicesSold": "11497000000", "operatingIncome": "3081100000", "sellingGeneralAndAdministrative": "991300000", "researchAndDevelopment": "0", "operatingExpenses": "1869700000", "investmentIncomeNet": "None", "netInterestIncome": "None", "interestIncome": "None", "interestExpense": "64100000", "nonInterestIncome": "None", "otherNonOperatingIncome": "142700000", "depreciation": "None", "depreciationAndAmortization": "748400000", "incomeBeforeTax": "3159700000", "incomeTaxExpense": "1092000000", "interestAndDebtExpense": "None", "netIncomeFromContinuingOperations": "2067700000", "comprehensiveIncomeNetOfTax": "None", "ebit": "3223800000", "ebitda": "3972200000", "netIncome": "2068100000"}, {"fiscalDateEnding": "2013-09-30", "reportedCurrency": "USD", "grossProfit": "4198400000", "totalRevenue": "14866800000", "costOfRevenue": "10668400000", "costofGoodsAndServicesSold": "10668400000", "operatingIncome": "-325400000", "sellingGeneralAndAdministrative": "937900000", "researchAndDevelopment": "0", "operatingExpenses": "4523800000", "investmentIncomeNet": "None", "netInterestIncome": "None", "interestIncome": "None", "interestExpense": "28100000", "nonInterestIncome": "None", "otherNonOperatingIncome": "123600000", "depreciation": "None", "depreciationAndAmortization": "655600000", "incomeBeforeTax": "-229900000", "incomeTaxExpense": "-238700000", "interestAndDebtExpense": "None", "netIncomeFromContinuingOperations": "8300000", "comprehensiveIncomeNetOfTax": "None", "ebit": "-201800000", "ebitda": "453800000", "netIncome": "8300000"}, {"fiscalDateEnding": "2012-09-30", "reportedCurrency": "USD", "grossProfit": "3545400000", "totalRevenue": "13276800000", "costOfRevenue": "9731400000", "costofGoodsAndServicesSold": "9731400000", "operatingIncome": "1997400000", "sellingGeneralAndAdministrative": "801200000", "researchAndDevelopment": "0", "operatingExpenses": "1548000000", "investmentIncomeNet": "None", "netInterestIncome": "None", "interestIncome": "None", "interestExpense": "32700000", "nonInterestIncome": "None", "otherNonOperatingIncome": "94400000", "depreciation": "None", "depreciationAndAmortization": "580600000", "incomeBeforeTax": "2059100000", "incomeTaxExpense": "674400000", "interestAndDebtExpense": "None", "netIncomeFromContinuingOperations": "1384700000", "comprehensiveIncomeNetOfTax": "None", "ebit": "2091800000", "ebitda": "2672400000", "netIncome": "1383800000"}, {"fiscalDateEnding": "2011-09-30", "reportedCurrency": "USD", "grossProfit": "3190000000", "totalRevenue": "11700400000", "costOfRevenue": "8510400000", "costofGoodsAndServicesSold": "8510400000", "operatingIncome": "1728500000", "sellingGeneralAndAdministrative": "749300000", "researchAndDevelopment": "15000000", "operatingExpenses": "1461500000", "investmentIncomeNet": "None", "netInterestIncome": "None", "interestIncome": "None", "interestExpense": "33300000", "nonInterestIncome": "None", "otherNonOperatingIncome": "115900000", "depreciation": "None", "depreciationAndAmortization": "550000000", "incomeBeforeTax": "1811100000", "incomeTaxExpense": "563100000", "interestAndDebtExpense": "None", "netIncomeFromContinuingOperations": "1248000000", "comprehensiveIncomeNetOfTax": "None", "ebit": "1844400000", "ebitda": "2394400000", "netIncome": "1245700000"}, {"fiscalDateEnding": "2010-09-30", "reportedCurrency": "USD", "grossProfit": "6290900000", "totalRevenue": "10707400000", "costOfRevenue": "4416500000", "costofGoodsAndServicesSold": "4416500000", "operatingIncome": "1419400000", "sellingGeneralAndAdministrative": "4177000000", "researchAndDevelopment": "9000000", "operatingExpenses": "4871500000", "investmentIncomeNet": "None", "netInterestIncome": "None", "interestIncome": "None", "interestExpense": "32700000", "nonInterestIncome": "None", "otherNonOperatingIncome": "None", "depreciation": "None", "depreciationAndAmortization": "540800000", "incomeBeforeTax": "1437000000", "incomeTaxExpense": "488700000", "interestAndDebtExpense": "None", "netIncomeFromContinuingOperations": "898000000", "comprehensiveIncomeNetOfTax": "None", "ebit": "1469700000", "ebitda": "2010500000", "netIncome": "945600000"}, {"fiscalDateEnding": "2009-09-30", "reportedCurrency": "USD", "grossProfit": "5449700000", "totalRevenue": "9774600000", "costOfRevenue": "4324900000", "costofGoodsAndServicesSold": "4324900000", "operatingIncome": "562000000", "sellingGeneralAndAdministrative": "3878000000", "researchAndDevelopment": "6500000", "operatingExpenses": "4887700000", "investmentIncomeNet": "None", "netInterestIncome": "None", "interestIncome": "None", "interestExpense": "39100000", "nonInterestIncome": "None", "otherNonOperatingIncome": "None", "depreciation": "None", "depreciationAndAmortization": "563300000", "incomeBeforeTax": "559900000", "incomeTaxExpense": "168400000", "interestAndDebtExpense": "None", "netIncomeFromContinuingOperations": "354500000", "comprehensiveIncomeNetOfTax": "None", "ebit": "599000000", "ebitda": "1162300000", "netIncome": "390800000"}, {"fiscalDateEnding": "2008-09-30", "reportedCurrency": "USD", "grossProfit": "5737700000", "totalRevenue": "10383000000", "costOfRevenue": "4645300000", "costofGoodsAndServicesSold": "4645300000", "operatingIncome": "503900000", "sellingGeneralAndAdministrative": "4201000000", "researchAndDevelopment": "7200000", "operatingExpenses": "5233800000", "investmentIncomeNet": "None", "netInterestIncome": "None", "interestIncome": "None", "interestExpense": "53400000", "nonInterestIncome": "None", "otherNonOperatingIncome": "None", "depreciation": "None", "depreciationAndAmortization": "604500000", "incomeBeforeTax": "459500000", "incomeTaxExpense": "144000000", "interestAndDebtExpense": "None", "netIncomeFromContinuingOperations": "None", "comprehensiveIncomeNetOfTax": "None", "ebit": "512900000", "ebitda": "1117400000", "netIncome": "315500000"}, {"fiscalDateEnding": "2007-09-30", "reportedCurrency": "USD", "grossProfit": "2196484000", "totalRevenue": "9411497000", "costOfRevenue": "7215013000", "costofGoodsAndServicesSold": "7215013000", "operatingIncome": "1053945000", "sellingGeneralAndAdministrative": "783385000", "researchAndDevelopment": "7000000", "operatingExpenses": "1142539000", "investmentIncomeNet": "None", "netInterestIncome": "None", "interestIncome": "None", "interestExpense": "0", "nonInterestIncome": "None", "otherNonOperatingIncome": "None", "depreciation": "None", "depreciationAndAmortization": "491891000", "incomeBeforeTax": "1056364000", "incomeTaxExpense": "383726000", "interestAndDebtExpense": "None", "netIncomeFromContinuingOperations": "None", "comprehensiveIncomeNetOfTax": "None", "ebit": "1053945000", "ebitda": "1545836000", "netIncome": "672638000"}, {"fiscalDateEnding": "2006-09-30", "reportedCurrency": "USD", "grossProfit": "1660249000", "totalRevenue": "7786942000", "costOfRevenue": "6126693000", "costofGoodsAndServicesSold": "6126693000", "operatingIncome": "893952000", "sellingGeneralAndAdministrative": "3167000000", "researchAndDevelopment": "6500000", "operatingExpenses": "766297000", "investmentIncomeNet": "None", "netInterestIncome": "None", "interestIncome": "None", "interestExpense": "0", "nonInterestIncome": "None", "otherNonOperatingIncome": "None", "depreciation": "None", "depreciationAndAmortization": "414638000", "incomeBeforeTax": "906243000", "incomeTaxExpense": "324770000", "interestAndDebtExpense": "None", "netIncomeFromContinuingOperations": "None", "comprehensiveIncomeNetOfTax": "None", "ebit": "893952000", "ebitda": "1308590000", "netIncome": "564259000"}, {"fiscalDateEnding": "2005-09-30", "reportedCurrency": "USD", "grossProfit": "1401153000", "totalRevenue": "6369300000", "costOfRevenue": "4968147000", "costofGoodsAndServicesSold": "4968147000", "operatingIncome": "780615000", "sellingGeneralAndAdministrative": "2528000000", "researchAndDevelopment": "10500000", "operatingExpenses": "620538000", "investmentIncomeNet": "None", "netInterestIncome": "None", "interestIncome": "None", "interestExpense": "0", "nonInterestIncome": "None", "otherNonOperatingIncome": "None", "depreciation": "None", "depreciationAndAmortization": "377304000", "incomeBeforeTax": "796347000", "incomeTaxExpense": "301977000", "interestAndDebtExpense": "None", "netIncomeFromContinuingOperations": "None", "comprehensiveIncomeNetOfTax": "None", "ebit": "780615000", "ebitda": "1157919000", "netIncome": "494370000"}], "quarterlyReports": [{"fiscalDateEnding": "2024-12-31", "reportedCurrency": "USD", "grossProfit": "2301100000", "totalRevenue": "9397800000", "costOfRevenue": "7096700000", "costofGoodsAndServicesSold": "7096700000", "operatingIncome": "1121700000", "sellingGeneralAndAdministrative": "665800000", "researchAndDevelopment": "None", "operatingExpenses": "1309300000", "investmentIncomeNet": "None", "netInterestIncome": "-99400000", "interestIncome": "27800000", "interestExpense": "127200000", "nonInterestIncome": "None", "otherNonOperatingIncome": "None", "depreciation": "None", "depreciationAndAmortization": "432200000", "incomeBeforeTax": "1022300000", "incomeTaxExpense": "241400000", "interestAndDebtExpense": "None", "netIncomeFromContinuingOperations": "780900000", "comprehensiveIncomeNetOfTax": "None", "ebit": "1149500000", "ebitda": "1581700000", "netIncome": "780800000"}, {"fiscalDateEnding": "2024-09-30", "reportedCurrency": "USD", "grossProfit": "2381700000", "totalRevenue": "9073900000", "costOfRevenue": "6692200000", "costofGoodsAndServicesSold": "6692200000", "operatingIncome": "1306900000", "sellingGeneralAndAdministrative": "644700000", "researchAndDevelopment": "None", "operatingExpenses": "1074800000", "investmentIncomeNet": "None", "netInterestIncome": "-113200000", "interestIncome": "26800000", "interestExpense": "140000000", "nonInterestIncome": "None", "otherNonOperatingIncome": "None", "depreciation": "None", "depreciationAndAmortization": "401400000", "incomeBeforeTax": "1193700000", "incomeTaxExpense": "284100000", "interestAndDebtExpense": "None", "netIncomeFromContinuingOperations": "909600000", "comprehensiveIncomeNetOfTax": "None", "ebit": "1333700000", "ebitda": "1735100000", "netIncome": "909200000"}, {"fiscalDateEnding": "2024-06-30", "reportedCurrency": "USD", "grossProfit": "2543900000", "totalRevenue": "9113900000", "costOfRevenue": "6570000000", "costofGoodsAndServicesSold": "6570000000", "operatingIncome": "1517500000", "sellingGeneralAndAdministrative": "576000000", "researchAndDevelopment": "None", "operatingExpenses": "1026400000", "investmentIncomeNet": "None", "netInterestIncome": "-113200000", "interestIncome": "28100000", "interestExpense": "141300000", "nonInterestIncome": "None", "otherNonOperatingIncome": "None", "depreciation": "None", "depreciationAndAmortization": "407400000", "incomeBeforeTax": "1404300000", "incomeTaxExpense": "348600000", "interestAndDebtExpense": "None", "netIncomeFromContinuingOperations": "1055700000", "comprehensiveIncomeNetOfTax": "None", "ebit": "1545600000", "ebitda": "1953000000", "netIncome": "1054800000"}, {"fiscalDateEnding": "2024-03-31", "reportedCurrency": "USD", "grossProfit": "2190200000", "totalRevenue": "8563000000", "costOfRevenue": "6372800000", "costofGoodsAndServicesSold": "6372800000", "operatingIncome": "1098900000", "sellingGeneralAndAdministrative": "654600000", "researchAndDevelopment": "None", "operatingExpenses": "1091300000", "investmentIncomeNet": "None", "netInterestIncome": "-106500000", "interestIncome": "34100000", "interestExpense": "140600000", "nonInterestIncome": "None", "otherNonOperatingIncome": "None", "depreciation": "None", "depreciationAndAmortization": "399200000", "incomeBeforeTax": "992400000", "incomeTaxExpense": "219900000", "interestAndDebtExpense": "None", "netIncomeFromContinuingOperations": "772500000", "comprehensiveIncomeNetOfTax": "None", "ebit": "1133000000", "ebitda": "1532200000", "netIncome": "772400000"}, {"fiscalDateEnding": "2023-12-31", "reportedCurrency": "USD", "grossProfit": "2593200000", "totalRevenue": "9425300000", "costOfRevenue": "6832100000", "costofGoodsAndServicesSold": "6832100000", "operatingIncome": "1485400000", "sellingGeneralAndAdministrative": "648000000", "researchAndDevelopment": "None", "operatingExpenses": "1107800000", "investmentIncomeNet": "None", "netInterestIncome": "-106300000", "interestIncome": "33800000", "interestExpense": "140100000", "nonInterestIncome": "None", "otherNonOperatingIncome": "None", "depreciation": "None", "depreciationAndAmortization": "384400000", "incomeBeforeTax": "1379100000", "incomeTaxExpense": "354700000", "interestAndDebtExpense": "None", "netIncomeFromContinuingOperations": "1024400000", "comprehensiveIncomeNetOfTax": "None", "ebit": "1519200000", "ebitda": "1903600000", "netIncome": "1024400000"}, {"fiscalDateEnding": "2023-09-30", "reportedCurrency": "USD", "grossProfit": "2719200000", "totalRevenue": "9373600000", "costOfRevenue": "6654400000", "costofGoodsAndServicesSold": "6654400000", "operatingIncome": "1706200000", "sellingGeneralAndAdministrative": "635700000", "researchAndDevelopment": "None", "operatingExpenses": "1013000000", "investmentIncomeNet": "None", "netInterestIncome": "-113100000", "interestIncome": "30100000", "interestExpense": "143200000", "nonInterestIncome": "None", "otherNonOperatingIncome": "None", "depreciation": "None", "depreciationAndAmortization": "376500000", "incomeBeforeTax": "1593100000", "incomeTaxExpense": "373800000", "interestAndDebtExpense": "None", "netIncomeFromContinuingOperations": "1219300000", "comprehensiveIncomeNetOfTax": "None", "ebit": "1736300000", "ebitda": "2112800000", "netIncome": "1219300000"}, {"fiscalDateEnding": "2023-06-30", "reportedCurrency": "USD", "grossProfit": "2606500000", "totalRevenue": "9168300000", "costOfRevenue": "6561800000", "costofGoodsAndServicesSold": "6561800000", "operatingIncome": "1583900000", "sellingGeneralAndAdministrative": "604300000", "researchAndDevelopment": "None", "operatingExpenses": "1022600000", "investmentIncomeNet": "None", "netInterestIncome": "-119600000", "interestIncome": "21300000", "interestExpense": "140900000", "nonInterestIncome": "None", "otherNonOperatingIncome": "21300000", "depreciation": "None", "depreciationAndAmortization": "364500000", "incomeBeforeTax": "1464300000", "incomeTaxExpense": "322400000", "interestAndDebtExpense": "None", "netIncomeFromContinuingOperations": "1141900000", "comprehensiveIncomeNetOfTax": "None", "ebit": "1605200000", "ebitda": "1969700000", "netIncome": "1141700000"}, {"fiscalDateEnding": "2023-03-31", "reportedCurrency": "USD", "grossProfit": "2282100000", "totalRevenue": "8719800000", "costOfRevenue": "6437700000", "costofGoodsAndServicesSold": "6437700000", "operatingIncome": "1327500000", "sellingGeneralAndAdministrative": "620400000", "researchAndDevelopment": "None", "operatingExpenses": "954600000", "investmentIncomeNet": "None", "netInterestIncome": "-117900000", "interestIncome": "18400000", "interestExpense": "136300000", "nonInterestIncome": "None", "otherNonOperatingIncome": "18400000", "depreciation": "None", "depreciationAndAmortization": "366800000", "incomeBeforeTax": "1209600000", "incomeTaxExpense": "301300000", "interestAndDebtExpense": "None", "netIncomeFromContinuingOperations": "908300000", "comprehensiveIncomeNetOfTax": "None", "ebit": "1345900000", "ebitda": "1712700000", "netIncome": "908300000"}, {"fiscalDateEnding": "2022-12-31", "reportedCurrency": "USD", "grossProfit": "2238400000", "totalRevenue": "8713900000", "costOfRevenue": "6475500000", "costofGoodsAndServicesSold": "6475500000", "operatingIncome": "1253100000", "sellingGeneralAndAdministrative": "580900000", "researchAndDevelopment": "None", "operatingExpenses": "985300000", "investmentIncomeNet": "None", "netInterestIncome": "-118100000", "interestIncome": "11600000", "interestExpense": "129700000", "nonInterestIncome": "None", "otherNonOperatingIncome": "11600000", "depreciation": "None", "depreciationAndAmortization": "342500000", "incomeBeforeTax": "1135000000", "incomeTaxExpense": "279800000", "interestAndDebtExpense": "None", "netIncomeFromContinuingOperations": "855200000", "comprehensiveIncomeNetOfTax": "None", "ebit": "1264700000", "ebitda": "1607200000", "netIncome": "855200000"}, {"fiscalDateEnding": "2022-09-30", "reportedCurrency": "USD", "grossProfit": "2158500000", "totalRevenue": "8414200000", "costOfRevenue": "6255700000", "costofGoodsAndServicesSold": "6255700000", "operatingIncome": "1195500000", "sellingGeneralAndAdministrative": "538000000", "researchAndDevelopment": "None", "operatingExpenses": "963000000", "investmentIncomeNet": "None", "netInterestIncome": "-94300000", "interestIncome": "31000000", "interestExpense": "125300000", "nonInterestIncome": "None", "otherNonOperatingIncome": "31000000", "depreciation": "None", "depreciationAndAmortization": "360400000", "incomeBeforeTax": "1101200000", "incomeTaxExpense": "222600000", "interestAndDebtExpense": "None", "netIncomeFromContinuingOperations": "878500000", "comprehensiveIncomeNetOfTax": "None", "ebit": "1226500000", "ebitda": "1586900000", "netIncome": "878300000"}, {"fiscalDateEnding": "2022-06-30", "reportedCurrency": "USD", "grossProfit": "2234000000", "totalRevenue": "8150100000", "costOfRevenue": "5916100000", "costofGoodsAndServicesSold": "5916100000", "operatingIncome": "1295500000", "sellingGeneralAndAdministrative": "486700000", "researchAndDevelopment": "None", "operatingExpenses": "938500000", "investmentIncomeNet": "None", "netInterestIncome": "-103300000", "interestIncome": "19800000", "interestExpense": "123100000", "nonInterestIncome": "None", "otherNonOperatingIncome": "19800000", "depreciation": "None", "depreciationAndAmortization": "391300000", "incomeBeforeTax": "1192200000", "incomeTaxExpense": "278500000", "interestAndDebtExpense": "None", "netIncomeFromContinuingOperations": "913700000", "comprehensiveIncomeNetOfTax": "None", "ebit": "1315300000", "ebitda": "1706600000", "netIncome": "912900000"}, {"fiscalDateEnding": "2022-03-31", "reportedCurrency": "USD", "grossProfit": "1855100000", "totalRevenue": "7635600000", "costOfRevenue": "5780500000", "costofGoodsAndServicesSold": "5780500000", "operatingIncome": "948900000", "sellingGeneralAndAdministrative": "481500000", "researchAndDevelopment": "None", "operatingExpenses": "906200000", "investmentIncomeNet": "None", "netInterestIncome": "-72800000", "interestIncome": "46300000", "interestExpense": "119100000", "nonInterestIncome": "None", "otherNonOperatingIncome": "46300000", "depreciation": "None", "depreciationAndAmortization": "391300000", "incomeBeforeTax": "876100000", "incomeTaxExpense": "201100000", "interestAndDebtExpense": "None", "netIncomeFromContinuingOperations": "675000000", "comprehensiveIncomeNetOfTax": "None", "ebit": "995200000", "ebitda": "1386500000", "netIncome": "674500000"}, {"fiscalDateEnding": "2021-12-31", "reportedCurrency": "USD", "grossProfit": "2123500000", "totalRevenue": "8050400000", "costOfRevenue": "5926900000", "costofGoodsAndServicesSold": "5926900000", "operatingIncome": "1177800000", "sellingGeneralAndAdministrative": "525800000", "researchAndDevelopment": "None", "operatingExpenses": "945700000", "investmentIncomeNet": "None", "netInterestIncome": "-115400000", "interestIncome": "None", "interestExpense": "115400000", "nonInterestIncome": "None", "otherNonOperatingIncome": "-100000", "depreciation": "None", "depreciationAndAmortization": "386400000", "incomeBeforeTax": "1062400000", "incomeTaxExpense": "246300000", "interestAndDebtExpense": "None", "netIncomeFromContinuingOperations": "816100000", "comprehensiveIncomeNetOfTax": "None", "ebit": "1177800000", "ebitda": "1564200000", "netIncome": "815900000"}, {"fiscalDateEnding": "2021-09-30", "reportedCurrency": "USD", "grossProfit": "2382200000", "totalRevenue": "8146700000", "costOfRevenue": "5764500000", "costofGoodsAndServicesSold": "5764500000", "operatingIncome": "1482200000", "sellingGeneralAndAdministrative": "501200000", "researchAndDevelopment": "None", "operatingExpenses": "900000000", "investmentIncomeNet": "None", "netInterestIncome": "-99100000", "interestIncome": "21500000", "interestExpense": "120600000", "nonInterestIncome": "None", "otherNonOperatingIncome": "885800000", "depreciation": "None", "depreciationAndAmortization": "377900000", "incomeBeforeTax": "2247600000", "incomeTaxExpense": "483000000", "interestAndDebtExpense": "None", "netIncomeFromContinuingOperations": "1764600000", "comprehensiveIncomeNetOfTax": "None", "ebit": "2368200000", "ebitda": "2746100000", "netIncome": "1764400000"}, {"fiscalDateEnding": "2021-06-30", "reportedCurrency": "USD", "grossProfit": "2323600000", "totalRevenue": "7496500000", "costOfRevenue": "5172900000", "costofGoodsAndServicesSold": "5172900000", "operatingIncome": "1488700000", "sellingGeneralAndAdministrative": "494900000", "researchAndDevelopment": "None", "operatingExpenses": "834900000", "investmentIncomeNet": "None", "netInterestIncome": "-77400000", "interestIncome": "36000000", "interestExpense": "113400000", "nonInterestIncome": "None", "otherNonOperatingIncome": "36000000", "depreciation": "None", "depreciationAndAmortization": "373300000", "incomeBeforeTax": "1411300000", "incomeTaxExpense": "257100000", "interestAndDebtExpense": "None", "netIncomeFromContinuingOperations": "1154200000", "comprehensiveIncomeNetOfTax": "None", "ebit": "1524700000", "ebitda": "1898000000", "netIncome": "1153400000"}, {"fiscalDateEnding": "2021-03-31", "reportedCurrency": "USD", "grossProfit": "1852300000", "totalRevenue": "6668000000", "costOfRevenue": "4815700000", "costofGoodsAndServicesSold": "4815700000", "operatingIncome": "987600000", "sellingGeneralAndAdministrative": "464400000", "researchAndDevelopment": "None", "operatingExpenses": "864700000", "investmentIncomeNet": "None", "netInterestIncome": "-97700000", "interestIncome": "17300000", "interestExpense": "115000000", "nonInterestIncome": "None", "otherNonOperatingIncome": "17300000", "depreciation": "None", "depreciationAndAmortization": "384500000", "incomeBeforeTax": "889900000", "incomeTaxExpense": "230500000", "interestAndDebtExpense": "None", "netIncomeFromContinuingOperations": "659400000", "comprehensiveIncomeNetOfTax": "None", "ebit": "1004900000", "ebitda": "1389400000", "netIncome": "659400000"}, {"fiscalDateEnding": "2020-12-31", "reportedCurrency": "USD", "grossProfit": "1833000000", "totalRevenue": "6749400000", "costOfRevenue": "4916400000", "costofGoodsAndServicesSold": "4916400000", "operatingIncome": "913500000", "sellingGeneralAndAdministrative": "472100000", "researchAndDevelopment": "None", "operatingExpenses": "919500000", "investmentIncomeNet": "None", "netInterestIncome": "-105200000", "interestIncome": "15500000", "interestExpense": "120700000", "nonInterestIncome": "None", "otherNonOperatingIncome": "15500000", "depreciation": "None", "depreciationAndAmortization": "388400000", "incomeBeforeTax": "808300000", "incomeTaxExpense": "186100000", "interestAndDebtExpense": "None", "netIncomeFromContinuingOperations": "622200000", "comprehensiveIncomeNetOfTax": "None", "ebit": "929000000", "ebitda": "1317400000", "netIncome": "622200000"}, {"fiscalDateEnding": "2020-09-30", "reportedCurrency": "USD", "grossProfit": "1543100000", "totalRevenue": "6203100000", "costOfRevenue": "4660000000", "costofGoodsAndServicesSold": "4660000000", "operatingIncome": "558300000", "sellingGeneralAndAdministrative": "439000000", "researchAndDevelopment": "None", "operatingExpenses": "984800000", "investmentIncomeNet": "None", "netInterestIncome": "-115900000", "interestIncome": "9000000", "interestExpense": "124900000", "nonInterestIncome": "None", "otherNonOperatingIncome": "9100000", "depreciation": "None", "depreciationAndAmortization": "379200000", "incomeBeforeTax": "442400000", "incomeTaxExpense": "49700000", "interestAndDebtExpense": "None", "netIncomeFromContinuingOperations": "392700000", "comprehensiveIncomeNetOfTax": "None", "ebit": "567300000", "ebitda": "946500000", "netIncome": "392600000"}, {"fiscalDateEnding": "2020-06-30", "reportedCurrency": "USD", "grossProfit": "200300000", "totalRevenue": "4222100000", "costOfRevenue": "4021800000", "costofGoodsAndServicesSold": "4021800000", "operatingIncome": "-703900000", "sellingGeneralAndAdministrative": "399900000", "researchAndDevelopment": "None", "operatingExpenses": "904200000", "investmentIncomeNet": "None", "netInterestIncome": "-108100000", "interestIncome": "12700000", "interestExpense": "120800000", "nonInterestIncome": "None", "otherNonOperatingIncome": "12700000", "depreciation": "None", "depreciationAndAmortization": "377100000", "incomeBeforeTax": "-812000000", "incomeTaxExpense": "-133900000", "interestAndDebtExpense": "None", "netIncomeFromContinuingOperations": "-678100000", "comprehensiveIncomeNetOfTax": "None", "ebit": "-691200000", "ebitda": "-314100000", "netIncome": "-678400000"}, {"fiscalDateEnding": "2020-03-31", "reportedCurrency": "USD", "grossProfit": "1276600000", "totalRevenue": "5995700000", "costOfRevenue": "4719100000", "costofGoodsAndServicesSold": "4719100000", "operatingIncome": "487400000", "sellingGeneralAndAdministrative": "406500000", "researchAndDevelopment": "None", "operatingExpenses": "789200000", "investmentIncomeNet": "None", "netInterestIncome": "-97200000", "interestIncome": "2000000", "interestExpense": "99200000", "nonInterestIncome": "None", "otherNonOperatingIncome": "2000000", "depreciation": "None", "depreciationAndAmortization": "377700000", "incomeBeforeTax": "390200000", "incomeTaxExpense": "65400000", "interestAndDebtExpense": "None", "netIncomeFromContinuingOperations": "324800000", "comprehensiveIncomeNetOfTax": "None", "ebit": "489400000", "ebitda": "867100000", "netIncome": "328400000"}, {"fiscalDateEnding": "2019-12-31", "reportedCurrency": "USD", "grossProfit": "2039200000", "totalRevenue": "7097100000", "costOfRevenue": "5057900000", "costofGoodsAndServicesSold": "5057900000", "operatingIncome": "1219800000", "sellingGeneralAndAdministrative": "434200000", "researchAndDevelopment": "None", "operatingExpenses": "819400000", "investmentIncomeNet": "None", "netInterestIncome": "-76000000", "interestIncome": "15900000", "interestExpense": "91900000", "nonInterestIncome": "None", "otherNonOperatingIncome": "15900000", "depreciation": "None", "depreciationAndAmortization": "369200000", "incomeBeforeTax": "1143800000", "incomeTaxExpense": "258500000", "interestAndDebtExpense": "None", "netIncomeFromContinuingOperations": "885300000", "comprehensiveIncomeNetOfTax": "None", "ebit": "1235700000", "ebitda": "1604900000", "netIncome": "885700000"}, {"fiscalDateEnding": "2019-09-30", "reportedCurrency": "USD", "grossProfit": "1858800000", "totalRevenue": "6747000000", "costOfRevenue": "4888200000", "costofGoodsAndServicesSold": "4888200000", "operatingIncome": "1083300000", "sellingGeneralAndAdministrative": "404900000", "researchAndDevelopment": "None", "operatingExpenses": "775500000", "investmentIncomeNet": "None", "netInterestIncome": "-79400000", "interestIncome": "16300000", "interestExpense": "95700000", "nonInterestIncome": "None", "otherNonOperatingIncome": "16300000", "depreciation": "None", "depreciationAndAmortization": "365700000", "incomeBeforeTax": "1003900000", "incomeTaxExpense": "201500000", "interestAndDebtExpense": "None", "netIncomeFromContinuingOperations": "802400000", "comprehensiveIncomeNetOfTax": "None", "ebit": "1099600000", "ebitda": "1465300000", "netIncome": "802800000"}, {"fiscalDateEnding": "2019-06-30", "reportedCurrency": "USD", "grossProfit": "1980200000", "totalRevenue": "6823000000", "costOfRevenue": "4842800000", "costofGoodsAndServicesSold": "4842800000", "operatingIncome": "1121300000", "sellingGeneralAndAdministrative": "459700000", "researchAndDevelopment": "None", "operatingExpenses": "858900000", "investmentIncomeNet": "None", "netInterestIncome": "-46200000", "interestIncome": "40200000", "interestExpense": "86400000", "nonInterestIncome": "None", "otherNonOperatingIncome": "642000000", "depreciation": "None", "depreciationAndAmortization": "360100000", "incomeBeforeTax": "1676900000", "incomeTaxExpense": "303700000", "interestAndDebtExpense": "None", "netIncomeFromContinuingOperations": "1373200000", "comprehensiveIncomeNetOfTax": "None", "ebit": "1763300000", "ebitda": "2123400000", "netIncome": "1372800000"}, {"fiscalDateEnding": "2019-03-31", "reportedCurrency": "USD", "grossProfit": "1739800000", "totalRevenue": "6305900000", "costOfRevenue": "4566100000", "costofGoodsAndServicesSold": "4566100000", "operatingIncome": "857700000", "sellingGeneralAndAdministrative": "458100000", "researchAndDevelopment": "None", "operatingExpenses": "882100000", "investmentIncomeNet": "None", "netInterestIncome": "-58700000", "interestIncome": "15200000", "interestExpense": "73900000", "nonInterestIncome": "None", "otherNonOperatingIncome": "36200000", "depreciation": "None", "depreciationAndAmortization": "372700000", "incomeBeforeTax": "820000000", "incomeTaxExpense": "161200000", "interestAndDebtExpense": "None", "netIncomeFromContinuingOperations": "658800000", "comprehensiveIncomeNetOfTax": "None", "ebit": "893900000", "ebitda": "1266600000", "netIncome": "663200000"}, {"fiscalDateEnding": "2018-12-31", "reportedCurrency": "USD", "grossProfit": "1870100000", "totalRevenue": "6632700000", "costOfRevenue": "4762600000", "costofGoodsAndServicesSold": "4762600000", "operatingIncome": "1015700000", "sellingGeneralAndAdministrative": "448000000", "researchAndDevelopment": "0", "operatingExpenses": "854400000", "investmentIncomeNet": "None", "netInterestIncome": "None", "interestIncome": "None", "interestExpense": "75000000", "nonInterestIncome": "None", "otherNonOperatingIncome": "24800000", "depreciation": "None", "depreciationAndAmortization": "350800000", "incomeBeforeTax": "965500000", "incomeTaxExpense": "205100000", "interestAndDebtExpense": "None", "netIncomeFromContinuingOperations": "760400000", "comprehensiveIncomeNetOfTax": "None", "ebit": "1040500000", "ebitda": "1391300000", "netIncome": "760600000"}, {"fiscalDateEnding": "2018-09-30", "reportedCurrency": "USD", "grossProfit": "1861200000", "totalRevenue": "6303600000", "costOfRevenue": "4442400000", "costofGoodsAndServicesSold": "4442400000", "operatingIncome": "956400000", "sellingGeneralAndAdministrative": "505400000", "researchAndDevelopment": "0", "operatingExpenses": "904800000", "investmentIncomeNet": "None", "netInterestIncome": "None", "interestIncome": "None", "interestExpense": "63900000", "nonInterestIncome": "None", "otherNonOperatingIncome": "39100000", "depreciation": "None", "depreciationAndAmortization": "344400000", "incomeBeforeTax": "931600000", "incomeTaxExpense": "175500000", "interestAndDebtExpense": "None", "netIncomeFromContinuingOperations": "756100000", "comprehensiveIncomeNetOfTax": "None", "ebit": "995500000", "ebitda": "1339900000", "netIncome": "755500000"}, {"fiscalDateEnding": "2018-06-30", "reportedCurrency": "USD", "grossProfit": "1931900000", "totalRevenue": "6310300000", "costOfRevenue": "4378400000", "costofGoodsAndServicesSold": "4378400000", "operatingIncome": "1038200000", "sellingGeneralAndAdministrative": "485900000", "researchAndDevelopment": "0", "operatingExpenses": "893700000", "investmentIncomeNet": "None", "netInterestIncome": "None", "interestIncome": "None", "interestExpense": "45400000", "nonInterestIncome": "None", "otherNonOperatingIncome": "34000000", "depreciation": "None", "depreciationAndAmortization": "343900000", "incomeBeforeTax": "1026800000", "incomeTaxExpense": "174800000", "interestAndDebtExpense": "None", "netIncomeFromContinuingOperations": "852000000", "comprehensiveIncomeNetOfTax": "None", "ebit": "1072200000", "ebitda": "1416100000", "netIncome": "852500000"}, {"fiscalDateEnding": "2018-03-31", "reportedCurrency": "USD", "grossProfit": "1727500000", "totalRevenue": "6031800000", "costOfRevenue": "4304300000", "costofGoodsAndServicesSold": "4304300000", "operatingIncome": "772500000", "sellingGeneralAndAdministrative": "420600000", "researchAndDevelopment": "0", "operatingExpenses": "955000000", "investmentIncomeNet": "None", "netInterestIncome": "None", "interestIncome": "None", "interestExpense": "35100000", "nonInterestIncome": "None", "otherNonOperatingIncome": "78200000", "depreciation": "None", "depreciationAndAmortization": "345200000", "incomeBeforeTax": "815600000", "incomeTaxExpense": "155800000", "interestAndDebtExpense": "None", "netIncomeFromContinuingOperations": "659800000", "comprehensiveIncomeNetOfTax": "None", "ebit": "850700000", "ebitda": "1195900000", "netIncome": "660100000"}, {"fiscalDateEnding": "2017-12-31", "reportedCurrency": "USD", "grossProfit": "1835000000", "totalRevenue": "6073700000", "costOfRevenue": "4238700000", "costofGoodsAndServicesSold": "4238700000", "operatingIncome": "1116100000", "sellingGeneralAndAdministrative": "392400000", "researchAndDevelopment": "0", "operatingExpenses": "718900000", "investmentIncomeNet": "None", "netInterestIncome": "None", "interestIncome": "None", "interestExpense": "25900000", "nonInterestIncome": "None", "otherNonOperatingIncome": "1915700000", "depreciation": "None", "depreciationAndAmortization": "272400000", "incomeBeforeTax": "3005900000", "incomeTaxExpense": "755800000", "interestAndDebtExpense": "None", "netIncomeFromContinuingOperations": "2250100000", "comprehensiveIncomeNetOfTax": "None", "ebit": "3031800000", "ebitda": "3304200000", "netIncome": "2250200000"}, {"fiscalDateEnding": "2017-09-30", "reportedCurrency": "USD", "grossProfit": "1705600000", "totalRevenue": "5698300000", "costOfRevenue": "3992700000", "costofGoodsAndServicesSold": "3992700000", "operatingIncome": "1022600000", "sellingGeneralAndAdministrative": "385100000", "researchAndDevelopment": "0", "operatingExpenses": "683000000", "investmentIncomeNet": "None", "netInterestIncome": "None", "interestIncome": "None", "interestExpense": "22300000", "nonInterestIncome": "None", "otherNonOperatingIncome": "151600000", "depreciation": "None", "depreciationAndAmortization": "270700000", "incomeBeforeTax": "1151900000", "incomeTaxExpense": "362500000", "interestAndDebtExpense": "None", "netIncomeFromContinuingOperations": "789300000", "comprehensiveIncomeNetOfTax": "None", "ebit": "1174200000", "ebitda": "1444900000", "netIncome": "788600000"}, {"fiscalDateEnding": "2017-06-30", "reportedCurrency": "USD", "grossProfit": "1783500000", "totalRevenue": "5661500000", "costOfRevenue": "3878000000", "costofGoodsAndServicesSold": "3878000000", "operatingIncome": "1044200000", "sellingGeneralAndAdministrative": "325000000", "researchAndDevelopment": "0", "operatingExpenses": "739300000", "investmentIncomeNet": "None", "netInterestIncome": "None", "interestIncome": "None", "interestExpense": "23500000", "nonInterestIncome": "None", "otherNonOperatingIncome": "31700000", "depreciation": "None", "depreciationAndAmortization": "266600000", "incomeBeforeTax": "1052400000", "incomeTaxExpense": "361100000", "interestAndDebtExpense": "None", "netIncomeFromContinuingOperations": "691300000", "comprehensiveIncomeNetOfTax": "None", "ebit": "1075900000", "ebitda": "1342500000", "netIncome": "691600000"}, {"fiscalDateEnding": "2017-03-31", "reportedCurrency": "USD", "grossProfit": "1566400000", "totalRevenue": "5294000000", "costOfRevenue": "3727600000", "costofGoodsAndServicesSold": "3727600000", "operatingIncome": "935400000", "sellingGeneralAndAdministrative": "326800000", "researchAndDevelopment": "0", "operatingExpenses": "631000000", "investmentIncomeNet": "None", "netInterestIncome": "None", "interestIncome": "None", "interestExpense": "22900000", "nonInterestIncome": "None", "otherNonOperatingIncome": "67900000", "depreciation": "None", "depreciationAndAmortization": "266600000", "incomeBeforeTax": "980400000", "incomeTaxExpense": "327600000", "interestAndDebtExpense": "None", "netIncomeFromContinuingOperations": "652800000", "comprehensiveIncomeNetOfTax": "None", "ebit": "1003300000", "ebitda": "1269900000", "netIncome": "652800000"}, {"fiscalDateEnding": "2016-12-31", "reportedCurrency": "USD", "grossProfit": "1799700000", "totalRevenue": "5732900000", "costOfRevenue": "3933200000", "costofGoodsAndServicesSold": "3933200000", "operatingIncome": "1132600000", "sellingGeneralAndAdministrative": "356400000", "researchAndDevelopment": "0", "operatingExpenses": "667100000", "investmentIncomeNet": "None", "netInterestIncome": "None", "interestIncome": "None", "interestExpense": "23800000", "nonInterestIncome": "None", "otherNonOperatingIncome": "24100000", "depreciation": "None", "depreciationAndAmortization": "263200000", "incomeBeforeTax": "1132900000", "incomeTaxExpense": "381400000", "interestAndDebtExpense": "None", "netIncomeFromContinuingOperations": "751500000", "comprehensiveIncomeNetOfTax": "None", "ebit": "1156700000", "ebitda": "1419900000", "netIncome": "751800000"}, {"fiscalDateEnding": "2016-09-30", "reportedCurrency": "USD", "grossProfit": "1894700000", "totalRevenue": "5711200000", "costOfRevenue": "3816500000", "costofGoodsAndServicesSold": "3816500000", "operatingIncome": "1227400000", "sellingGeneralAndAdministrative": "401200000", "researchAndDevelopment": "0", "operatingExpenses": "667300000", "investmentIncomeNet": "None", "netInterestIncome": "None", "interestIncome": "None", "interestExpense": "24700000", "nonInterestIncome": "None", "otherNonOperatingIncome": "12500000", "depreciation": "None", "depreciationAndAmortization": "261900000", "incomeBeforeTax": "1215200000", "incomeTaxExpense": "413500000", "interestAndDebtExpense": "None", "netIncomeFromContinuingOperations": "801700000", "comprehensiveIncomeNetOfTax": "None", "ebit": "1239900000", "ebitda": "1501800000", "netIncome": "800900000"}, {"fiscalDateEnding": "2016-06-30", "reportedCurrency": "USD", "grossProfit": "1648300000", "totalRevenue": "5238000000", "costOfRevenue": "3589700000", "costofGoodsAndServicesSold": "3589700000", "operatingIncome": "1022300000", "sellingGeneralAndAdministrative": "323400000", "researchAndDevelopment": "0", "operatingExpenses": "626000000", "investmentIncomeNet": "None", "netInterestIncome": "None", "interestIncome": "None", "interestExpense": "21800000", "nonInterestIncome": "None", "otherNonOperatingIncome": "72900000", "depreciation": "None", "depreciationAndAmortization": "258900000", "incomeBeforeTax": "1073400000", "incomeTaxExpense": "318900000", "interestAndDebtExpense": "None", "netIncomeFromContinuingOperations": "754500000", "comprehensiveIncomeNetOfTax": "None", "ebit": "1095200000", "ebitda": "1354100000", "netIncome": "754100000"}, {"fiscalDateEnding": "2016-03-31", "reportedCurrency": "USD", "grossProfit": "1516500000", "totalRevenue": "4993200000", "costOfRevenue": "3476700000", "costofGoodsAndServicesSold": "3476700000", "operatingIncome": "864200000", "sellingGeneralAndAdministrative": "330500000", "researchAndDevelopment": "0", "operatingExpenses": "652300000", "investmentIncomeNet": "None", "netInterestIncome": "None", "interestIncome": "None", "interestExpense": "18300000", "nonInterestIncome": "None", "otherNonOperatingIncome": "14500000", "depreciation": "None", "depreciationAndAmortization": "262000000", "incomeBeforeTax": "860400000", "incomeTaxExpense": "285400000", "interestAndDebtExpense": "None", "netIncomeFromContinuingOperations": "575000000", "comprehensiveIncomeNetOfTax": "None", "ebit": "878700000", "ebitda": "1140700000", "netIncome": "575100000"}, {"fiscalDateEnding": "2015-12-31", "reportedCurrency": "USD", "grossProfit": "1681100000", "totalRevenue": "5373500000", "costOfRevenue": "3692400000", "costofGoodsAndServicesSold": "3692400000", "operatingIncome": "1058000000", "sellingGeneralAndAdministrative": "305500000", "researchAndDevelopment": "0", "operatingExpenses": "623100000", "investmentIncomeNet": "None", "netInterestIncome": "None", "interestIncome": "None", "interestExpense": "16500000", "nonInterestIncome": "None", "otherNonOperatingIncome": "8100000", "depreciation": "None", "depreciationAndAmortization": "247300000", "incomeBeforeTax": "1049600000", "incomeTaxExpense": "361900000", "interestAndDebtExpense": "None", "netIncomeFromContinuingOperations": "687700000", "comprehensiveIncomeNetOfTax": "None", "ebit": "1066100000", "ebitda": "1313400000", "netIncome": "687600000"}, {"fiscalDateEnding": "2015-09-30", "reportedCurrency": "USD", "grossProfit": "1553600000", "totalRevenue": "4914800000", "costOfRevenue": "3361200000", "costofGoodsAndServicesSold": "3361200000", "operatingIncome": "969400000", "sellingGeneralAndAdministrative": "303900000", "researchAndDevelopment": "0", "operatingExpenses": "584200000", "investmentIncomeNet": "None", "netInterestIncome": "None", "interestIncome": "None", "interestExpense": "18200000", "nonInterestIncome": "None", "otherNonOperatingIncome": "-54600000", "depreciation": "None", "depreciationAndAmortization": "240500000", "incomeBeforeTax": "896500000", "incomeTaxExpense": "244000000", "interestAndDebtExpense": "None", "netIncomeFromContinuingOperations": "652700000", "comprehensiveIncomeNetOfTax": "None", "ebit": "914700000", "ebitda": "1155200000", "netIncome": "652500000"}, {"fiscalDateEnding": "2015-06-30", "reportedCurrency": "USD", "grossProfit": "1534900000", "totalRevenue": "4881200000", "costOfRevenue": "3346300000", "costofGoodsAndServicesSold": "3346300000", "operatingIncome": "938600000", "sellingGeneralAndAdministrative": "288500000", "researchAndDevelopment": "0", "operatingExpenses": "596300000", "investmentIncomeNet": "None", "netInterestIncome": "None", "interestIncome": "None", "interestExpense": "19100000", "nonInterestIncome": "None", "otherNonOperatingIncome": "25500000", "depreciation": "None", "depreciationAndAmortization": "249100000", "incomeBeforeTax": "945000000", "incomeTaxExpense": "318500000", "interestAndDebtExpense": "None", "netIncomeFromContinuingOperations": "626500000", "comprehensiveIncomeNetOfTax": "None", "ebit": "964100000", "ebitda": "1213200000", "netIncome": "626700000"}, {"fiscalDateEnding": "2015-03-31", "reportedCurrency": "USD", "grossProfit": "1379100000", "totalRevenue": "4563500000", "costOfRevenue": "3184400000", "costofGoodsAndServicesSold": "3184400000", "operatingIncome": "777500000", "sellingGeneralAndAdministrative": "305900000", "researchAndDevelopment": "0", "operatingExpenses": "601600000", "investmentIncomeNet": "None", "netInterestIncome": "None", "interestIncome": "None", "interestExpense": "16900000", "nonInterestIncome": "None", "otherNonOperatingIncome": "1300000", "depreciation": "None", "depreciationAndAmortization": "227900000", "incomeBeforeTax": "761900000", "incomeTaxExpense": "266300000", "interestAndDebtExpense": "None", "netIncomeFromContinuingOperations": "495600000", "comprehensiveIncomeNetOfTax": "None", "ebit": "778800000", "ebitda": "1006700000", "netIncome": "494900000"}, {"fiscalDateEnding": "2014-12-31", "reportedCurrency": "USD", "grossProfit": "1496500000", "totalRevenue": "4803200000", "costOfRevenue": "3306700000", "costofGoodsAndServicesSold": "3306700000", "operatingIncome": "915500000", "sellingGeneralAndAdministrative": "298400000", "researchAndDevelopment": "0", "operatingExpenses": "581000000", "investmentIncomeNet": "None", "netInterestIncome": "None", "interestIncome": "None", "interestExpense": "16300000", "nonInterestIncome": "None", "otherNonOperatingIncome": "400300000", "depreciation": "None", "depreciationAndAmortization": "216300000", "incomeBeforeTax": "1299500000", "incomeTaxExpense": "315000000", "interestAndDebtExpense": "None", "netIncomeFromContinuingOperations": "984500000", "comprehensiveIncomeNetOfTax": "None", "ebit": "1315800000", "ebitda": "1532100000", "netIncome": "983100000"}, {"fiscalDateEnding": "2014-09-30", "reportedCurrency": "USD", "grossProfit": "1305500000", "totalRevenue": "4180700000", "costOfRevenue": "2875200000", "costofGoodsAndServicesSold": "2875200000", "operatingIncome": "854800000", "sellingGeneralAndAdministrative": "238700000", "researchAndDevelopment": "0", "operatingExpenses": "450700000", "investmentIncomeNet": "None", "netInterestIncome": "None", "interestIncome": "None", "interestExpense": "16400000", "nonInterestIncome": "None", "otherNonOperatingIncome": "85700000", "depreciation": "None", "depreciationAndAmortization": "194400000", "incomeBeforeTax": "924100000", "incomeTaxExpense": "336600000", "interestAndDebtExpense": "None", "netIncomeFromContinuingOperations": "587600000", "comprehensiveIncomeNetOfTax": "None", "ebit": "940500000", "ebitda": "1134900000", "netIncome": "587800000"}, {"fiscalDateEnding": "2014-06-30", "reportedCurrency": "USD", "grossProfit": "1265700000", "totalRevenue": "4153700000", "costOfRevenue": "2888000000", "costofGoodsAndServicesSold": "2888000000", "operatingIncome": "768500000", "sellingGeneralAndAdministrative": "269400000", "researchAndDevelopment": "0", "operatingExpenses": "497200000", "investmentIncomeNet": "None", "netInterestIncome": "None", "interestIncome": "None", "interestExpense": "16400000", "nonInterestIncome": "None", "otherNonOperatingIncome": "19400000", "depreciation": "None", "depreciationAndAmortization": "189800000", "incomeBeforeTax": "771500000", "incomeTaxExpense": "259000000", "interestAndDebtExpense": "None", "netIncomeFromContinuingOperations": "512500000", "comprehensiveIncomeNetOfTax": "None", "ebit": "787900000", "ebitda": "977700000", "netIncome": "512600000"}, {"fiscalDateEnding": "2014-03-31", "reportedCurrency": "USD", "grossProfit": "1110100000", "totalRevenue": "3873800000", "costOfRevenue": "2763700000", "costofGoodsAndServicesSold": "2763700000", "operatingIncome": "644100000", "sellingGeneralAndAdministrative": "240600000", "researchAndDevelopment": "0", "operatingExpenses": "466000000", "investmentIncomeNet": "None", "netInterestIncome": "None", "interestIncome": "None", "interestExpense": "16700000", "nonInterestIncome": "None", "otherNonOperatingIncome": "17800000", "depreciation": "None", "depreciationAndAmortization": "184100000", "incomeBeforeTax": "645200000", "incomeTaxExpense": "218300000", "interestAndDebtExpense": "None", "netIncomeFromContinuingOperations": "426900000", "comprehensiveIncomeNetOfTax": "None", "ebit": "661900000", "ebitda": "846000000", "netIncome": "427000000"}, {"fiscalDateEnding": "2013-12-31", "reportedCurrency": "USD", "grossProfit": "1269400000", "totalRevenue": "4239600000", "costOfRevenue": "2970200000", "costofGoodsAndServicesSold": "2970200000", "operatingIncome": "813500000", "sellingGeneralAndAdministrative": "242600000", "researchAndDevelopment": "0", "operatingExpenses": "455900000", "investmentIncomeNet": "None", "netInterestIncome": "None", "interestIncome": "None", "interestExpense": "14500000", "nonInterestIncome": "None", "otherNonOperatingIncome": "19800000", "depreciation": "None", "depreciationAndAmortization": "180100000", "incomeBeforeTax": "818800000", "incomeTaxExpense": "278100000", "interestAndDebtExpense": "None", "netIncomeFromContinuingOperations": "540700000", "comprehensiveIncomeNetOfTax": "None", "ebit": "833300000", "ebitda": "1013400000", "netIncome": "540700000"}, {"fiscalDateEnding": "2013-09-30", "reportedCurrency": "USD", "grossProfit": "1087400000", "totalRevenue": "3795000000", "costOfRevenue": "2707600000", "costofGoodsAndServicesSold": "2707600000", "operatingIncome": "-2115300000", "sellingGeneralAndAdministrative": "226200000", "researchAndDevelopment": "0", "operatingExpenses": "3202700000", "investmentIncomeNet": "None", "netInterestIncome": "None", "interestIncome": "None", "interestExpense": "9100000", "nonInterestIncome": "None", "otherNonOperatingIncome": "72200000", "depreciation": "None", "depreciationAndAmortization": "176300000", "incomeBeforeTax": "-2052200000", "incomeTaxExpense": "-820100000", "interestAndDebtExpense": "None", "netIncomeFromContinuingOperations": "-1232600000", "comprehensiveIncomeNetOfTax": "None", "ebit": "-2043100000", "ebitda": "-1866800000", "netIncome": "-1232000000"}, {"fiscalDateEnding": "2013-06-30", "reportedCurrency": "USD", "grossProfit": "1053600000", "totalRevenue": "3735300000", "costOfRevenue": "2681700000", "costofGoodsAndServicesSold": "2681700000", "operatingIncome": "615200000", "sellingGeneralAndAdministrative": "249600000", "researchAndDevelopment": "0", "operatingExpenses": "438400000", "investmentIncomeNet": "None", "netInterestIncome": "None", "interestIncome": "None", "interestExpense": "6300000", "nonInterestIncome": "None", "otherNonOperatingIncome": "3500000", "depreciation": "None", "depreciationAndAmortization": "161200000", "incomeBeforeTax": "612400000", "incomeTaxExpense": "194600000", "interestAndDebtExpense": "None", "netIncomeFromContinuingOperations": "417800000", "comprehensiveIncomeNetOfTax": "None", "ebit": "618700000", "ebitda": "779900000", "netIncome": "417800000"}, {"fiscalDateEnding": "2013-03-31", "reportedCurrency": "USD", "grossProfit": "980800000", "totalRevenue": "3549600000", "costOfRevenue": "2568800000", "costofGoodsAndServicesSold": "2568800000", "operatingIncome": "544100000", "sellingGeneralAndAdministrative": "230300000", "researchAndDevelopment": "0", "operatingExpenses": "436700000", "investmentIncomeNet": "None", "netInterestIncome": "None", "interestIncome": "None", "interestExpense": "6100000", "nonInterestIncome": "None", "otherNonOperatingIncome": "50800000", "depreciation": "None", "depreciationAndAmortization": "161300000", "incomeBeforeTax": "588800000", "incomeTaxExpense": "198100000", "interestAndDebtExpense": "None", "netIncomeFromContinuingOperations": "390700000", "comprehensiveIncomeNetOfTax": "None", "ebit": "594900000", "ebitda": "756200000", "netIncome": "390400000"}, {"fiscalDateEnding": "2012-12-31", "reportedCurrency": "USD", "grossProfit": "1083000000", "totalRevenue": "3793200000", "costOfRevenue": "2710200000", "costofGoodsAndServicesSold": "2710200000", "operatingIncome": "630600000", "sellingGeneralAndAdministrative": "231900000", "researchAndDevelopment": "0", "operatingExpenses": "452400000", "investmentIncomeNet": "None", "netInterestIncome": "None", "interestIncome": "None", "interestExpense": "9500000", "nonInterestIncome": "None", "otherNonOperatingIncome": "-2900000", "depreciation": "None", "depreciationAndAmortization": "156800000", "incomeBeforeTax": "621100000", "incomeTaxExpense": "188700000", "interestAndDebtExpense": "None", "netIncomeFromContinuingOperations": "432400000", "comprehensiveIncomeNetOfTax": "None", "ebit": "630600000", "ebitda": "787400000", "netIncome": "432200000"}, {"fiscalDateEnding": "2012-09-30", "reportedCurrency": "USD", "grossProfit": "1904900000", "totalRevenue": "3364100000", "costOfRevenue": "1459200000", "costofGoodsAndServicesSold": "1459200000", "operatingIncome": "519500000", "sellingGeneralAndAdministrative": "1193600000", "researchAndDevelopment": "0", "operatingExpenses": "1385400000", "investmentIncomeNet": "None", "netInterestIncome": "None", "interestIncome": "None", "interestExpense": "6500000", "nonInterestIncome": "None", "otherNonOperatingIncome": "26200000", "depreciation": "None", "depreciationAndAmortization": "152900000", "incomeBeforeTax": "539200000", "incomeTaxExpense": "180200000", "interestAndDebtExpense": "None", "netIncomeFromContinuingOperations": "359100000", "comprehensiveIncomeNetOfTax": "None", "ebit": "545700000", "ebitda": "698600000", "netIncome": "358700000"}, {"fiscalDateEnding": "2012-06-30", "reportedCurrency": "USD", "grossProfit": "881500000", "totalRevenue": "3303600000", "costOfRevenue": "2422100000", "costofGoodsAndServicesSold": "2422100000", "operatingIncome": "491600000", "sellingGeneralAndAdministrative": "199000000", "researchAndDevelopment": "0", "operatingExpenses": "389900000", "investmentIncomeNet": "None", "netInterestIncome": "None", "interestIncome": "None", "interestExpense": "8900000", "nonInterestIncome": "None", "otherNonOperatingIncome": "9700000", "depreciation": "None", "depreciationAndAmortization": "139800000", "incomeBeforeTax": "492400000", "incomeTaxExpense": "159100000", "interestAndDebtExpense": "None", "netIncomeFromContinuingOperations": "333300000", "comprehensiveIncomeNetOfTax": "None", "ebit": "501300000", "ebitda": "641100000", "netIncome": "333100000"}, {"fiscalDateEnding": "2012-03-31", "reportedCurrency": "USD", "grossProfit": "827500000", "totalRevenue": "3195900000", "costOfRevenue": "2368400000", "costofGoodsAndServicesSold": "2368400000", "operatingIncome": "430400000", "sellingGeneralAndAdministrative": "206900000", "researchAndDevelopment": "0", "operatingExpenses": "397100000", "investmentIncomeNet": "None", "netInterestIncome": "None", "interestIncome": "None", "interestExpense": "8800000", "nonInterestIncome": "None", "otherNonOperatingIncome": "35300000", "depreciation": "None", "depreciationAndAmortization": "144300000", "incomeBeforeTax": "456900000", "incomeTaxExpense": "146800000", "interestAndDebtExpense": "None", "netIncomeFromContinuingOperations": "310100000", "comprehensiveIncomeNetOfTax": "None", "ebit": "465700000", "ebitda": "610000000", "netIncome": "309900000"}, {"fiscalDateEnding": "2011-12-31", "reportedCurrency": "USD", "grossProfit": "944100000", "totalRevenue": "3435900000", "costOfRevenue": "2491800000", "costofGoodsAndServicesSold": "2491800000", "operatingIncome": "556000000", "sellingGeneralAndAdministrative": "191500000", "researchAndDevelopment": "0", "operatingExpenses": "388100000", "investmentIncomeNet": "None", "netInterestIncome": "None", "interestIncome": "None", "interestExpense": "8600000", "nonInterestIncome": "None", "otherNonOperatingIncome": "23200000", "depreciation": "None", "depreciationAndAmortization": "143600000", "incomeBeforeTax": "570600000", "incomeTaxExpense": "188400000", "interestAndDebtExpense": "None", "netIncomeFromContinuingOperations": "382200000", "comprehensiveIncomeNetOfTax": "None", "ebit": "579200000", "ebitda": "722800000", "netIncome": "382100000"}, {"fiscalDateEnding": "2011-09-30", "reportedCurrency": "USD", "grossProfit": "1709300000", "totalRevenue": "3031700000", "costOfRevenue": "1322400000", "costofGoodsAndServicesSold": "1322400000", "operatingIncome": "565100000", "sellingGeneralAndAdministrative": "1115200000", "researchAndDevelopment": "15000000", "operatingExpenses": "1144200000", "investmentIncomeNet": "None", "netInterestIncome": "None", "interestIncome": "None", "interestExpense": "9800000", "nonInterestIncome": "None", "otherNonOperatingIncome": "80000000", "depreciation": "None", "depreciationAndAmortization": "141800000", "incomeBeforeTax": "504000000", "incomeTaxExpense": "145900000", "interestAndDebtExpense": "None", "netIncomeFromContinuingOperations": "372600000", "comprehensiveIncomeNetOfTax": "None", "ebit": "513800000", "ebitda": "655600000", "netIncome": "358300000"}, {"fiscalDateEnding": "2011-06-30", "reportedCurrency": "USD", "grossProfit": "1694700000", "totalRevenue": "2932200000", "costOfRevenue": "1237500000", "costofGoodsAndServicesSold": "1237500000", "operatingIncome": "402200000", "sellingGeneralAndAdministrative": "161800000", "researchAndDevelopment": "0", "operatingExpenses": "1292500000", "investmentIncomeNet": "None", "netInterestIncome": "None", "interestIncome": "None", "interestExpense": "8500000", "nonInterestIncome": "None", "otherNonOperatingIncome": "16000000", "depreciation": "None", "depreciationAndAmortization": "136600000", "incomeBeforeTax": "409700000", "incomeTaxExpense": "129900000", "interestAndDebtExpense": "None", "netIncomeFromContinuingOperations": "279800000", "comprehensiveIncomeNetOfTax": "None", "ebit": "418200000", "ebitda": "554800000", "netIncome": "279100000"}, {"fiscalDateEnding": "2011-03-31", "reportedCurrency": "USD", "grossProfit": "1614500000", "totalRevenue": "2785700000", "costOfRevenue": "1171200000", "costofGoodsAndServicesSold": "1171200000", "operatingIncome": "376100000", "sellingGeneralAndAdministrative": "1048800000", "researchAndDevelopment": "0", "operatingExpenses": "1238400000", "investmentIncomeNet": "None", "netInterestIncome": "None", "interestIncome": "None", "interestExpense": "7100000", "nonInterestIncome": "None", "otherNonOperatingIncome": "19900000", "depreciation": "None", "depreciationAndAmortization": "136300000", "incomeBeforeTax": "388900000", "incomeTaxExpense": "126500000", "interestAndDebtExpense": "None", "netIncomeFromContinuingOperations": "262400000", "comprehensiveIncomeNetOfTax": "None", "ebit": "396000000", "ebitda": "532300000", "netIncome": "261600000"}, {"fiscalDateEnding": "2010-12-31", "reportedCurrency": "USD", "grossProfit": "1758500000", "totalRevenue": "2950800000", "costOfRevenue": "1192300000", "costofGoodsAndServicesSold": "1192300000", "operatingIncome": "501900000", "sellingGeneralAndAdministrative": "1073200000", "researchAndDevelopment": "0", "operatingExpenses": "1256600000", "investmentIncomeNet": "None", "netInterestIncome": "None", "interestIncome": "None", "interestExpense": "7900000", "nonInterestIncome": "None", "otherNonOperatingIncome": "None", "depreciation": "None", "depreciationAndAmortization": "135300000", "incomeBeforeTax": "508400000", "incomeTaxExpense": "160800000", "interestAndDebtExpense": "None", "netIncomeFromContinuingOperations": "333200000", "comprehensiveIncomeNetOfTax": "None", "ebit": "516300000", "ebitda": "651600000", "netIncome": "346600000"}, {"fiscalDateEnding": "2010-09-30", "reportedCurrency": "USD", "grossProfit": "1665400000", "totalRevenue": "2838000000", "costOfRevenue": "1172600000", "costofGoodsAndServicesSold": "1172600000", "operatingIncome": "399300000", "sellingGeneralAndAdministrative": "1099300000", "researchAndDevelopment": "9000000", "operatingExpenses": "1266100000", "investmentIncomeNet": "None", "netInterestIncome": "None", "interestIncome": "None", "interestExpense": "8600000", "nonInterestIncome": "None", "otherNonOperatingIncome": "None", "depreciation": "None", "depreciationAndAmortization": "136300000", "incomeBeforeTax": "412600000", "incomeTaxExpense": "134100000", "interestAndDebtExpense": "None", "netIncomeFromContinuingOperations": "256600000", "comprehensiveIncomeNetOfTax": "None", "ebit": "421200000", "ebitda": "557500000", "netIncome": "278900000"}, {"fiscalDateEnding": "2010-06-30", "reportedCurrency": "USD", "grossProfit": "1535800000", "totalRevenue": "2612000000", "costOfRevenue": "1076200000", "costofGoodsAndServicesSold": "1076200000", "operatingIncome": "291400000", "sellingGeneralAndAdministrative": "1021600000", "researchAndDevelopment": "0", "operatingExpenses": "1244400000", "investmentIncomeNet": "None", "netInterestIncome": "None", "interestIncome": "None", "interestExpense": "9300000", "nonInterestIncome": "None", "otherNonOperatingIncome": "None", "depreciation": "None", "depreciationAndAmortization": "132000000", "incomeBeforeTax": "318400000", "incomeTaxExpense": "109900000", "interestAndDebtExpense": "None", "netIncomeFromContinuingOperations": "209900000", "comprehensiveIncomeNetOfTax": "None", "ebit": "327700000", "ebitda": "459700000", "netIncome": "207900000"}, {"fiscalDateEnding": "2010-03-31", "reportedCurrency": "USD", "grossProfit": "1470600000", "totalRevenue": "2534700000", "costOfRevenue": "1064100000", "costofGoodsAndServicesSold": "1064100000", "operatingIncome": "339800000", "sellingGeneralAndAdministrative": "967000000", "researchAndDevelopment": "0", "operatingExpenses": "1130800000", "investmentIncomeNet": "None", "netInterestIncome": "None", "interestIncome": "None", "interestExpense": "8000000", "nonInterestIncome": "None", "otherNonOperatingIncome": "None", "depreciation": "None", "depreciationAndAmortization": "134300000", "incomeBeforeTax": "336500000", "incomeTaxExpense": "118700000", "interestAndDebtExpense": "None", "netIncomeFromContinuingOperations": "213100000", "comprehensiveIncomeNetOfTax": "None", "ebit": "344500000", "ebitda": "478800000", "netIncome": "217300000"}, {"fiscalDateEnding": "2009-12-31", "reportedCurrency": "USD", "grossProfit": "1577000000", "totalRevenue": "2722700000", "costOfRevenue": "1145700000", "costofGoodsAndServicesSold": "1145700000", "operatingIncome": "352600000", "sellingGeneralAndAdministrative": "1033000000", "researchAndDevelopment": "0", "operatingExpenses": "1224400000", "investmentIncomeNet": "None", "netInterestIncome": "None", "interestIncome": "None", "interestExpense": "8200000", "nonInterestIncome": "None", "otherNonOperatingIncome": "None", "depreciation": "None", "depreciationAndAmortization": "138200000", "incomeBeforeTax": "369500000", "incomeTaxExpense": "126000000", "interestAndDebtExpense": "None", "netIncomeFromContinuingOperations": "218400000", "comprehensiveIncomeNetOfTax": "None", "ebit": "377700000", "ebitda": "515900000", "netIncome": "241500000"}, {"fiscalDateEnding": "2009-09-30", "reportedCurrency": "USD", "grossProfit": "1381000000", "totalRevenue": "2422200000", "costOfRevenue": "1041200000", "costofGoodsAndServicesSold": "1041200000", "operatingIncome": "199400000", "sellingGeneralAndAdministrative": "980700000", "researchAndDevelopment": "6500000", "operatingExpenses": "1181600000", "investmentIncomeNet": "None", "netInterestIncome": "None", "interestIncome": "None", "interestExpense": "8600000", "nonInterestIncome": "None", "otherNonOperatingIncome": "None", "depreciation": "None", "depreciationAndAmortization": "140100000", "incomeBeforeTax": "208700000", "incomeTaxExpense": "58700000", "interestAndDebtExpense": "None", "netIncomeFromContinuingOperations": "0", "comprehensiveIncomeNetOfTax": "None", "ebit": "217300000", "ebitda": "357400000", "netIncome": "150000000"}, {"fiscalDateEnding": "2009-06-30", "reportedCurrency": "USD", "grossProfit": "1360500000", "totalRevenue": "2403900000", "costOfRevenue": "1043400000", "costofGoodsAndServicesSold": "1043400000", "operatingIncome": "204000000", "sellingGeneralAndAdministrative": "931700000", "researchAndDevelopment": "0", "operatingExpenses": "1156500000", "investmentIncomeNet": "None", "netInterestIncome": "None", "interestIncome": "None", "interestExpense": "8600000", "nonInterestIncome": "None", "otherNonOperatingIncome": "None", "depreciation": "None", "depreciationAndAmortization": "141000000", "incomeBeforeTax": "214000000", "incomeTaxExpense": "65800000", "interestAndDebtExpense": "None", "netIncomeFromContinuingOperations": "129600000", "comprehensiveIncomeNetOfTax": "None", "ebit": "222600000", "ebitda": "363600000", "netIncome": "151500000"}, {"fiscalDateEnding": "2009-03-31", "reportedCurrency": "USD", "grossProfit": "1289800000", "totalRevenue": "2333300000", "costOfRevenue": "1043500000", "costofGoodsAndServicesSold": "1043500000", "operatingIncome": "40900000", "sellingGeneralAndAdministrative": "923900000", "researchAndDevelopment": "0", "operatingExpenses": "1248900000", "investmentIncomeNet": "None", "netInterestIncome": "None", "interestIncome": "None", "interestExpense": "8900000", "nonInterestIncome": "None", "otherNonOperatingIncome": "None", "depreciation": "None", "depreciationAndAmortization": "141200000", "incomeBeforeTax": "35000000", "incomeTaxExpense": "9900000", "interestAndDebtExpense": "None", "netIncomeFromContinuingOperations": "0", "comprehensiveIncomeNetOfTax": "None", "ebit": "43900000", "ebitda": "185100000", "netIncome": "25000000"}, {"fiscalDateEnding": "2008-12-31", "reportedCurrency": "USD", "grossProfit": "1418400000", "totalRevenue": "2615200000", "costOfRevenue": "1196800000", "costofGoodsAndServicesSold": "1196800000", "operatingIncome": "117700000", "sellingGeneralAndAdministrative": "1041800000", "researchAndDevelopment": "0", "operatingExpenses": "1300700000", "investmentIncomeNet": "None", "netInterestIncome": "None", "interestIncome": "None", "interestExpense": "13000000", "nonInterestIncome": "None", "otherNonOperatingIncome": "None", "depreciation": "None", "depreciationAndAmortization": "141000000", "incomeBeforeTax": "98700000", "incomeTaxExpense": "34000000", "interestAndDebtExpense": "None", "netIncomeFromContinuingOperations": "0", "comprehensiveIncomeNetOfTax": "None", "ebit": "111700000", "ebitda": "252700000", "netIncome": "64300000"}, {"fiscalDateEnding": "2008-09-30", "reportedCurrency": "USD", "grossProfit": "-2419200000", "totalRevenue": "2515400000", "costOfRevenue": "4934600000", "costofGoodsAndServicesSold": "4934600000", "operatingIncome": "14200000", "sellingGeneralAndAdministrative": "1028800000", "researchAndDevelopment": "7200000", "operatingExpenses": "-2433400000", "investmentIncomeNet": "None", "netInterestIncome": "None", "interestIncome": "None", "interestExpense": "13000000", "nonInterestIncome": "None", "otherNonOperatingIncome": "None", "depreciation": "None", "depreciationAndAmortization": "173100000", "incomeBeforeTax": "-1200000", "incomeTaxExpense": "-6600000", "interestAndDebtExpense": "None", "netIncomeFromContinuingOperations": "0", "comprehensiveIncomeNetOfTax": "None", "ebit": "113400000", "ebitda": "286500000", "netIncome": "5400000"}, {"fiscalDateEnding": "2008-06-30", "reportedCurrency": "USD", "grossProfit": "1410900000", "totalRevenue": "2574000000", "costOfRevenue": "1163100000", "costofGoodsAndServicesSold": "1163100000", "operatingIncome": "-21600000", "sellingGeneralAndAdministrative": "1074400000", "researchAndDevelopment": "0", "operatingExpenses": "1432500000", "investmentIncomeNet": "None", "netInterestIncome": "None", "interestIncome": "None", "interestExpense": "12000000", "nonInterestIncome": "None", "otherNonOperatingIncome": "None", "depreciation": "None", "depreciationAndAmortization": "145300000", "incomeBeforeTax": "33200000", "incomeTaxExpense": "-26500000", "interestAndDebtExpense": "None", "netIncomeFromContinuingOperations": "0", "comprehensiveIncomeNetOfTax": "None", "ebit": "146100000", "ebitda": "291400000", "netIncome": "-6700000"}, {"fiscalDateEnding": "2008-03-31", "reportedCurrency": "USD", "grossProfit": "409400000", "totalRevenue": "2526000000", "costOfRevenue": "2116600000", "costofGoodsAndServicesSold": "2116600000", "operatingIncome": "178200000", "sellingGeneralAndAdministrative": "1044700000", "researchAndDevelopment": "0", "operatingExpenses": "231200000", "investmentIncomeNet": "None", "netInterestIncome": "None", "interestIncome": "None", "interestExpense": "11000000", "nonInterestIncome": "None", "otherNonOperatingIncome": "None", "depreciation": "None", "depreciationAndAmortization": "146300000", "incomeBeforeTax": "167200000", "incomeTaxExpense": "58500000", "interestAndDebtExpense": "None", "netIncomeFromContinuingOperations": "0", "comprehensiveIncomeNetOfTax": "None", "ebit": "178200000", "ebitda": "324500000", "netIncome": "108700000"}, {"fiscalDateEnding": "2007-12-31", "reportedCurrency": "USD", "grossProfit": "1581600000", "totalRevenue": "2767600000", "costOfRevenue": "1186000000", "costofGoodsAndServicesSold": "1186000000", "operatingIncome": "333100000", "sellingGeneralAndAdministrative": "1053200000", "researchAndDevelopment": "0", "operatingExpenses": "1248500000", "investmentIncomeNet": "None", "netInterestIncome": "None", "interestIncome": "None", "interestExpense": "17000000", "nonInterestIncome": "None", "otherNonOperatingIncome": "None", "depreciation": "None", "depreciationAndAmortization": "139800000", "incomeBeforeTax": "326700000", "incomeTaxExpense": "118600000", "interestAndDebtExpense": "None", "netIncomeFromContinuingOperations": "0", "comprehensiveIncomeNetOfTax": "None", "ebit": "333100000", "ebitda": "472900000", "netIncome": "208100000"}, {"fiscalDateEnding": "2007-09-30", "reportedCurrency": "USD", "grossProfit": "756242000", "totalRevenue": "2440935000", "costOfRevenue": "1684693000", "costofGoodsAndServicesSold": "1684693000", "operatingIncome": "248033000", "sellingGeneralAndAdministrative": "422528000", "researchAndDevelopment": "7000000", "operatingExpenses": "508209000", "investmentIncomeNet": "None", "netInterestIncome": "None", "interestIncome": "None", "interestExpense": "13700000", "nonInterestIncome": "None", "otherNonOperatingIncome": "None", "depreciation": "None", "depreciationAndAmortization": "130406000", "incomeBeforeTax": "246846000", "incomeTaxExpense": "88343000", "interestAndDebtExpense": "None", "netIncomeFromContinuingOperations": "0", "comprehensiveIncomeNetOfTax": "None", "ebit": "248033000", "ebitda": "378439000", "netIncome": "158503000"}, {"fiscalDateEnding": "2007-06-30", "reportedCurrency": "USD", "grossProfit": "459645000", "totalRevenue": "2359245000", "costOfRevenue": "1899600000", "costofGoodsAndServicesSold": "1899600000", "operatingIncome": "245214000", "sellingGeneralAndAdministrative": "938700000", "researchAndDevelopment": "0", "operatingExpenses": "214431000", "investmentIncomeNet": "None", "netInterestIncome": "None", "interestIncome": "None", "interestExpense": "3606000", "nonInterestIncome": "None", "otherNonOperatingIncome": "None", "depreciation": "None", "depreciationAndAmortization": "125572000", "incomeBeforeTax": "242973000", "incomeTaxExpense": "84630000", "interestAndDebtExpense": "None", "netIncomeFromContinuingOperations": "0", "comprehensiveIncomeNetOfTax": "None", "ebit": "245214000", "ebitda": "370786000", "netIncome": "158343000"}, {"fiscalDateEnding": "2007-03-31", "reportedCurrency": "USD", "grossProfit": "455900000", "totalRevenue": "2255600000", "costOfRevenue": "1799700000", "costofGoodsAndServicesSold": "1799700000", "operatingIncome": "241000000", "sellingGeneralAndAdministrative": "907100000", "researchAndDevelopment": "0", "operatingExpenses": "214900000", "investmentIncomeNet": "None", "netInterestIncome": "None", "interestIncome": "None", "interestExpense": "600000", "nonInterestIncome": "None", "otherNonOperatingIncome": "None", "depreciation": "None", "depreciationAndAmortization": "119578000", "incomeBeforeTax": "240300000", "incomeTaxExpense": "89500000", "interestAndDebtExpense": "None", "netIncomeFromContinuingOperations": "0", "comprehensiveIncomeNetOfTax": "None", "ebit": "241000000", "ebitda": "360578000", "netIncome": "150800000"}, {"fiscalDateEnding": "2006-12-31", "reportedCurrency": "USD", "grossProfit": "1370900000", "totalRevenue": "2355700000", "costOfRevenue": "984800000", "costofGoodsAndServicesSold": "984800000", "operatingIncome": "319700000", "sellingGeneralAndAdministrative": "115228000", "researchAndDevelopment": "0", "operatingExpenses": "1051200000", "investmentIncomeNet": "None", "netInterestIncome": "None", "interestIncome": "None", "interestExpense": "3900000", "nonInterestIncome": "None", "otherNonOperatingIncome": "None", "depreciation": "None", "depreciationAndAmortization": "116335000", "incomeBeforeTax": "326200000", "incomeTaxExpense": "121200000", "interestAndDebtExpense": "None", "netIncomeFromContinuingOperations": "0", "comprehensiveIncomeNetOfTax": "None", "ebit": "319700000", "ebitda": "436035000", "netIncome": "205000000"}, {"fiscalDateEnding": "2006-09-30", "reportedCurrency": "USD", "grossProfit": "386777000", "totalRevenue": "2003355000", "costOfRevenue": "1616578000", "costofGoodsAndServicesSold": "1616578000", "operatingIncome": "197638000", "sellingGeneralAndAdministrative": "835000000", "researchAndDevelopment": "6500000", "operatingExpenses": "189139000", "investmentIncomeNet": "None", "netInterestIncome": "None", "interestIncome": "None", "interestExpense": "3900000", "nonInterestIncome": "None", "otherNonOperatingIncome": "None", "depreciation": "None", "depreciationAndAmortization": "109785000", "incomeBeforeTax": "201490000", "incomeTaxExpense": "66987000", "interestAndDebtExpense": "None", "netIncomeFromContinuingOperations": "0", "comprehensiveIncomeNetOfTax": "None", "ebit": "197638000", "ebitda": "307423000", "netIncome": "117289000"}, {"fiscalDateEnding": "2006-06-30", "reportedCurrency": "USD", "grossProfit": "402704000", "totalRevenue": "1963673000", "costOfRevenue": "1560969000", "costofGoodsAndServicesSold": "1560969000", "operatingIncome": "214573000", "sellingGeneralAndAdministrative": "801900000", "researchAndDevelopment": "0", "operatingExpenses": "188131000", "investmentIncomeNet": "None", "netInterestIncome": "None", "interestIncome": "None", "interestExpense": "5000000", "nonInterestIncome": "None", "otherNonOperatingIncome": "None", "depreciation": "None", "depreciationAndAmortization": "105011000", "incomeBeforeTax": "219601000", "incomeTaxExpense": "74103000", "interestAndDebtExpense": "None", "netIncomeFromContinuingOperations": "0", "comprehensiveIncomeNetOfTax": "None", "ebit": "214573000", "ebitda": "319584000", "netIncome": "145498000"}, {"fiscalDateEnding": "2006-03-31", "reportedCurrency": "USD", "grossProfit": "396028000", "totalRevenue": "1885822000", "costOfRevenue": "1489794000", "costofGoodsAndServicesSold": "1489794000", "operatingIncome": "201894000", "sellingGeneralAndAdministrative": "784900000", "researchAndDevelopment": "0", "operatingExpenses": "194134000", "investmentIncomeNet": "None", "netInterestIncome": "None", "interestIncome": "None", "interestExpense": "3100000", "nonInterestIncome": "None", "otherNonOperatingIncome": "None", "depreciation": "None", "depreciationAndAmortization": "101553000", "incomeBeforeTax": "204957000", "incomeTaxExpense": "77641000", "interestAndDebtExpense": "None", "netIncomeFromContinuingOperations": "0", "comprehensiveIncomeNetOfTax": "None", "ebit": "201894000", "ebitda": "303447000", "netIncome": "127316000"}, {"fiscalDateEnding": "2005-12-31", "reportedCurrency": "USD", "grossProfit": "474740000", "totalRevenue": "1934092000", "costOfRevenue": "1459352000", "costofGoodsAndServicesSold": "1459352000", "operatingIncome": "279847000", "sellingGeneralAndAdministrative": "745500000", "researchAndDevelopment": "0", "operatingExpenses": "194893000", "investmentIncomeNet": "None", "netInterestIncome": "None", "interestIncome": "None", "interestExpense": "3500000", "nonInterestIncome": "None", "otherNonOperatingIncome": "None", "depreciation": "None", "depreciationAndAmortization": "98289000", "incomeBeforeTax": "280195000", "incomeTaxExpense": "106039000", "interestAndDebtExpense": "None", "netIncomeFromContinuingOperations": "0", "comprehensiveIncomeNetOfTax": "None", "ebit": "279847000", "ebitda": "378136000", "netIncome": "174156000"}, {"fiscalDateEnding": "2005-09-30", "reportedCurrency": "USD", "grossProfit": "356470000", "totalRevenue": "1659241000", "costOfRevenue": "1302771000", "costofGoodsAndServicesSold": "1302771000", "operatingIncome": "196396000", "sellingGeneralAndAdministrative": "666900000", "researchAndDevelopment": "10500000", "operatingExpenses": "160074000", "investmentIncomeNet": "None", "netInterestIncome": "None", "interestIncome": "None", "interestExpense": "3500000", "nonInterestIncome": "None", "otherNonOperatingIncome": "None", "depreciation": "None", "depreciationAndAmortization": "86164000", "incomeBeforeTax": "199854000", "incomeTaxExpense": "76251000", "interestAndDebtExpense": "None", "netIncomeFromContinuingOperations": "0", "comprehensiveIncomeNetOfTax": "None", "ebit": "198707000", "ebitda": "284871000", "netIncome": "123603000"}, {"fiscalDateEnding": "2005-06-30", "reportedCurrency": "USD", "grossProfit": "357496000", "totalRevenue": "1601799000", "costOfRevenue": "1244303000", "costofGoodsAndServicesSold": "1244303000", "operatingIncome": "199632000", "sellingGeneralAndAdministrative": "636600000", "researchAndDevelopment": "0", "operatingExpenses": "157864000", "investmentIncomeNet": "None", "netInterestIncome": "None", "interestIncome": "None", "interestExpense": "3200000", "nonInterestIncome": "None", "otherNonOperatingIncome": "None", "depreciation": "None", "depreciationAndAmortization": "94074000", "incomeBeforeTax": "202867000", "incomeTaxExpense": "77292000", "interestAndDebtExpense": "None", "netIncomeFromContinuingOperations": "0", "comprehensiveIncomeNetOfTax": "None", "ebit": "199632000", "ebitda": "293706000", "netIncome": "125575000"}, {"fiscalDateEnding": "2005-03-31", "reportedCurrency": "USD", "grossProfit": "310685000", "totalRevenue": "1518716000", "costOfRevenue": "1208031000", "costofGoodsAndServicesSold": "1208031000", "operatingIncome": "157278000", "sellingGeneralAndAdministrative": "614900000", "researchAndDevelopment": "0", "operatingExpenses": "153407000", "investmentIncomeNet": "None", "netInterestIncome": "None", "interestIncome": "None", "interestExpense": "4000000", "nonInterestIncome": "None", "otherNonOperatingIncome": "None", "depreciation": "None", "depreciationAndAmortization": "98377000", "incomeBeforeTax": "161292000", "incomeTaxExpense": "60831000", "interestAndDebtExpense": "None", "netIncomeFromContinuingOperations": "0", "comprehensiveIncomeNetOfTax": "None", "ebit": "157278000", "ebitda": "255655000", "netIncome": "100461000"}, {"fiscalDateEnding": "2004-12-31", "reportedCurrency": "USD", "grossProfit": "420783000", "totalRevenue": "1589544000", "costOfRevenue": "1168761000", "costofGoodsAndServicesSold": "1168761000", "operatingIncome": "227234000", "sellingGeneralAndAdministrative": "604600000", "researchAndDevelopment": "0", "operatingExpenses": "193549000", "investmentIncomeNet": "None", "netInterestIncome": "None", "interestIncome": "None", "interestExpense": "5100000", "nonInterestIncome": "None", "otherNonOperatingIncome": "None", "depreciation": "None", "depreciationAndAmortization": "88592000", "incomeBeforeTax": "232356000", "incomeTaxExpense": "87603000", "interestAndDebtExpense": "None", "netIncomeFromContinuingOperations": "0", "comprehensiveIncomeNetOfTax": "None", "ebit": "227234000", "ebitda": "315826000", "netIncome": "144753000"}]}