{"symbol": "LII", "annualReports": [{"fiscalDateEnding": "2024-12-31", "reportedCurrency": "USD", "grossProfit": "1771900000", "totalRevenue": "5341300000", "costOfRevenue": "3569400000", "costofGoodsAndServicesSold": "3569400000", "operatingIncome": "1034800000", "sellingGeneralAndAdministrative": "730600000", "researchAndDevelopment": "None", "operatingExpenses": "737100000", "investmentIncomeNet": "None", "netInterestIncome": "-38700000", "interestIncome": "5400000", "interestExpense": "38700000", "nonInterestIncome": "None", "otherNonOperatingIncome": "None", "depreciation": "None", "depreciationAndAmortization": "-3100000", "incomeBeforeTax": "993800000", "incomeTaxExpense": "186900000", "interestAndDebtExpense": "None", "netIncomeFromContinuingOperations": "806900000", "comprehensiveIncomeNetOfTax": "None", "ebit": "1037900000", "ebitda": "1034800000", "netIncome": "806900000"}, {"fiscalDateEnding": "2023-12-31", "reportedCurrency": "USD", "grossProfit": "1547800000", "totalRevenue": "4981900000", "costOfRevenue": "3434100000", "costofGoodsAndServicesSold": "3434100000", "operatingIncome": "790100000", "sellingGeneralAndAdministrative": "682700000", "researchAndDevelopment": "94000000", "operatingExpenses": "705500000", "investmentIncomeNet": "None", "netInterestIncome": "-53000000", "interestIncome": "4300000", "interestExpense": "51700000", "nonInterestIncome": "None", "otherNonOperatingIncome": "None", "depreciation": "None", "depreciationAndAmortization": "86000000", "incomeBeforeTax": "737500000", "incomeTaxExpense": "147400000", "interestAndDebtExpense": "None", "netIncomeFromContinuingOperations": "540000000", "comprehensiveIncomeNetOfTax": "None", "ebit": "790100000", "ebitda": "790100000", "netIncome": "590100000"}, {"fiscalDateEnding": "2022-12-31", "reportedCurrency": "USD", "grossProfit": "1284700000", "totalRevenue": "4718400000", "costOfRevenue": "3433700000", "costofGoodsAndServicesSold": "3433700000", "operatingIncome": "656200000", "sellingGeneralAndAdministrative": "627200000", "researchAndDevelopment": "80300000", "operatingExpenses": "626200000", "investmentIncomeNet": "None", "netInterestIncome": "-38700000", "interestIncome": "38700000", "interestExpense": "38700000", "nonInterestIncome": "None", "otherNonOperatingIncome": "-1900000", "depreciation": "None", "depreciationAndAmortization": "77900000", "incomeBeforeTax": "615800000", "incomeTaxExpense": "118700000", "interestAndDebtExpense": "None", "netIncomeFromContinuingOperations": "497100000", "comprehensiveIncomeNetOfTax": "None", "ebit": "651100000", "ebitda": "729000000", "netIncome": "497100000"}, {"fiscalDateEnding": "2021-12-31", "reportedCurrency": "USD", "grossProfit": "1188400000", "totalRevenue": "4194100000", "costOfRevenue": "3005700000", "costofGoodsAndServicesSold": "3005700000", "operatingIncome": "590300000", "sellingGeneralAndAdministrative": "598900000", "researchAndDevelopment": "76100000", "operatingExpenses": "597400000", "investmentIncomeNet": "None", "netInterestIncome": "-25000000", "interestIncome": "25000000", "interestExpense": "25000000", "nonInterestIncome": "None", "otherNonOperatingIncome": "-4000000", "depreciation": "None", "depreciationAndAmortization": "72400000", "incomeBeforeTax": "560100000", "incomeTaxExpense": "96100000", "interestAndDebtExpense": "None", "netIncomeFromContinuingOperations": "464000000", "comprehensiveIncomeNetOfTax": "None", "ebit": "580100000", "ebitda": "652500000", "netIncome": "464000000"}, {"fiscalDateEnding": "2020-12-31", "reportedCurrency": "USD", "grossProfit": "1040100000", "totalRevenue": "3634100000", "costOfRevenue": "2594000000", "costofGoodsAndServicesSold": "2594000000", "operatingIncome": "478500000", "sellingGeneralAndAdministrative": "555900000", "researchAndDevelopment": "66800000", "operatingExpenses": "553700000", "investmentIncomeNet": "None", "netInterestIncome": "-28300000", "interestIncome": "28300000", "interestExpense": "28300000", "nonInterestIncome": "None", "otherNonOperatingIncome": "-4400000", "depreciation": "None", "depreciationAndAmortization": "72600000", "incomeBeforeTax": "445200000", "incomeTaxExpense": "88100000", "interestAndDebtExpense": "None", "netIncomeFromContinuingOperations": "357100000", "comprehensiveIncomeNetOfTax": "None", "ebit": "481300000", "ebitda": "553900000", "netIncome": "356300000"}, {"fiscalDateEnding": "2019-12-31", "reportedCurrency": "USD", "grossProfit": "1079800000", "totalRevenue": "3807200000", "costOfRevenue": "2727400000", "costofGoodsAndServicesSold": "2727400000", "operatingIncome": "499200000", "sellingGeneralAndAdministrative": "585900000", "researchAndDevelopment": "69900000", "operatingExpenses": "584200000", "investmentIncomeNet": "None", "netInterestIncome": "-47500000", "interestIncome": "1100000", "interestExpense": "47500000", "nonInterestIncome": "None", "otherNonOperatingIncome": "-2300000", "depreciation": "None", "depreciationAndAmortization": "76800000", "incomeBeforeTax": "507900000", "incomeTaxExpense": "99100000", "interestAndDebtExpense": "None", "netIncomeFromContinuingOperations": "408800000", "comprehensiveIncomeNetOfTax": "None", "ebit": "556500000", "ebitda": "633300000", "netIncome": "408700000"}, {"fiscalDateEnding": "2018-12-31", "reportedCurrency": "USD", "grossProfit": "1111200000", "totalRevenue": "3883900000", "costOfRevenue": "2772700000", "costofGoodsAndServicesSold": "2772700000", "operatingIncome": "509500000", "sellingGeneralAndAdministrative": "608200000", "researchAndDevelopment": "72200000", "operatingExpenses": "608200000", "investmentIncomeNet": "None", "netInterestIncome": "-38300000", "interestIncome": "800000", "interestExpense": "38300000", "nonInterestIncome": "None", "otherNonOperatingIncome": "-3300000", "depreciation": "None", "depreciationAndAmortization": "68200000", "incomeBeforeTax": "467900000", "incomeTaxExpense": "107600000", "interestAndDebtExpense": "None", "netIncomeFromContinuingOperations": "360300000", "comprehensiveIncomeNetOfTax": "None", "ebit": "507000000", "ebitda": "575200000", "netIncome": "359000000"}, {"fiscalDateEnding": "2017-12-31", "reportedCurrency": "USD", "grossProfit": "1125200000", "totalRevenue": "3839600000", "costOfRevenue": "2714400000", "costofGoodsAndServicesSold": "2714400000", "operatingIncome": "494500000", "sellingGeneralAndAdministrative": "637700000", "researchAndDevelopment": "73600000", "operatingExpenses": "637700000", "investmentIncomeNet": "None", "netInterestIncome": "-30600000", "interestIncome": "1500000", "interestExpense": "30600000", "nonInterestIncome": "None", "otherNonOperatingIncome": "100000", "depreciation": "None", "depreciationAndAmortization": "66800000", "incomeBeforeTax": "464000000", "incomeTaxExpense": "156900000", "interestAndDebtExpense": "None", "netIncomeFromContinuingOperations": "307100000", "comprehensiveIncomeNetOfTax": "None", "ebit": "496100000", "ebitda": "562900000", "netIncome": "305700000"}, {"fiscalDateEnding": "2016-12-31", "reportedCurrency": "USD", "grossProfit": "1076500000", "totalRevenue": "3641600000", "costOfRevenue": "2565100000", "costofGoodsAndServicesSold": "2565100000", "operatingIncome": "429400000", "sellingGeneralAndAdministrative": "621000000", "researchAndDevelopment": "64599999", "operatingExpenses": "621000000", "investmentIncomeNet": "None", "netInterestIncome": "-27000000", "interestIncome": "1100000", "interestExpense": "27000000", "nonInterestIncome": "None", "otherNonOperatingIncome": "300000", "depreciation": "None", "depreciationAndAmortization": "60000000", "incomeBeforeTax": "402700000", "incomeTaxExpense": "124100000", "interestAndDebtExpense": "None", "netIncomeFromContinuingOperations": "278600000", "comprehensiveIncomeNetOfTax": "None", "ebit": "430800000", "ebitda": "490800000", "netIncome": "277800000"}, {"fiscalDateEnding": "2015-12-31", "reportedCurrency": "USD", "grossProfit": "947400000", "totalRevenue": "3467400000", "costOfRevenue": "2520000000", "costofGoodsAndServicesSold": "2520000000", "operatingIncome": "305400000", "sellingGeneralAndAdministrative": "580500000", "researchAndDevelopment": "62300000", "operatingExpenses": "580500000", "investmentIncomeNet": "None", "netInterestIncome": "None", "interestIncome": "23600000", "interestExpense": "23600000", "nonInterestIncome": "None", "otherNonOperatingIncome": "800000", "depreciation": "None", "depreciationAndAmortization": "62800000", "incomeBeforeTax": "282600000", "incomeTaxExpense": "95400000", "interestAndDebtExpense": "None", "netIncomeFromContinuingOperations": "187200000", "comprehensiveIncomeNetOfTax": "None", "ebit": "360800000", "ebitda": "423600000", "netIncome": "186600000"}, {"fiscalDateEnding": "2014-12-31", "reportedCurrency": "USD", "grossProfit": "903300000", "totalRevenue": "3367400000", "costOfRevenue": "2464100000", "costofGoodsAndServicesSold": "2464100000", "operatingIncome": "334700000", "sellingGeneralAndAdministrative": "573700000", "researchAndDevelopment": "60700000", "operatingExpenses": "573700000", "investmentIncomeNet": "None", "netInterestIncome": "None", "interestIncome": "None", "interestExpense": "17200000", "nonInterestIncome": "None", "otherNonOperatingIncome": "100000", "depreciation": "None", "depreciationAndAmortization": "60800000", "incomeBeforeTax": "317600000", "incomeTaxExpense": "109500000", "interestAndDebtExpense": "None", "netIncomeFromContinuingOperations": "208100000", "comprehensiveIncomeNetOfTax": "None", "ebit": "326900000", "ebitda": "387700000", "netIncome": "205800000"}, {"fiscalDateEnding": "2013-12-31", "reportedCurrency": "USD", "grossProfit": "861200000", "totalRevenue": "3199100000", "costOfRevenue": "2337900000", "costofGoodsAndServicesSold": "2337900000", "operatingIncome": "289000000", "sellingGeneralAndAdministrative": "570100000", "researchAndDevelopment": "53700000", "operatingExpenses": "570100000", "investmentIncomeNet": "None", "netInterestIncome": "None", "interestIncome": "None", "interestExpense": "14500000", "nonInterestIncome": "None", "otherNonOperatingIncome": "-200000", "depreciation": "None", "depreciationAndAmortization": "58900000", "incomeBeforeTax": "274300000", "incomeTaxExpense": "94400000", "interestAndDebtExpense": "None", "netIncomeFromContinuingOperations": "179900000", "comprehensiveIncomeNetOfTax": "None", "ebit": "289000000", "ebitda": "347900000", "netIncome": "171800000"}, {"fiscalDateEnding": "2012-12-31", "reportedCurrency": "USD", "grossProfit": "722300000", "totalRevenue": "2949400000", "costOfRevenue": "2227100000", "costofGoodsAndServicesSold": "2227100000", "operatingIncome": "219100000", "sellingGeneralAndAdministrative": "507000000", "researchAndDevelopment": "49500000", "operatingExpenses": "507000000", "investmentIncomeNet": "None", "netInterestIncome": "None", "interestIncome": "None", "interestExpense": "17100000", "nonInterestIncome": "None", "otherNonOperatingIncome": "-300000", "depreciation": "None", "depreciationAndAmortization": "55400000", "incomeBeforeTax": "201700000", "incomeTaxExpense": "66700000", "interestAndDebtExpense": "None", "netIncomeFromContinuingOperations": "135000000", "comprehensiveIncomeNetOfTax": "None", "ebit": "218700000", "ebitda": "274100000", "netIncome": "90000000"}, {"fiscalDateEnding": "2011-12-31", "reportedCurrency": "USD", "grossProfit": "833600000", "totalRevenue": "3303600000", "costOfRevenue": "2470000000", "costofGoodsAndServicesSold": "2470000000", "operatingIncome": "147700000", "sellingGeneralAndAdministrative": "659900000", "researchAndDevelopment": "50300000", "operatingExpenses": "655300000", "investmentIncomeNet": "None", "netInterestIncome": "None", "interestIncome": "None", "interestExpense": "16800000", "nonInterestIncome": "None", "otherNonOperatingIncome": "300000", "depreciation": "None", "depreciationAndAmortization": "60400000", "incomeBeforeTax": "130600000", "incomeTaxExpense": "42300000", "interestAndDebtExpense": "None", "netIncomeFromContinuingOperations": "88900000", "comprehensiveIncomeNetOfTax": "None", "ebit": "146800000", "ebitda": "207200000", "netIncome": "88300000"}, {"fiscalDateEnding": "2010-12-31", "reportedCurrency": "USD", "grossProfit": "891800000", "totalRevenue": "3096400000", "costOfRevenue": "2204600000", "costofGoodsAndServicesSold": "2204600000", "operatingIncome": "190400000", "sellingGeneralAndAdministrative": "685700000", "researchAndDevelopment": "49500000", "operatingExpenses": "685800000", "investmentIncomeNet": "None", "netInterestIncome": "None", "interestIncome": "None", "interestExpense": "12800000", "nonInterestIncome": "None", "otherNonOperatingIncome": "-1000000", "depreciation": "None", "depreciationAndAmortization": "53500000", "incomeBeforeTax": "176600000", "incomeTaxExpense": "59500000", "interestAndDebtExpense": "None", "netIncomeFromContinuingOperations": "117100000", "comprehensiveIncomeNetOfTax": "None", "ebit": "187900000", "ebitda": "241400000", "netIncome": "116200000"}, {"fiscalDateEnding": "2009-12-31", "reportedCurrency": "USD", "grossProfit": "793400000", "totalRevenue": "2847500000", "costOfRevenue": "2054100000", "costofGoodsAndServicesSold": "2054100000", "operatingIncome": "109200000", "sellingGeneralAndAdministrative": "650200000", "researchAndDevelopment": "48900000", "operatingExpenses": "650200000", "investmentIncomeNet": "None", "netInterestIncome": "None", "interestIncome": "None", "interestExpense": "9400000", "nonInterestIncome": "None", "otherNonOperatingIncome": "None", "depreciation": "None", "depreciationAndAmortization": "52900000", "incomeBeforeTax": "100900000", "incomeTaxExpense": "39100000", "interestAndDebtExpense": "None", "netIncomeFromContinuingOperations": "None", "comprehensiveIncomeNetOfTax": "None", "ebit": "109000000", "ebitda": "161900000", "netIncome": "51100000"}, {"fiscalDateEnding": "2008-12-31", "reportedCurrency": "USD", "grossProfit": "973500000", "totalRevenue": "3481400000", "costOfRevenue": "2507900000", "costofGoodsAndServicesSold": "2507900000", "operatingIncome": "220100000", "sellingGeneralAndAdministrative": "724400000", "researchAndDevelopment": "46500000", "operatingExpenses": "713900000", "investmentIncomeNet": "None", "netInterestIncome": "None", "interestIncome": "None", "interestExpense": "13700000", "nonInterestIncome": "None", "otherNonOperatingIncome": "None", "depreciation": "None", "depreciationAndAmortization": "50600000", "incomeBeforeTax": "206300000", "incomeTaxExpense": "81200000", "interestAndDebtExpense": "None", "netIncomeFromContinuingOperations": "None", "comprehensiveIncomeNetOfTax": "None", "ebit": "223800000", "ebitda": "274400000", "netIncome": "122800000"}, {"fiscalDateEnding": "2007-12-31", "reportedCurrency": "USD", "grossProfit": "1052600000", "totalRevenue": "3749700000", "costOfRevenue": "2697100000", "costofGoodsAndServicesSold": "2697100000", "operatingIncome": "248700000", "sellingGeneralAndAdministrative": "778700000", "researchAndDevelopment": "43000000", "operatingExpenses": "778700000", "investmentIncomeNet": "None", "netInterestIncome": "None", "interestIncome": "None", "interestExpense": "6800000", "nonInterestIncome": "None", "otherNonOperatingIncome": "None", "depreciation": "None", "depreciationAndAmortization": "48800000", "incomeBeforeTax": "258200000", "incomeTaxExpense": "89200000", "interestAndDebtExpense": "None", "netIncomeFromContinuingOperations": "None", "comprehensiveIncomeNetOfTax": "None", "ebit": "268900000", "ebitda": "317700000", "netIncome": "169000000"}, {"fiscalDateEnding": "2006-12-31", "reportedCurrency": "USD", "grossProfit": "1155200000", "totalRevenue": "3671100000", "costOfRevenue": "2515900000", "costofGoodsAndServicesSold": "2515900000", "operatingIncome": "222400000", "sellingGeneralAndAdministrative": "973200000", "researchAndDevelopment": "42200000", "operatingExpenses": "919500000", "investmentIncomeNet": "None", "netInterestIncome": "None", "interestIncome": "None", "interestExpense": "15400000", "nonInterestIncome": "None", "otherNonOperatingIncome": "None", "depreciation": "None", "depreciationAndAmortization": "44300000", "incomeBeforeTax": "218400000", "incomeTaxExpense": "52400000", "interestAndDebtExpense": "None", "netIncomeFromContinuingOperations": "None", "comprehensiveIncomeNetOfTax": "None", "ebit": "228500000", "ebitda": "272800000", "netIncome": "166000000"}, {"fiscalDateEnding": "2005-12-31", "reportedCurrency": "USD", "grossProfit": "1108000000", "totalRevenue": "3366200000", "costOfRevenue": "2258200000", "costofGoodsAndServicesSold": "2258200000", "operatingIncome": "253400000", "sellingGeneralAndAdministrative": "902400000", "researchAndDevelopment": "40300000", "operatingExpenses": "852200000", "investmentIncomeNet": "None", "netInterestIncome": "None", "interestIncome": "None", "interestExpense": "15400000", "nonInterestIncome": "None", "otherNonOperatingIncome": "None", "depreciation": "None", "depreciationAndAmortization": "37400000", "incomeBeforeTax": "235000000", "incomeTaxExpense": "83000000", "interestAndDebtExpense": "None", "netIncomeFromContinuingOperations": "None", "comprehensiveIncomeNetOfTax": "None", "ebit": "254600000", "ebitda": "292000000", "netIncome": "150500000"}], "quarterlyReports": [{"fiscalDateEnding": "2024-12-31", "reportedCurrency": "USD", "grossProfit": "455300000", "totalRevenue": "1345000000", "costOfRevenue": "889700000", "costofGoodsAndServicesSold": "889700000", "operatingIncome": "244600000", "sellingGeneralAndAdministrative": "207000000", "researchAndDevelopment": "None", "operatingExpenses": "210700000", "investmentIncomeNet": "None", "netInterestIncome": "-5500000", "interestIncome": "None", "interestExpense": "5500000", "nonInterestIncome": "None", "otherNonOperatingIncome": "None", "depreciation": "None", "depreciationAndAmortization": "400000", "incomeBeforeTax": "238700000", "incomeTaxExpense": "41000000", "interestAndDebtExpense": "None", "netIncomeFromContinuingOperations": "197700000", "comprehensiveIncomeNetOfTax": "None", "ebit": "244200000", "ebitda": "244600000", "netIncome": "197700000"}, {"fiscalDateEnding": "2024-09-30", "reportedCurrency": "USD", "grossProfit": "488400000", "totalRevenue": "1498100000", "costOfRevenue": "1009700000", "costofGoodsAndServicesSold": "1009700000", "operatingIncome": "303300000", "sellingGeneralAndAdministrative": "184400000", "researchAndDevelopment": "None", "operatingExpenses": "185100000", "investmentIncomeNet": "None", "netInterestIncome": "-8900000", "interestIncome": "None", "interestExpense": "8900000", "nonInterestIncome": "None", "otherNonOperatingIncome": "None", "depreciation": "None", "depreciationAndAmortization": "20400000", "incomeBeforeTax": "293900000", "incomeTaxExpense": "54900000", "interestAndDebtExpense": "None", "netIncomeFromContinuingOperations": "239000000", "comprehensiveIncomeNetOfTax": "None", "ebit": "302800000", "ebitda": "323200000", "netIncome": "239000000"}, {"fiscalDateEnding": "2024-06-30", "reportedCurrency": "USD", "grossProfit": "488200000", "totalRevenue": "1451100000", "costOfRevenue": "962900000", "costofGoodsAndServicesSold": "962900000", "operatingIncome": "319700000", "sellingGeneralAndAdministrative": "168800000", "researchAndDevelopment": "None", "operatingExpenses": "168500000", "investmentIncomeNet": "None", "netInterestIncome": "-12500000", "interestIncome": "None", "interestExpense": "12500000", "nonInterestIncome": "None", "otherNonOperatingIncome": "None", "depreciation": "None", "depreciationAndAmortization": "25200000", "incomeBeforeTax": "307000000", "incomeTaxExpense": "61100000", "interestAndDebtExpense": "None", "netIncomeFromContinuingOperations": "245900000", "comprehensiveIncomeNetOfTax": "None", "ebit": "318500000", "ebitda": "343700000", "netIncome": "245900000"}, {"fiscalDateEnding": "2024-03-31", "reportedCurrency": "USD", "grossProfit": "339999999", "totalRevenue": "1047099999", "costOfRevenue": "707100000", "costofGoodsAndServicesSold": "707100000", "operatingIncome": "169300000", "sellingGeneralAndAdministrative": "170700000", "researchAndDevelopment": "None", "operatingExpenses": "170700000", "investmentIncomeNet": "None", "netInterestIncome": "-11800000", "interestIncome": "None", "interestExpense": "11800000", "nonInterestIncome": "None", "otherNonOperatingIncome": "None", "depreciation": "None", "depreciationAndAmortization": "24000000", "incomeBeforeTax": "154200000", "incomeTaxExpense": "29900000", "interestAndDebtExpense": "None", "netIncomeFromContinuingOperations": "124300000", "comprehensiveIncomeNetOfTax": "None", "ebit": "166200000", "ebitda": "190200000", "netIncome": "124300000"}, {"fiscalDateEnding": "2023-12-31", "reportedCurrency": "USD", "grossProfit": "354800000", "totalRevenue": "1154800000", "costOfRevenue": "800000000", "costofGoodsAndServicesSold": "800000000", "operatingIncome": "176900000", "sellingGeneralAndAdministrative": "177500000", "researchAndDevelopment": "94000000", "operatingExpenses": "177900000", "investmentIncomeNet": "None", "netInterestIncome": "-11300000", "interestIncome": "None", "interestExpense": "15600000", "nonInterestIncome": "None", "otherNonOperatingIncome": "None", "depreciation": "None", "depreciationAndAmortization": "24000000", "incomeBeforeTax": "173400000", "incomeTaxExpense": "28900000", "interestAndDebtExpense": "None", "netIncomeFromContinuingOperations": "144500000", "comprehensiveIncomeNetOfTax": "None", "ebit": "175000000", "ebitda": "199000000", "netIncome": "144500000"}, {"fiscalDateEnding": "2023-09-30", "reportedCurrency": "USD", "grossProfit": "428500000", "totalRevenue": "1366300000", "costOfRevenue": "937800000", "costofGoodsAndServicesSold": "937800000", "operatingIncome": "186800000", "sellingGeneralAndAdministrative": "179200000", "researchAndDevelopment": "None", "operatingExpenses": "179200000", "investmentIncomeNet": "None", "netInterestIncome": "-11200000", "interestIncome": "11200000", "interestExpense": "11200000", "nonInterestIncome": "None", "otherNonOperatingIncome": "None", "depreciation": "None", "depreciationAndAmortization": "21500000", "incomeBeforeTax": "175200000", "incomeTaxExpense": "44800000", "interestAndDebtExpense": "None", "netIncomeFromContinuingOperations": "130400000", "comprehensiveIncomeNetOfTax": "None", "ebit": "244700000", "ebitda": "266200000", "netIncome": "130400000"}, {"fiscalDateEnding": "2023-06-30", "reportedCurrency": "USD", "grossProfit": "457800000", "totalRevenue": "1411400000", "costOfRevenue": "953600000", "costofGoodsAndServicesSold": "953600000", "operatingIncome": "278800000", "sellingGeneralAndAdministrative": "181400000", "researchAndDevelopment": "None", "operatingExpenses": "181400000", "investmentIncomeNet": "None", "netInterestIncome": "-15000000", "interestIncome": "15000000", "interestExpense": "15000000", "nonInterestIncome": "None", "otherNonOperatingIncome": "None", "depreciation": "None", "depreciationAndAmortization": "20900000", "incomeBeforeTax": "263700000", "incomeTaxExpense": "46500000", "interestAndDebtExpense": "None", "netIncomeFromContinuingOperations": "217200000", "comprehensiveIncomeNetOfTax": "None", "ebit": "278700000", "ebitda": "299600000", "netIncome": "217200000"}, {"fiscalDateEnding": "2023-03-31", "reportedCurrency": "USD", "grossProfit": "306600000", "totalRevenue": "1049400000", "costOfRevenue": "742800000", "costofGoodsAndServicesSold": "742800000", "operatingIncome": "139500000", "sellingGeneralAndAdministrative": "167700000", "researchAndDevelopment": "None", "operatingExpenses": "167500000", "investmentIncomeNet": "None", "netInterestIncome": "-14200000", "interestIncome": "14200000", "interestExpense": "14200000", "nonInterestIncome": "None", "otherNonOperatingIncome": "None", "depreciation": "None", "depreciationAndAmortization": "19600000", "incomeBeforeTax": "125100000", "incomeTaxExpense": "27100000", "interestAndDebtExpense": "None", "netIncomeFromContinuingOperations": "98000000", "comprehensiveIncomeNetOfTax": "None", "ebit": "139300000", "ebitda": "158900000", "netIncome": "98000000"}, {"fiscalDateEnding": "2022-12-31", "reportedCurrency": "USD", "grossProfit": "285200000", "totalRevenue": "1093800000", "costOfRevenue": "808600000", "costofGoodsAndServicesSold": "808600000", "operatingIncome": "131800000", "sellingGeneralAndAdministrative": "94500000", "researchAndDevelopment": "80300000", "operatingExpenses": "154500000", "investmentIncomeNet": "None", "netInterestIncome": "-12700000", "interestIncome": "12700000", "interestExpense": "12700000", "nonInterestIncome": "None", "otherNonOperatingIncome": "100000", "depreciation": "None", "depreciationAndAmortization": "21700000", "incomeBeforeTax": "119500000", "incomeTaxExpense": "25100000", "interestAndDebtExpense": "None", "netIncomeFromContinuingOperations": "94400000", "comprehensiveIncomeNetOfTax": "None", "ebit": "135400000", "ebitda": "157100000", "netIncome": "94400000"}, {"fiscalDateEnding": "2022-09-30", "reportedCurrency": "USD", "grossProfit": "334200000", "totalRevenue": "1244900000", "costOfRevenue": "910700000", "costofGoodsAndServicesSold": "910700000", "operatingIncome": "185800000", "sellingGeneralAndAdministrative": "147300000", "researchAndDevelopment": "None", "operatingExpenses": "147100000", "investmentIncomeNet": "None", "netInterestIncome": "-10500000", "interestIncome": "10500000", "interestExpense": "10500000", "nonInterestIncome": "None", "otherNonOperatingIncome": "-700000", "depreciation": "None", "depreciationAndAmortization": "18400000", "incomeBeforeTax": "174600000", "incomeTaxExpense": "32700000", "interestAndDebtExpense": "None", "netIncomeFromContinuingOperations": "141900000", "comprehensiveIncomeNetOfTax": "None", "ebit": "182000000", "ebitda": "200400000", "netIncome": "141900000"}, {"fiscalDateEnding": "2022-06-30", "reportedCurrency": "USD", "grossProfit": "397100000", "totalRevenue": "1366300000", "costOfRevenue": "969200000", "costofGoodsAndServicesSold": "969200000", "operatingIncome": "226900000", "sellingGeneralAndAdministrative": "169600000", "researchAndDevelopment": "None", "operatingExpenses": "169400000", "investmentIncomeNet": "None", "netInterestIncome": "-8700000", "interestIncome": "8700000", "interestExpense": "8700000", "nonInterestIncome": "None", "otherNonOperatingIncome": "-700000", "depreciation": "None", "depreciationAndAmortization": "19000000", "incomeBeforeTax": "217300000", "incomeTaxExpense": "40100000", "interestAndDebtExpense": "None", "netIncomeFromContinuingOperations": "177200000", "comprehensiveIncomeNetOfTax": "None", "ebit": "224000000", "ebitda": "243000000", "netIncome": "177200000"}, {"fiscalDateEnding": "2022-03-31", "reportedCurrency": "USD", "grossProfit": "268200000", "totalRevenue": "1013400000", "costOfRevenue": "745200000", "costofGoodsAndServicesSold": "745200000", "operatingIncome": "111900000", "sellingGeneralAndAdministrative": "155300000", "researchAndDevelopment": "None", "operatingExpenses": "155000000", "investmentIncomeNet": "None", "netInterestIncome": "-6800000", "interestIncome": "6800000", "interestExpense": "6800000", "nonInterestIncome": "None", "otherNonOperatingIncome": "-600000", "depreciation": "None", "depreciationAndAmortization": "18800000", "incomeBeforeTax": "104400000", "incomeTaxExpense": "20800000", "interestAndDebtExpense": "None", "netIncomeFromContinuingOperations": "83600000", "comprehensiveIncomeNetOfTax": "None", "ebit": "110300000", "ebitda": "129100000", "netIncome": "83600000"}, {"fiscalDateEnding": "2021-12-31", "reportedCurrency": "USD", "grossProfit": "253600000", "totalRevenue": "964800000", "costOfRevenue": "711200000", "costofGoodsAndServicesSold": "711200000", "operatingIncome": "97600000", "sellingGeneralAndAdministrative": "151500000", "researchAndDevelopment": "76100000", "operatingExpenses": "151000000", "investmentIncomeNet": "None", "netInterestIncome": "-6200000", "interestIncome": "6200000", "interestExpense": "6200000", "nonInterestIncome": "None", "otherNonOperatingIncome": "-1000000", "depreciation": "None", "depreciationAndAmortization": "19100000", "incomeBeforeTax": "90200000", "incomeTaxExpense": "6700000", "interestAndDebtExpense": "None", "netIncomeFromContinuingOperations": "83500000", "comprehensiveIncomeNetOfTax": "None", "ebit": "103700000", "ebitda": "122800000", "netIncome": "83600000"}, {"fiscalDateEnding": "2021-09-30", "reportedCurrency": "USD", "grossProfit": "295200000", "totalRevenue": "1059900000", "costOfRevenue": "764700000", "costofGoodsAndServicesSold": "764700000", "operatingIncome": "162700000", "sellingGeneralAndAdministrative": "134200000", "researchAndDevelopment": "None", "operatingExpenses": "133700000", "investmentIncomeNet": "None", "netInterestIncome": "-6500000", "interestIncome": "6500000", "interestExpense": "6500000", "nonInterestIncome": "None", "otherNonOperatingIncome": "-1100000", "depreciation": "None", "depreciationAndAmortization": "55400000", "incomeBeforeTax": "154800000", "incomeTaxExpense": "28500000", "interestAndDebtExpense": "None", "netIncomeFromContinuingOperations": "126300000", "comprehensiveIncomeNetOfTax": "None", "ebit": "161300000", "ebitda": "216700000", "netIncome": "126300000"}, {"fiscalDateEnding": "2021-06-30", "reportedCurrency": "USD", "grossProfit": "383200000", "totalRevenue": "1239000000", "costOfRevenue": "855800000", "costofGoodsAndServicesSold": "855800000", "operatingIncome": "216000000", "sellingGeneralAndAdministrative": "167800000", "researchAndDevelopment": "None", "operatingExpenses": "167600000", "investmentIncomeNet": "None", "netInterestIncome": "-6400000", "interestIncome": "6400000", "interestExpense": "6400000", "nonInterestIncome": "None", "otherNonOperatingIncome": "-900000", "depreciation": "None", "depreciationAndAmortization": "18200000", "incomeBeforeTax": "208700000", "incomeTaxExpense": "38700000", "interestAndDebtExpense": "None", "netIncomeFromContinuingOperations": "170000000", "comprehensiveIncomeNetOfTax": "None", "ebit": "210000000", "ebitda": "228200000", "netIncome": "170000000"}, {"fiscalDateEnding": "2021-03-31", "reportedCurrency": "USD", "grossProfit": "256500000", "totalRevenue": "930500000", "costOfRevenue": "674000000", "costofGoodsAndServicesSold": "674000000", "operatingIncome": "114100000", "sellingGeneralAndAdministrative": "145300000", "researchAndDevelopment": "None", "operatingExpenses": "145000000", "investmentIncomeNet": "None", "netInterestIncome": "-6000000", "interestIncome": "6000000", "interestExpense": "6000000", "nonInterestIncome": "None", "otherNonOperatingIncome": "-1000000", "depreciation": "None", "depreciationAndAmortization": "17400000", "incomeBeforeTax": "106400000", "incomeTaxExpense": "22200000", "interestAndDebtExpense": "None", "netIncomeFromContinuingOperations": "84200000", "comprehensiveIncomeNetOfTax": "None", "ebit": "112200000", "ebitda": "129600000", "netIncome": "84200000"}, {"fiscalDateEnding": "2020-12-31", "reportedCurrency": "USD", "grossProfit": "275300000", "totalRevenue": "914000000", "costOfRevenue": "638700000", "costofGoodsAndServicesSold": "638700000", "operatingIncome": "139000000", "sellingGeneralAndAdministrative": "143200000", "researchAndDevelopment": "66800000", "operatingExpenses": "142800000", "investmentIncomeNet": "None", "netInterestIncome": "-6300000", "interestIncome": "6300000", "interestExpense": "6300000", "nonInterestIncome": "None", "otherNonOperatingIncome": "-1000000", "depreciation": "None", "depreciationAndAmortization": "17200000", "incomeBeforeTax": "131400000", "incomeTaxExpense": "19200000", "interestAndDebtExpense": "None", "netIncomeFromContinuingOperations": "112300000", "comprehensiveIncomeNetOfTax": "None", "ebit": "139000000", "ebitda": "156200000", "netIncome": "111700000"}, {"fiscalDateEnding": "2020-09-30", "reportedCurrency": "USD", "grossProfit": "323300000", "totalRevenue": "1055000000", "costOfRevenue": "731700000", "costofGoodsAndServicesSold": "731700000", "operatingIncome": "167100000", "sellingGeneralAndAdministrative": "151800000", "researchAndDevelopment": "None", "operatingExpenses": "151400000", "investmentIncomeNet": "None", "netInterestIncome": "-6500000", "interestIncome": "6500000", "interestExpense": "6500000", "nonInterestIncome": "None", "otherNonOperatingIncome": "-1100000", "depreciation": "None", "depreciationAndAmortization": "17500000", "incomeBeforeTax": "159200000", "incomeTaxExpense": "27500000", "interestAndDebtExpense": "None", "netIncomeFromContinuingOperations": "131700000", "comprehensiveIncomeNetOfTax": "None", "ebit": "173100000", "ebitda": "190600000", "netIncome": "131700000"}, {"fiscalDateEnding": "2020-06-30", "reportedCurrency": "USD", "grossProfit": "275700000", "totalRevenue": "941300000", "costOfRevenue": "665600000", "costofGoodsAndServicesSold": "665600000", "operatingIncome": "136000000", "sellingGeneralAndAdministrative": "129500000", "researchAndDevelopment": "None", "operatingExpenses": "128300000", "investmentIncomeNet": "None", "netInterestIncome": "-6900000", "interestIncome": "6900000", "interestExpense": "6900000", "nonInterestIncome": "None", "otherNonOperatingIncome": "-1100000", "depreciation": "None", "depreciationAndAmortization": "18900000", "incomeBeforeTax": "128000000", "incomeTaxExpense": "27400000", "interestAndDebtExpense": "None", "netIncomeFromContinuingOperations": "100600000", "comprehensiveIncomeNetOfTax": "None", "ebit": "145600000", "ebitda": "164500000", "netIncome": "100000000"}, {"fiscalDateEnding": "2020-03-31", "reportedCurrency": "USD", "grossProfit": "165700000", "totalRevenue": "723800000", "costOfRevenue": "558100000", "costofGoodsAndServicesSold": "558100000", "operatingIncome": "36400000", "sellingGeneralAndAdministrative": "131100000", "researchAndDevelopment": "None", "operatingExpenses": "131300000", "investmentIncomeNet": "None", "netInterestIncome": "-8700000", "interestIncome": "8700000", "interestExpense": "8700000", "nonInterestIncome": "None", "otherNonOperatingIncome": "-1200000", "depreciation": "None", "depreciationAndAmortization": "19000000", "incomeBeforeTax": "26500000", "incomeTaxExpense": "14000000", "interestAndDebtExpense": "None", "netIncomeFromContinuingOperations": "12500000", "comprehensiveIncomeNetOfTax": "None", "ebit": "33500000", "ebitda": "52500000", "netIncome": "12900000"}, {"fiscalDateEnding": "2019-12-31", "reportedCurrency": "USD", "grossProfit": "247800000", "totalRevenue": "885000000", "costOfRevenue": "637200000", "costofGoodsAndServicesSold": "637200000", "operatingIncome": "191600000", "sellingGeneralAndAdministrative": "144300000", "researchAndDevelopment": "69900000", "operatingExpenses": "143700000", "investmentIncomeNet": "None", "netInterestIncome": "-11000000", "interestIncome": "11000000", "interestExpense": "11000000", "nonInterestIncome": "None", "otherNonOperatingIncome": "-600000", "depreciation": "None", "depreciationAndAmortization": "18000000", "incomeBeforeTax": "141400000", "incomeTaxExpense": "27600000", "interestAndDebtExpense": "None", "netIncomeFromContinuingOperations": "113700000", "comprehensiveIncomeNetOfTax": "None", "ebit": "100600000", "ebitda": "118600000", "netIncome": "114000000"}, {"fiscalDateEnding": "2019-09-30", "reportedCurrency": "USD", "grossProfit": "298300000", "totalRevenue": "1032900000", "costOfRevenue": "734600000", "costofGoodsAndServicesSold": "734600000", "operatingIncome": "156800000", "sellingGeneralAndAdministrative": "143400000", "researchAndDevelopment": "None", "operatingExpenses": "142200000", "investmentIncomeNet": "None", "netInterestIncome": "-12500000", "interestIncome": "12500000", "interestExpense": "12500000", "nonInterestIncome": "None", "otherNonOperatingIncome": "-600000", "depreciation": "None", "depreciationAndAmortization": "18200000", "incomeBeforeTax": "143700000", "incomeTaxExpense": "29000000", "interestAndDebtExpense": "None", "netIncomeFromContinuingOperations": "114700000", "comprehensiveIncomeNetOfTax": "None", "ebit": "154200000", "ebitda": "172400000", "netIncome": "114700000"}, {"fiscalDateEnding": "2019-06-30", "reportedCurrency": "USD", "grossProfit": "332100000", "totalRevenue": "1099100000", "costOfRevenue": "767000000", "costofGoodsAndServicesSold": "767000000", "operatingIncome": "213800000", "sellingGeneralAndAdministrative": "152400000", "researchAndDevelopment": "None", "operatingExpenses": "152400000", "investmentIncomeNet": "None", "netInterestIncome": "-13100000", "interestIncome": "13100000", "interestExpense": "13100000", "nonInterestIncome": "None", "otherNonOperatingIncome": "-300000", "depreciation": "None", "depreciationAndAmortization": "16700000", "incomeBeforeTax": "139800000", "incomeTaxExpense": "28800000", "interestAndDebtExpense": "None", "netIncomeFromContinuingOperations": "111000000", "comprehensiveIncomeNetOfTax": "None", "ebit": "177300000", "ebitda": "194000000", "netIncome": "110700000"}, {"fiscalDateEnding": "2019-03-31", "reportedCurrency": "USD", "grossProfit": "201600000", "totalRevenue": "790300000", "costOfRevenue": "588700000", "costofGoodsAndServicesSold": "588700000", "operatingIncome": "94700000", "sellingGeneralAndAdministrative": "145800000", "researchAndDevelopment": "None", "operatingExpenses": "145800000", "investmentIncomeNet": "None", "netInterestIncome": "-10900000", "interestIncome": "None", "interestExpense": "10900000", "nonInterestIncome": "None", "otherNonOperatingIncome": "-800000", "depreciation": "None", "depreciationAndAmortization": "18200000", "incomeBeforeTax": "83000000", "incomeTaxExpense": "13600000", "interestAndDebtExpense": "None", "netIncomeFromContinuingOperations": "69400000", "comprehensiveIncomeNetOfTax": "None", "ebit": "56000000", "ebitda": "74200000", "netIncome": "69300000"}, {"fiscalDateEnding": "2018-12-31", "reportedCurrency": "USD", "grossProfit": "224500000", "totalRevenue": "843600000", "costOfRevenue": "619100000", "costofGoodsAndServicesSold": "619100000", "operatingIncome": "116200000", "sellingGeneralAndAdministrative": "142100000", "researchAndDevelopment": "72200000", "operatingExpenses": "142100000", "investmentIncomeNet": "None", "netInterestIncome": "None", "interestIncome": "None", "interestExpense": "9800000", "nonInterestIncome": "None", "otherNonOperatingIncome": "-800000", "depreciation": "None", "depreciationAndAmortization": "16600000", "incomeBeforeTax": "105500000", "incomeTaxExpense": "30200000", "interestAndDebtExpense": "None", "netIncomeFromContinuingOperations": "75200000", "comprehensiveIncomeNetOfTax": "None", "ebit": "83500000", "ebitda": "100100000", "netIncome": "75600000"}, {"fiscalDateEnding": "2018-09-30", "reportedCurrency": "USD", "grossProfit": "301900000", "totalRevenue": "1030200000", "costOfRevenue": "728300000", "costofGoodsAndServicesSold": "728300000", "operatingIncome": "145200000", "sellingGeneralAndAdministrative": "149400000", "researchAndDevelopment": "0", "operatingExpenses": "149400000", "investmentIncomeNet": "None", "netInterestIncome": "None", "interestIncome": "None", "interestExpense": "10300000", "nonInterestIncome": "None", "otherNonOperatingIncome": "-1100000", "depreciation": "None", "depreciationAndAmortization": "16600000", "incomeBeforeTax": "133800000", "incomeTaxExpense": "25800000", "interestAndDebtExpense": "None", "netIncomeFromContinuingOperations": "108000000", "comprehensiveIncomeNetOfTax": "None", "ebit": "150300000", "ebitda": "166900000", "netIncome": "108000000"}, {"fiscalDateEnding": "2018-06-30", "reportedCurrency": "USD", "grossProfit": "361600000", "totalRevenue": "1175400000", "costOfRevenue": "813800000", "costofGoodsAndServicesSold": "813800000", "operatingIncome": "195100000", "sellingGeneralAndAdministrative": "161400000", "researchAndDevelopment": "0", "operatingExpenses": "161400000", "investmentIncomeNet": "None", "netInterestIncome": "None", "interestIncome": "None", "interestExpense": "9800000", "nonInterestIncome": "None", "otherNonOperatingIncome": "-800000", "depreciation": "None", "depreciationAndAmortization": "16200000", "incomeBeforeTax": "184500000", "incomeTaxExpense": "45300000", "interestAndDebtExpense": "None", "netIncomeFromContinuingOperations": "139200000", "comprehensiveIncomeNetOfTax": "None", "ebit": "199600000", "ebitda": "215800000", "netIncome": "137600000"}, {"fiscalDateEnding": "2018-03-31", "reportedCurrency": "USD", "grossProfit": "223200000", "totalRevenue": "834800000", "costOfRevenue": "611600000", "costofGoodsAndServicesSold": "611600000", "operatingIncome": "53000000", "sellingGeneralAndAdministrative": "155200000", "researchAndDevelopment": "0", "operatingExpenses": "155200000", "investmentIncomeNet": "None", "netInterestIncome": "None", "interestIncome": "None", "interestExpense": "8400000", "nonInterestIncome": "None", "otherNonOperatingIncome": "-600000", "depreciation": "None", "depreciationAndAmortization": "16600000", "incomeBeforeTax": "44000000", "incomeTaxExpense": "6100000", "interestAndDebtExpense": "None", "netIncomeFromContinuingOperations": "37900000", "comprehensiveIncomeNetOfTax": "None", "ebit": "52700000", "ebitda": "69300000", "netIncome": "37900000"}, {"fiscalDateEnding": "2017-12-31", "reportedCurrency": "USD", "grossProfit": "259800000", "totalRevenue": "891800000", "costOfRevenue": "632000000", "costofGoodsAndServicesSold": "632000000", "operatingIncome": "103700000", "sellingGeneralAndAdministrative": "158200000", "researchAndDevelopment": "73600000", "operatingExpenses": "158200000", "investmentIncomeNet": "None", "netInterestIncome": "None", "interestIncome": "None", "interestExpense": "7300000", "nonInterestIncome": "None", "otherNonOperatingIncome": "None", "depreciation": "None", "depreciationAndAmortization": "16500000", "incomeBeforeTax": "96400000", "incomeTaxExpense": "53300000", "interestAndDebtExpense": "None", "netIncomeFromContinuingOperations": "43200000", "comprehensiveIncomeNetOfTax": "None", "ebit": "100600000", "ebitda": "117100000", "netIncome": "43100000"}, {"fiscalDateEnding": "2017-09-30", "reportedCurrency": "USD", "grossProfit": "313700000", "totalRevenue": "1052300000", "costOfRevenue": "738600000", "costofGoodsAndServicesSold": "738600000", "operatingIncome": "154600000", "sellingGeneralAndAdministrative": "158700000", "researchAndDevelopment": "0", "operatingExpenses": "158700000", "investmentIncomeNet": "None", "netInterestIncome": "None", "interestIncome": "None", "interestExpense": "7600000", "nonInterestIncome": "None", "otherNonOperatingIncome": "None", "depreciation": "None", "depreciationAndAmortization": "16100000", "incomeBeforeTax": "147000000", "incomeTaxExpense": "43000000", "interestAndDebtExpense": "None", "netIncomeFromContinuingOperations": "104000000", "comprehensiveIncomeNetOfTax": "None", "ebit": "154600000", "ebitda": "170700000", "netIncome": "103500000"}, {"fiscalDateEnding": "2017-06-30", "reportedCurrency": "USD", "grossProfit": "340800000", "totalRevenue": "1102100000", "costOfRevenue": "761300000", "costofGoodsAndServicesSold": "761300000", "operatingIncome": "175400000", "sellingGeneralAndAdministrative": "168500000", "researchAndDevelopment": "0", "operatingExpenses": "168500000", "investmentIncomeNet": "None", "netInterestIncome": "None", "interestIncome": "None", "interestExpense": "8200000", "nonInterestIncome": "None", "otherNonOperatingIncome": "100000", "depreciation": "None", "depreciationAndAmortization": "16300000", "incomeBeforeTax": "167300000", "incomeTaxExpense": "50900000", "interestAndDebtExpense": "None", "netIncomeFromContinuingOperations": "116400000", "comprehensiveIncomeNetOfTax": "None", "ebit": "172400000", "ebitda": "188700000", "netIncome": "115500000"}, {"fiscalDateEnding": "2017-03-31", "reportedCurrency": "USD", "grossProfit": "210900000", "totalRevenue": "793400000", "costOfRevenue": "582500000", "costofGoodsAndServicesSold": "582500000", "operatingIncome": "60800000", "sellingGeneralAndAdministrative": "152400000", "researchAndDevelopment": "0", "operatingExpenses": "152400000", "investmentIncomeNet": "None", "netInterestIncome": "None", "interestIncome": "None", "interestExpense": "7400000", "nonInterestIncome": "None", "otherNonOperatingIncome": "None", "depreciation": "None", "depreciationAndAmortization": "15700000", "incomeBeforeTax": "53400000", "incomeTaxExpense": "9900000", "interestAndDebtExpense": "None", "netIncomeFromContinuingOperations": "43500000", "comprehensiveIncomeNetOfTax": "None", "ebit": "60800000", "ebitda": "76500000", "netIncome": "43500000"}, {"fiscalDateEnding": "2016-12-31", "reportedCurrency": "USD", "grossProfit": "267600000", "totalRevenue": "897300000", "costOfRevenue": "629700000", "costofGoodsAndServicesSold": "629700000", "operatingIncome": "68000000", "sellingGeneralAndAdministrative": "164900000", "researchAndDevelopment": "64599999", "operatingExpenses": "164900000", "investmentIncomeNet": "None", "netInterestIncome": "None", "interestIncome": "None", "interestExpense": "7400000", "nonInterestIncome": "None", "otherNonOperatingIncome": "100000", "depreciation": "None", "depreciationAndAmortization": "14700000", "incomeBeforeTax": "60700000", "incomeTaxExpense": "20000000", "interestAndDebtExpense": "None", "netIncomeFromContinuingOperations": "40800000", "comprehensiveIncomeNetOfTax": "None", "ebit": "103700000", "ebitda": "118400000", "netIncome": "40400000"}, {"fiscalDateEnding": "2016-09-30", "reportedCurrency": "USD", "grossProfit": "310300000", "totalRevenue": "1010000000", "costOfRevenue": "699700000", "costofGoodsAndServicesSold": "699700000", "operatingIncome": "156900000", "sellingGeneralAndAdministrative": "156500000", "researchAndDevelopment": "0", "operatingExpenses": "156500000", "investmentIncomeNet": "None", "netInterestIncome": "None", "interestIncome": "None", "interestExpense": "7000000", "nonInterestIncome": "None", "otherNonOperatingIncome": "None", "depreciation": "None", "depreciationAndAmortization": "14900000", "incomeBeforeTax": "149900000", "incomeTaxExpense": "48200000", "interestAndDebtExpense": "None", "netIncomeFromContinuingOperations": "101700000", "comprehensiveIncomeNetOfTax": "None", "ebit": "156900000", "ebitda": "171800000", "netIncome": "101700000"}, {"fiscalDateEnding": "2016-06-30", "reportedCurrency": "USD", "grossProfit": "315000000", "totalRevenue": "1019200000", "costOfRevenue": "704200000", "costofGoodsAndServicesSold": "704200000", "operatingIncome": "160700000", "sellingGeneralAndAdministrative": "159400000", "researchAndDevelopment": "0", "operatingExpenses": "159400000", "investmentIncomeNet": "None", "netInterestIncome": "None", "interestIncome": "None", "interestExpense": "6800000", "nonInterestIncome": "None", "otherNonOperatingIncome": "200000", "depreciation": "None", "depreciationAndAmortization": "14300000", "incomeBeforeTax": "154100000", "incomeTaxExpense": "42900000", "interestAndDebtExpense": "None", "netIncomeFromContinuingOperations": "111200000", "comprehensiveIncomeNetOfTax": "None", "ebit": "155000000", "ebitda": "169300000", "netIncome": "110700000"}, {"fiscalDateEnding": "2016-03-31", "reportedCurrency": "USD", "grossProfit": "183600000", "totalRevenue": "715200000", "costOfRevenue": "531600000", "costofGoodsAndServicesSold": "531600000", "operatingIncome": "43700000", "sellingGeneralAndAdministrative": "140400000", "researchAndDevelopment": "0", "operatingExpenses": "140400000", "investmentIncomeNet": "None", "netInterestIncome": "None", "interestIncome": "None", "interestExpense": "5800000", "nonInterestIncome": "None", "otherNonOperatingIncome": "None", "depreciation": "None", "depreciationAndAmortization": "14200000", "incomeBeforeTax": "37900000", "incomeTaxExpense": "13000000", "interestAndDebtExpense": "None", "netIncomeFromContinuingOperations": "24900000", "comprehensiveIncomeNetOfTax": "None", "ebit": "43700000", "ebitda": "57900000", "netIncome": "24900000"}, {"fiscalDateEnding": "2015-12-31", "reportedCurrency": "USD", "grossProfit": "227600000", "totalRevenue": "834100000", "costOfRevenue": "606500000", "costofGoodsAndServicesSold": "606500000", "operatingIncome": "20400000", "sellingGeneralAndAdministrative": "150600000", "researchAndDevelopment": "62300000", "operatingExpenses": "150600000", "investmentIncomeNet": "None", "netInterestIncome": "None", "interestIncome": "None", "interestExpense": "5800000", "nonInterestIncome": "None", "otherNonOperatingIncome": "100000", "depreciation": "None", "depreciationAndAmortization": "16200000", "incomeBeforeTax": "14700000", "incomeTaxExpense": "3500000", "interestAndDebtExpense": "None", "netIncomeFromContinuingOperations": "11300000", "comprehensiveIncomeNetOfTax": "None", "ebit": "82200000", "ebitda": "98400000", "netIncome": "11200000"}, {"fiscalDateEnding": "2015-09-30", "reportedCurrency": "USD", "grossProfit": "273400000", "totalRevenue": "955000000", "costOfRevenue": "681600000", "costofGoodsAndServicesSold": "681600000", "operatingIncome": "127000000", "sellingGeneralAndAdministrative": "143800000", "researchAndDevelopment": "0", "operatingExpenses": "144600000", "investmentIncomeNet": "None", "netInterestIncome": "None", "interestIncome": "None", "interestExpense": "5700000", "nonInterestIncome": "None", "otherNonOperatingIncome": "700000", "depreciation": "None", "depreciationAndAmortization": "16000000", "incomeBeforeTax": "122000000", "incomeTaxExpense": "41700000", "interestAndDebtExpense": "None", "netIncomeFromContinuingOperations": "80300000", "comprehensiveIncomeNetOfTax": "None", "ebit": "126800000", "ebitda": "142800000", "netIncome": "80300000"}, {"fiscalDateEnding": "2015-06-30", "reportedCurrency": "USD", "grossProfit": "283400000", "totalRevenue": "992500000", "costOfRevenue": "709100000", "costofGoodsAndServicesSold": "709100000", "operatingIncome": "130900000", "sellingGeneralAndAdministrative": "152900000", "researchAndDevelopment": "0", "operatingExpenses": "154500000", "investmentIncomeNet": "None", "netInterestIncome": "None", "interestIncome": "None", "interestExpense": "6400000", "nonInterestIncome": "None", "otherNonOperatingIncome": "None", "depreciation": "None", "depreciationAndAmortization": "15100000", "incomeBeforeTax": "124500000", "incomeTaxExpense": "42900000", "interestAndDebtExpense": "None", "netIncomeFromContinuingOperations": "81600000", "comprehensiveIncomeNetOfTax": "None", "ebit": "115800000", "ebitda": "130900000", "netIncome": "81200000"}, {"fiscalDateEnding": "2015-03-31", "reportedCurrency": "USD", "grossProfit": "163000000", "totalRevenue": "685800000", "costOfRevenue": "522800000", "costofGoodsAndServicesSold": "522800000", "operatingIncome": "27000000", "sellingGeneralAndAdministrative": "133400000", "researchAndDevelopment": "0", "operatingExpenses": "133400000", "investmentIncomeNet": "None", "netInterestIncome": "None", "interestIncome": "None", "interestExpense": "5700000", "nonInterestIncome": "None", "otherNonOperatingIncome": "None", "depreciation": "None", "depreciationAndAmortization": "15500000", "incomeBeforeTax": "21300000", "incomeTaxExpense": "7300000", "interestAndDebtExpense": "None", "netIncomeFromContinuingOperations": "14000000", "comprehensiveIncomeNetOfTax": "None", "ebit": "27000000", "ebitda": "42500000", "netIncome": "13900000"}, {"fiscalDateEnding": "2014-12-31", "reportedCurrency": "USD", "grossProfit": "225400000", "totalRevenue": "812800000", "costOfRevenue": "587400000", "costofGoodsAndServicesSold": "587400000", "operatingIncome": "75100000", "sellingGeneralAndAdministrative": "148200000", "researchAndDevelopment": "60700000", "operatingExpenses": "148200000", "investmentIncomeNet": "None", "netInterestIncome": "None", "interestIncome": "None", "interestExpense": "6200000", "nonInterestIncome": "None", "otherNonOperatingIncome": "100000", "depreciation": "None", "depreciationAndAmortization": "15600000", "incomeBeforeTax": "69000000", "incomeTaxExpense": "22900000", "interestAndDebtExpense": "None", "netIncomeFromContinuingOperations": "46100000", "comprehensiveIncomeNetOfTax": "None", "ebit": "76200000", "ebitda": "91800000", "netIncome": "44600000"}, {"fiscalDateEnding": "2014-09-30", "reportedCurrency": "USD", "grossProfit": "247100000", "totalRevenue": "898400000", "costOfRevenue": "651300000", "costofGoodsAndServicesSold": "651300000", "operatingIncome": "106600000", "sellingGeneralAndAdministrative": "140900000", "researchAndDevelopment": "0", "operatingExpenses": "140900000", "investmentIncomeNet": "None", "netInterestIncome": "None", "interestIncome": "None", "interestExpense": "4000000", "nonInterestIncome": "None", "otherNonOperatingIncome": "None", "depreciation": "None", "depreciationAndAmortization": "15200000", "incomeBeforeTax": "102600000", "incomeTaxExpense": "35100000", "interestAndDebtExpense": "None", "netIncomeFromContinuingOperations": "67500000", "comprehensiveIncomeNetOfTax": "None", "ebit": "106600000", "ebitda": "121800000", "netIncome": "67400000"}, {"fiscalDateEnding": "2014-06-30", "reportedCurrency": "USD", "grossProfit": "262600000", "totalRevenue": "960700000", "costOfRevenue": "698100000", "costofGoodsAndServicesSold": "698100000", "operatingIncome": "119100000", "sellingGeneralAndAdministrative": "148900000", "researchAndDevelopment": "0", "operatingExpenses": "148900000", "investmentIncomeNet": "None", "netInterestIncome": "None", "interestIncome": "None", "interestExpense": "3700000", "nonInterestIncome": "None", "otherNonOperatingIncome": "None", "depreciation": "None", "depreciationAndAmortization": "15000000", "incomeBeforeTax": "115400000", "incomeTaxExpense": "40800000", "interestAndDebtExpense": "None", "netIncomeFromContinuingOperations": "74600000", "comprehensiveIncomeNetOfTax": "None", "ebit": "119100000", "ebitda": "134100000", "netIncome": "73900000"}, {"fiscalDateEnding": "2014-03-31", "reportedCurrency": "USD", "grossProfit": "168100000", "totalRevenue": "695400000", "costOfRevenue": "527300000", "costofGoodsAndServicesSold": "527300000", "operatingIncome": "33900000", "sellingGeneralAndAdministrative": "135600000", "researchAndDevelopment": "0", "operatingExpenses": "135600000", "investmentIncomeNet": "None", "netInterestIncome": "None", "interestIncome": "None", "interestExpense": "3300000", "nonInterestIncome": "None", "otherNonOperatingIncome": "None", "depreciation": "None", "depreciationAndAmortization": "15000000", "incomeBeforeTax": "30600000", "incomeTaxExpense": "10700000", "interestAndDebtExpense": "None", "netIncomeFromContinuingOperations": "19900000", "comprehensiveIncomeNetOfTax": "None", "ebit": "33900000", "ebitda": "48900000", "netIncome": "19900000"}, {"fiscalDateEnding": "2013-12-31", "reportedCurrency": "USD", "grossProfit": "207700000", "totalRevenue": "749500000", "costOfRevenue": "541800000", "costofGoodsAndServicesSold": "541800000", "operatingIncome": "54900000", "sellingGeneralAndAdministrative": "146000000", "researchAndDevelopment": "53700000", "operatingExpenses": "146000000", "investmentIncomeNet": "None", "netInterestIncome": "None", "interestIncome": "None", "interestExpense": "3800000", "nonInterestIncome": "None", "otherNonOperatingIncome": "-300000", "depreciation": "None", "depreciationAndAmortization": "15800000", "incomeBeforeTax": "50800000", "incomeTaxExpense": "16800000", "interestAndDebtExpense": "None", "netIncomeFromContinuingOperations": "34000000", "comprehensiveIncomeNetOfTax": "None", "ebit": "61400000", "ebitda": "77200000", "netIncome": "35200000"}, {"fiscalDateEnding": "2013-09-30", "reportedCurrency": "USD", "grossProfit": "237400000", "totalRevenue": "868000000", "costOfRevenue": "630600000", "costofGoodsAndServicesSold": "630600000", "operatingIncome": "103800000", "sellingGeneralAndAdministrative": "136900000", "researchAndDevelopment": "0", "operatingExpenses": "136900000", "investmentIncomeNet": "None", "netInterestIncome": "None", "interestIncome": "None", "interestExpense": "3800000", "nonInterestIncome": "None", "otherNonOperatingIncome": "None", "depreciation": "None", "depreciationAndAmortization": "14600000", "incomeBeforeTax": "100000000", "incomeTaxExpense": "34200000", "interestAndDebtExpense": "None", "netIncomeFromContinuingOperations": "65800000", "comprehensiveIncomeNetOfTax": "None", "ebit": "103800000", "ebitda": "118400000", "netIncome": "64300000"}, {"fiscalDateEnding": "2013-06-30", "reportedCurrency": "USD", "grossProfit": "254000000", "totalRevenue": "913100000", "costOfRevenue": "659100000", "costofGoodsAndServicesSold": "659100000", "operatingIncome": "102400000", "sellingGeneralAndAdministrative": "151300000", "researchAndDevelopment": "0", "operatingExpenses": "151300000", "investmentIncomeNet": "None", "netInterestIncome": "None", "interestIncome": "None", "interestExpense": "3600000", "nonInterestIncome": "None", "otherNonOperatingIncome": "200000", "depreciation": "None", "depreciationAndAmortization": "14400000", "incomeBeforeTax": "99000000", "incomeTaxExpense": "34700000", "interestAndDebtExpense": "None", "netIncomeFromContinuingOperations": "64300000", "comprehensiveIncomeNetOfTax": "None", "ebit": "102600000", "ebitda": "117000000", "netIncome": "64300000"}, {"fiscalDateEnding": "2013-03-31", "reportedCurrency": "USD", "grossProfit": "162000000", "totalRevenue": "668400000", "costOfRevenue": "506400000", "costofGoodsAndServicesSold": "506400000", "operatingIncome": "27900000", "sellingGeneralAndAdministrative": "135600000", "researchAndDevelopment": "0", "operatingExpenses": "135600000", "investmentIncomeNet": "None", "netInterestIncome": "None", "interestIncome": "None", "interestExpense": "3400000", "nonInterestIncome": "None", "otherNonOperatingIncome": "-100000", "depreciation": "None", "depreciationAndAmortization": "14100000", "incomeBeforeTax": "24400000", "incomeTaxExpense": "8600000", "interestAndDebtExpense": "None", "netIncomeFromContinuingOperations": "15800000", "comprehensiveIncomeNetOfTax": "None", "ebit": "27800000", "ebitda": "41900000", "netIncome": "8000000"}, {"fiscalDateEnding": "2012-12-31", "reportedCurrency": "USD", "grossProfit": "168400000", "totalRevenue": "684900000", "costOfRevenue": "516500000", "costofGoodsAndServicesSold": "516500000", "operatingIncome": "39400000", "sellingGeneralAndAdministrative": "127200000", "researchAndDevelopment": "49500000", "operatingExpenses": "127200000", "investmentIncomeNet": "None", "netInterestIncome": "None", "interestIncome": "None", "interestExpense": "3600000", "nonInterestIncome": "None", "otherNonOperatingIncome": "-200000", "depreciation": "None", "depreciationAndAmortization": "14300000", "incomeBeforeTax": "35600000", "incomeTaxExpense": "9100000", "interestAndDebtExpense": "None", "netIncomeFromContinuingOperations": "38200000", "comprehensiveIncomeNetOfTax": "None", "ebit": "41100000", "ebitda": "55400000", "netIncome": "21900000"}, {"fiscalDateEnding": "2012-09-30", "reportedCurrency": "USD", "grossProfit": "204900000", "totalRevenue": "809700000", "costOfRevenue": "604800000", "costofGoodsAndServicesSold": "604800000", "operatingIncome": "80900000", "sellingGeneralAndAdministrative": "125900000", "researchAndDevelopment": "0", "operatingExpenses": "123600000", "investmentIncomeNet": "None", "netInterestIncome": "None", "interestIncome": "None", "interestExpense": "4400000", "nonInterestIncome": "None", "otherNonOperatingIncome": "None", "depreciation": "None", "depreciationAndAmortization": "13200000", "incomeBeforeTax": "76500000", "incomeTaxExpense": "26800000", "interestAndDebtExpense": "None", "netIncomeFromContinuingOperations": "49700000", "comprehensiveIncomeNetOfTax": "None", "ebit": "67700000", "ebitda": "80900000", "netIncome": "29400000"}, {"fiscalDateEnding": "2012-06-30", "reportedCurrency": "USD", "grossProfit": "248700000", "totalRevenue": "933800000", "costOfRevenue": "685100000", "costofGoodsAndServicesSold": "685100000", "operatingIncome": "77800000", "sellingGeneralAndAdministrative": "172700000", "researchAndDevelopment": "0", "operatingExpenses": "174200000", "investmentIncomeNet": "None", "netInterestIncome": "None", "interestIncome": "None", "interestExpense": "4300000", "nonInterestIncome": "None", "otherNonOperatingIncome": "-100000", "depreciation": "None", "depreciationAndAmortization": "13700000", "incomeBeforeTax": "73400000", "incomeTaxExpense": "25200000", "interestAndDebtExpense": "None", "netIncomeFromContinuingOperations": "48200000", "comprehensiveIncomeNetOfTax": "None", "ebit": "79500000", "ebitda": "93200000", "netIncome": "44700000"}, {"fiscalDateEnding": "2012-03-31", "reportedCurrency": "USD", "grossProfit": "166100000", "totalRevenue": "684200000", "costOfRevenue": "518100000", "costofGoodsAndServicesSold": "518100000", "operatingIncome": "3900000", "sellingGeneralAndAdministrative": "163000000", "researchAndDevelopment": "0", "operatingExpenses": "163000000", "investmentIncomeNet": "None", "netInterestIncome": "None", "interestIncome": "None", "interestExpense": "4700000", "nonInterestIncome": "None", "otherNonOperatingIncome": "None", "depreciation": "None", "depreciationAndAmortization": "14200000", "incomeBeforeTax": "-800000", "incomeTaxExpense": "-300000", "interestAndDebtExpense": "None", "netIncomeFromContinuingOperations": "-1100000", "comprehensiveIncomeNetOfTax": "None", "ebit": "18600000", "ebitda": "32800000", "netIncome": "-6100000"}, {"fiscalDateEnding": "2011-12-31", "reportedCurrency": "USD", "grossProfit": "189700000", "totalRevenue": "755800000", "costOfRevenue": "566100000", "costofGoodsAndServicesSold": "566100000", "operatingIncome": "27700000", "sellingGeneralAndAdministrative": "144700000", "researchAndDevelopment": "50300000", "operatingExpenses": "145800000", "investmentIncomeNet": "None", "netInterestIncome": "None", "interestIncome": "None", "interestExpense": "4300000", "nonInterestIncome": "None", "otherNonOperatingIncome": "400000", "depreciation": "None", "depreciationAndAmortization": "15200000", "incomeBeforeTax": "23200000", "incomeTaxExpense": "6500000", "interestAndDebtExpense": "None", "netIncomeFromContinuingOperations": "17300000", "comprehensiveIncomeNetOfTax": "None", "ebit": "20700000", "ebitda": "35900000", "netIncome": "16700000"}, {"fiscalDateEnding": "2011-09-30", "reportedCurrency": "USD", "grossProfit": "231100000", "totalRevenue": "923000000", "costOfRevenue": "691900000", "costofGoodsAndServicesSold": "691900000", "operatingIncome": "54500000", "sellingGeneralAndAdministrative": "166300000", "researchAndDevelopment": "0", "operatingExpenses": "166300000", "investmentIncomeNet": "None", "netInterestIncome": "None", "interestIncome": "None", "interestExpense": "4099999", "nonInterestIncome": "None", "otherNonOperatingIncome": "None", "depreciation": "None", "depreciationAndAmortization": "15000000", "incomeBeforeTax": "50400000", "incomeTaxExpense": "16600000", "interestAndDebtExpense": "None", "netIncomeFromContinuingOperations": "33800000", "comprehensiveIncomeNetOfTax": "None", "ebit": "55100000", "ebitda": "70100000", "netIncome": "33800000"}, {"fiscalDateEnding": "2011-06-30", "reportedCurrency": "USD", "grossProfit": "247600000", "totalRevenue": "937000000", "costOfRevenue": "689400000", "costofGoodsAndServicesSold": "689400000", "operatingIncome": "72500000", "sellingGeneralAndAdministrative": "175200000", "researchAndDevelopment": "0", "operatingExpenses": "172700000", "investmentIncomeNet": "None", "netInterestIncome": "None", "interestIncome": "None", "interestExpense": "4300000", "nonInterestIncome": "None", "otherNonOperatingIncome": "-100000", "depreciation": "None", "depreciationAndAmortization": "15400000", "incomeBeforeTax": "68100000", "incomeTaxExpense": "23100000", "interestAndDebtExpense": "None", "netIncomeFromContinuingOperations": "45000000", "comprehensiveIncomeNetOfTax": "None", "ebit": "73400000", "ebitda": "88800000", "netIncome": "45000000"}, {"fiscalDateEnding": "2011-03-31", "reportedCurrency": "USD", "grossProfit": "165200000", "totalRevenue": "687800000", "costOfRevenue": "522600000", "costofGoodsAndServicesSold": "522600000", "operatingIncome": "-7000000", "sellingGeneralAndAdministrative": "173900000", "researchAndDevelopment": "0", "operatingExpenses": "171000000", "investmentIncomeNet": "None", "netInterestIncome": "None", "interestIncome": "None", "interestExpense": "4099999", "nonInterestIncome": "None", "otherNonOperatingIncome": "None", "depreciation": "None", "depreciationAndAmortization": "14800000", "incomeBeforeTax": "-11100000", "incomeTaxExpense": "-3900000", "interestAndDebtExpense": "None", "netIncomeFromContinuingOperations": "-7200000", "comprehensiveIncomeNetOfTax": "None", "ebit": "-3700000", "ebitda": "11100000", "netIncome": "-7200000"}, {"fiscalDateEnding": "2010-12-31", "reportedCurrency": "USD", "grossProfit": "220000000", "totalRevenue": "762000000", "costOfRevenue": "542000000", "costofGoodsAndServicesSold": "542000000", "operatingIncome": "44000000", "sellingGeneralAndAdministrative": "172700000", "researchAndDevelopment": "49500000", "operatingExpenses": "175400000", "investmentIncomeNet": "None", "netInterestIncome": "None", "interestIncome": "None", "interestExpense": "2500000", "nonInterestIncome": "None", "otherNonOperatingIncome": "None", "depreciation": "None", "depreciationAndAmortization": "13600000", "incomeBeforeTax": "39400000", "incomeTaxExpense": "11600000", "interestAndDebtExpense": "None", "netIncomeFromContinuingOperations": "0", "comprehensiveIncomeNetOfTax": "None", "ebit": "28900000", "ebitda": "42500000", "netIncome": "27700000"}, {"fiscalDateEnding": "2010-09-30", "reportedCurrency": "USD", "grossProfit": "232800000", "totalRevenue": "818200000", "costOfRevenue": "585400000", "costofGoodsAndServicesSold": "585400000", "operatingIncome": "66600000", "sellingGeneralAndAdministrative": "163500000", "researchAndDevelopment": "0", "operatingExpenses": "161500000", "investmentIncomeNet": "None", "netInterestIncome": "None", "interestIncome": "None", "interestExpense": "3500000", "nonInterestIncome": "None", "otherNonOperatingIncome": "None", "depreciation": "None", "depreciationAndAmortization": "13700000", "incomeBeforeTax": "63100000", "incomeTaxExpense": "21200000", "interestAndDebtExpense": "None", "netIncomeFromContinuingOperations": "41900000", "comprehensiveIncomeNetOfTax": "None", "ebit": "69300000", "ebitda": "83000000", "netIncome": "41800000"}, {"fiscalDateEnding": "2010-06-30", "reportedCurrency": "USD", "grossProfit": "264700000", "totalRevenue": "872100000", "costOfRevenue": "607400000", "costofGoodsAndServicesSold": "607400000", "operatingIncome": "79300000", "sellingGeneralAndAdministrative": "180500000", "researchAndDevelopment": "0", "operatingExpenses": "182200000", "investmentIncomeNet": "None", "netInterestIncome": "None", "interestIncome": "None", "interestExpense": "3100000", "nonInterestIncome": "None", "otherNonOperatingIncome": "-100000", "depreciation": "None", "depreciationAndAmortization": "13300000", "incomeBeforeTax": "76100000", "incomeTaxExpense": "27400000", "interestAndDebtExpense": "None", "netIncomeFromContinuingOperations": "48700000", "comprehensiveIncomeNetOfTax": "None", "ebit": "82500000", "ebitda": "95800000", "netIncome": "48300000"}, {"fiscalDateEnding": "2010-03-31", "reportedCurrency": "USD", "grossProfit": "174300000", "totalRevenue": "644100000", "costOfRevenue": "469800000", "costofGoodsAndServicesSold": "469800000", "operatingIncome": "500000", "sellingGeneralAndAdministrative": "168900000", "researchAndDevelopment": "0", "operatingExpenses": "168900000", "investmentIncomeNet": "None", "netInterestIncome": "None", "interestIncome": "None", "interestExpense": "2500000", "nonInterestIncome": "None", "otherNonOperatingIncome": "None", "depreciation": "None", "depreciationAndAmortization": "12900000", "incomeBeforeTax": "-2000000", "incomeTaxExpense": "-700000", "interestAndDebtExpense": "None", "netIncomeFromContinuingOperations": "0", "comprehensiveIncomeNetOfTax": "None", "ebit": "-7500000", "ebitda": "5400000", "netIncome": "-1600000"}, {"fiscalDateEnding": "2009-12-31", "reportedCurrency": "USD", "grossProfit": "205100000", "totalRevenue": "733500000", "costOfRevenue": "528400000", "costofGoodsAndServicesSold": "528400000", "operatingIncome": "18200000", "sellingGeneralAndAdministrative": "172400000", "researchAndDevelopment": "48900000", "operatingExpenses": "167400000", "investmentIncomeNet": "None", "netInterestIncome": "None", "interestIncome": "None", "interestExpense": "4100000", "nonInterestIncome": "None", "otherNonOperatingIncome": "None", "depreciation": "None", "depreciationAndAmortization": "13700000", "incomeBeforeTax": "16200000", "incomeTaxExpense": "6300000", "interestAndDebtExpense": "None", "netIncomeFromContinuingOperations": "0", "comprehensiveIncomeNetOfTax": "None", "ebit": "16900000", "ebitda": "30600000", "netIncome": "6400000"}, {"fiscalDateEnding": "2009-09-30", "reportedCurrency": "USD", "grossProfit": "223100000", "totalRevenue": "749500000", "costOfRevenue": "526400000", "costofGoodsAndServicesSold": "526400000", "operatingIncome": "57700000", "sellingGeneralAndAdministrative": "158400000", "researchAndDevelopment": "0", "operatingExpenses": "153900000", "investmentIncomeNet": "None", "netInterestIncome": "None", "interestIncome": "None", "interestExpense": "2200000", "nonInterestIncome": "None", "otherNonOperatingIncome": "None", "depreciation": "None", "depreciationAndAmortization": "11000000", "incomeBeforeTax": "55400000", "incomeTaxExpense": "21700000", "interestAndDebtExpense": "None", "netIncomeFromContinuingOperations": "0", "comprehensiveIncomeNetOfTax": "None", "ebit": "58000000", "ebitda": "69000000", "netIncome": "31000000"}, {"fiscalDateEnding": "2009-06-30", "reportedCurrency": "USD", "grossProfit": "228900000", "totalRevenue": "790500000", "costOfRevenue": "561600000", "costofGoodsAndServicesSold": "561600000", "operatingIncome": "59500000", "sellingGeneralAndAdministrative": "165800000", "researchAndDevelopment": "0", "operatingExpenses": "164700000", "investmentIncomeNet": "None", "netInterestIncome": "None", "interestIncome": "None", "interestExpense": "1900000", "nonInterestIncome": "None", "otherNonOperatingIncome": "None", "depreciation": "None", "depreciationAndAmortization": "15400000", "incomeBeforeTax": "57500000", "incomeTaxExpense": "21600000", "interestAndDebtExpense": "None", "netIncomeFromContinuingOperations": "0", "comprehensiveIncomeNetOfTax": "None", "ebit": "48700000", "ebitda": "64100000", "netIncome": "31700000"}, {"fiscalDateEnding": "2009-03-31", "reportedCurrency": "USD", "grossProfit": "138700000", "totalRevenue": "585400000", "costOfRevenue": "446700000", "costofGoodsAndServicesSold": "446700000", "operatingIncome": "-27200000", "sellingGeneralAndAdministrative": "156800000", "researchAndDevelopment": "0", "operatingExpenses": "154700000", "investmentIncomeNet": "None", "netInterestIncome": "None", "interestIncome": "None", "interestExpense": "1700000", "nonInterestIncome": "None", "otherNonOperatingIncome": "None", "depreciation": "None", "depreciationAndAmortization": "12800000", "incomeBeforeTax": "-28900000", "incomeTaxExpense": "-10700000", "interestAndDebtExpense": "None", "netIncomeFromContinuingOperations": "0", "comprehensiveIncomeNetOfTax": "None", "ebit": "-40000000", "ebitda": "-27200000", "netIncome": "-18100000"}, {"fiscalDateEnding": "2008-12-31", "reportedCurrency": "USD", "grossProfit": "202300000", "totalRevenue": "737400000", "costOfRevenue": "535100000", "costofGoodsAndServicesSold": "535100000", "operatingIncome": "28300000", "sellingGeneralAndAdministrative": "153600000", "researchAndDevelopment": "46500000", "operatingExpenses": "155300000", "investmentIncomeNet": "None", "netInterestIncome": "None", "interestIncome": "None", "interestExpense": "3500000", "nonInterestIncome": "None", "otherNonOperatingIncome": "None", "depreciation": "None", "depreciationAndAmortization": "12200000", "incomeBeforeTax": "25000000", "incomeTaxExpense": "12300000", "interestAndDebtExpense": "None", "netIncomeFromContinuingOperations": "0", "comprehensiveIncomeNetOfTax": "None", "ebit": "9300000", "ebitda": "21500000", "netIncome": "10400000"}, {"fiscalDateEnding": "2008-09-30", "reportedCurrency": "USD", "grossProfit": "281200000", "totalRevenue": "974000000", "costOfRevenue": "692800000", "costofGoodsAndServicesSold": "692800000", "operatingIncome": "91100000", "sellingGeneralAndAdministrative": "180500000", "researchAndDevelopment": "0", "operatingExpenses": "181700000", "investmentIncomeNet": "None", "netInterestIncome": "None", "interestIncome": "None", "interestExpense": "3800000", "nonInterestIncome": "None", "otherNonOperatingIncome": "None", "depreciation": "None", "depreciationAndAmortization": "12800000", "incomeBeforeTax": "87200000", "incomeTaxExpense": "32300000", "interestAndDebtExpense": "None", "netIncomeFromContinuingOperations": "0", "comprehensiveIncomeNetOfTax": "None", "ebit": "97500000", "ebitda": "110300000", "netIncome": "54900000"}, {"fiscalDateEnding": "2008-06-30", "reportedCurrency": "USD", "grossProfit": "287300000", "totalRevenue": "1002900000", "costOfRevenue": "715600000", "costofGoodsAndServicesSold": "715600000", "operatingIncome": "88000000", "sellingGeneralAndAdministrative": "196600000", "researchAndDevelopment": "0", "operatingExpenses": "191600000", "investmentIncomeNet": "None", "netInterestIncome": "None", "interestIncome": "None", "interestExpense": "3800000", "nonInterestIncome": "None", "otherNonOperatingIncome": "None", "depreciation": "None", "depreciationAndAmortization": "12900000", "incomeBeforeTax": "84100000", "incomeTaxExpense": "32900000", "interestAndDebtExpense": "None", "netIncomeFromContinuingOperations": "0", "comprehensiveIncomeNetOfTax": "None", "ebit": "98400000", "ebitda": "111300000", "netIncome": "51200000"}, {"fiscalDateEnding": "2008-03-31", "reportedCurrency": "USD", "grossProfit": "202800000", "totalRevenue": "767100000", "costOfRevenue": "564300000", "costofGoodsAndServicesSold": "564300000", "operatingIncome": "12700000", "sellingGeneralAndAdministrative": "193700000", "researchAndDevelopment": "0", "operatingExpenses": "187300000", "investmentIncomeNet": "None", "netInterestIncome": "None", "interestIncome": "None", "interestExpense": "2700000", "nonInterestIncome": "None", "otherNonOperatingIncome": "None", "depreciation": "None", "depreciationAndAmortization": "12700000", "incomeBeforeTax": "10000000", "incomeTaxExpense": "3700000", "interestAndDebtExpense": "None", "netIncomeFromContinuingOperations": "0", "comprehensiveIncomeNetOfTax": "None", "ebit": "16200000", "ebitda": "28900000", "netIncome": "6300000"}, {"fiscalDateEnding": "2007-12-31", "reportedCurrency": "USD", "grossProfit": "265300000", "totalRevenue": "886600000", "costOfRevenue": "621300000", "costofGoodsAndServicesSold": "621300000", "operatingIncome": "44200000", "sellingGeneralAndAdministrative": "196000000", "researchAndDevelopment": "43000000", "operatingExpenses": "210100000", "investmentIncomeNet": "None", "netInterestIncome": "None", "interestIncome": "None", "interestExpense": "6800000", "nonInterestIncome": "None", "otherNonOperatingIncome": "None", "depreciation": "None", "depreciationAndAmortization": "12900000", "incomeBeforeTax": "58800000", "incomeTaxExpense": "19900000", "interestAndDebtExpense": "None", "netIncomeFromContinuingOperations": "0", "comprehensiveIncomeNetOfTax": "None", "ebit": "55200000", "ebitda": "68100000", "netIncome": "38900000"}, {"fiscalDateEnding": "2007-09-30", "reportedCurrency": "USD", "grossProfit": "293600000", "totalRevenue": "1029800000", "costOfRevenue": "736200000", "costofGoodsAndServicesSold": "736200000", "operatingIncome": "98900000", "sellingGeneralAndAdministrative": "194300000", "researchAndDevelopment": "0", "operatingExpenses": "190400000", "investmentIncomeNet": "None", "netInterestIncome": "None", "interestIncome": "None", "interestExpense": "1900000", "nonInterestIncome": "None", "otherNonOperatingIncome": "None", "depreciation": "None", "depreciationAndAmortization": "12400000", "incomeBeforeTax": "96800000", "incomeTaxExpense": "35600000", "interestAndDebtExpense": "None", "netIncomeFromContinuingOperations": "0", "comprehensiveIncomeNetOfTax": "None", "ebit": "103200000", "ebitda": "115600000", "netIncome": "61200000"}, {"fiscalDateEnding": "2007-06-30", "reportedCurrency": "USD", "grossProfit": "289100000", "totalRevenue": "1041800000", "costOfRevenue": "752700000", "costofGoodsAndServicesSold": "752700000", "operatingIncome": "91000000", "sellingGeneralAndAdministrative": "197300000", "researchAndDevelopment": "0", "operatingExpenses": "190500000", "investmentIncomeNet": "None", "netInterestIncome": "None", "interestIncome": "None", "interestExpense": "2000000", "nonInterestIncome": "None", "otherNonOperatingIncome": "None", "depreciation": "None", "depreciationAndAmortization": "11700000", "incomeBeforeTax": "88900000", "incomeTaxExpense": "28600000", "interestAndDebtExpense": "None", "netIncomeFromContinuingOperations": "0", "comprehensiveIncomeNetOfTax": "None", "ebit": "98600000", "ebitda": "110300000", "netIncome": "60300000"}, {"fiscalDateEnding": "2007-03-31", "reportedCurrency": "USD", "grossProfit": "204600000", "totalRevenue": "791500000", "costOfRevenue": "586900000", "costofGoodsAndServicesSold": "586900000", "operatingIncome": "14600000", "sellingGeneralAndAdministrative": "191100000", "researchAndDevelopment": "0", "operatingExpenses": "187700000", "investmentIncomeNet": "None", "netInterestIncome": "None", "interestIncome": "None", "interestExpense": "900000", "nonInterestIncome": "None", "otherNonOperatingIncome": "None", "depreciation": "None", "depreciationAndAmortization": "11800000", "incomeBeforeTax": "13700000", "incomeTaxExpense": "5100000", "interestAndDebtExpense": "None", "netIncomeFromContinuingOperations": "0", "comprehensiveIncomeNetOfTax": "None", "ebit": "16900000", "ebitda": "28700000", "netIncome": "8600000"}, {"fiscalDateEnding": "2006-12-31", "reportedCurrency": "USD", "grossProfit": "275000000", "totalRevenue": "862400000", "costOfRevenue": "587400000", "costofGoodsAndServicesSold": "587400000", "operatingIncome": "41200000", "sellingGeneralAndAdministrative": "240000000", "researchAndDevelopment": "42200000", "operatingExpenses": "233600000", "investmentIncomeNet": "None", "netInterestIncome": "None", "interestIncome": "None", "interestExpense": "4400000", "nonInterestIncome": "None", "otherNonOperatingIncome": "None", "depreciation": "None", "depreciationAndAmortization": "11500000", "incomeBeforeTax": "40900000", "incomeTaxExpense": "-4500000", "interestAndDebtExpense": "None", "netIncomeFromContinuingOperations": "0", "comprehensiveIncomeNetOfTax": "None", "ebit": "41400000", "ebitda": "52900000", "netIncome": "45400000"}, {"fiscalDateEnding": "2006-09-30", "reportedCurrency": "USD", "grossProfit": "311000000", "totalRevenue": "1007200000", "costOfRevenue": "696200000", "costofGoodsAndServicesSold": "696200000", "operatingIncome": "56000000", "sellingGeneralAndAdministrative": "252500000", "researchAndDevelopment": "0", "operatingExpenses": "250500000", "investmentIncomeNet": "None", "netInterestIncome": "None", "interestIncome": "None", "interestExpense": "1200000", "nonInterestIncome": "None", "otherNonOperatingIncome": "None", "depreciation": "None", "depreciationAndAmortization": "13400000", "incomeBeforeTax": "55700000", "incomeTaxExpense": "20100000", "interestAndDebtExpense": "None", "netIncomeFromContinuingOperations": "0", "comprehensiveIncomeNetOfTax": "None", "ebit": "61500000", "ebitda": "74900000", "netIncome": "35600000"}, {"fiscalDateEnding": "2006-06-30", "reportedCurrency": "USD", "grossProfit": "315800000", "totalRevenue": "1002000000", "costOfRevenue": "686200000", "costofGoodsAndServicesSold": "686200000", "operatingIncome": "90100000", "sellingGeneralAndAdministrative": "250600000", "researchAndDevelopment": "0", "operatingExpenses": "223400000", "investmentIncomeNet": "None", "netInterestIncome": "None", "interestIncome": "None", "interestExpense": "1800000", "nonInterestIncome": "None", "otherNonOperatingIncome": "None", "depreciation": "None", "depreciationAndAmortization": "10000000", "incomeBeforeTax": "88300000", "incomeTaxExpense": "24300000", "interestAndDebtExpense": "None", "netIncomeFromContinuingOperations": "0", "comprehensiveIncomeNetOfTax": "None", "ebit": "99200000", "ebitda": "109200000", "netIncome": "64000000"}, {"fiscalDateEnding": "2006-03-31", "reportedCurrency": "USD", "grossProfit": "253400000", "totalRevenue": "799500000", "costOfRevenue": "546100000", "costofGoodsAndServicesSold": "546100000", "operatingIncome": "35100000", "sellingGeneralAndAdministrative": "230100000", "researchAndDevelopment": "0", "operatingExpenses": "212000000", "investmentIncomeNet": "None", "netInterestIncome": "None", "interestIncome": "None", "interestExpense": "600000", "nonInterestIncome": "None", "otherNonOperatingIncome": "None", "depreciation": "None", "depreciationAndAmortization": "9400000", "incomeBeforeTax": "33500000", "incomeTaxExpense": "12500000", "interestAndDebtExpense": "None", "netIncomeFromContinuingOperations": "0", "comprehensiveIncomeNetOfTax": "None", "ebit": "30600000", "ebitda": "40000000", "netIncome": "21000000"}, {"fiscalDateEnding": "2005-12-31", "reportedCurrency": "USD", "grossProfit": "276800000", "totalRevenue": "870600000", "costOfRevenue": "593800000", "costofGoodsAndServicesSold": "593800000", "operatingIncome": "75400000", "sellingGeneralAndAdministrative": "243000000", "researchAndDevelopment": "40300000", "operatingExpenses": "201400000", "investmentIncomeNet": "None", "netInterestIncome": "None", "interestIncome": "None", "interestExpense": "15400000", "nonInterestIncome": "None", "otherNonOperatingIncome": "None", "depreciation": "None", "depreciationAndAmortization": "9000000", "incomeBeforeTax": "74400000", "incomeTaxExpense": "23500000", "interestAndDebtExpense": "None", "netIncomeFromContinuingOperations": "0", "comprehensiveIncomeNetOfTax": "None", "ebit": "75400000", "ebitda": "84400000", "netIncome": "50900000"}, {"fiscalDateEnding": "2005-09-30", "reportedCurrency": "USD", "grossProfit": "315400000", "totalRevenue": "927500000", "costOfRevenue": "612100000", "costofGoodsAndServicesSold": "612100000", "operatingIncome": "84900000", "sellingGeneralAndAdministrative": "230200000", "researchAndDevelopment": "0", "operatingExpenses": "230300000", "investmentIncomeNet": "None", "netInterestIncome": "None", "interestIncome": "None", "interestExpense": "4300000", "nonInterestIncome": "None", "otherNonOperatingIncome": "None", "depreciation": "None", "depreciationAndAmortization": "9500000", "incomeBeforeTax": "77100000", "incomeTaxExpense": "28500000", "interestAndDebtExpense": "None", "netIncomeFromContinuingOperations": "0", "comprehensiveIncomeNetOfTax": "None", "ebit": "95100000", "ebitda": "104600000", "netIncome": "48400000"}, {"fiscalDateEnding": "2005-06-30", "reportedCurrency": "USD", "grossProfit": "294000000", "totalRevenue": "867800000", "costOfRevenue": "573800000", "costofGoodsAndServicesSold": "573800000", "operatingIncome": "75600000", "sellingGeneralAndAdministrative": "224900000", "researchAndDevelopment": "0", "operatingExpenses": "216200000", "investmentIncomeNet": "None", "netInterestIncome": "None", "interestIncome": "None", "interestExpense": "4600000", "nonInterestIncome": "None", "otherNonOperatingIncome": "None", "depreciation": "None", "depreciationAndAmortization": "9300000", "incomeBeforeTax": "71600000", "incomeTaxExpense": "26600000", "interestAndDebtExpense": "None", "netIncomeFromContinuingOperations": "0", "comprehensiveIncomeNetOfTax": "None", "ebit": "72300000", "ebitda": "81600000", "netIncome": "44800000"}, {"fiscalDateEnding": "2005-03-31", "reportedCurrency": "USD", "grossProfit": "221800000", "totalRevenue": "700300000", "costOfRevenue": "478500000", "costofGoodsAndServicesSold": "478500000", "operatingIncome": "17500000", "sellingGeneralAndAdministrative": "204300000", "researchAndDevelopment": "0", "operatingExpenses": "204300000", "investmentIncomeNet": "None", "netInterestIncome": "None", "interestIncome": "None", "interestExpense": "5500000", "nonInterestIncome": "None", "otherNonOperatingIncome": "None", "depreciation": "None", "depreciationAndAmortization": "9600000", "incomeBeforeTax": "11900000", "incomeTaxExpense": "4400000", "interestAndDebtExpense": "None", "netIncomeFromContinuingOperations": "0", "comprehensiveIncomeNetOfTax": "None", "ebit": "27000000", "ebitda": "36600000", "netIncome": "6400000"}, {"fiscalDateEnding": "2004-12-31", "reportedCurrency": "USD", "grossProfit": "238200000", "totalRevenue": "741400000", "costOfRevenue": "503200000", "costofGoodsAndServicesSold": "503200000", "operatingIncome": "37000000", "sellingGeneralAndAdministrative": "201500000", "researchAndDevelopment": "37600000", "operatingExpenses": "201200000", "investmentIncomeNet": "None", "netInterestIncome": "None", "interestIncome": "None", "interestExpense": "27200000", "nonInterestIncome": "None", "otherNonOperatingIncome": "None", "depreciation": "None", "depreciationAndAmortization": "9700000", "incomeBeforeTax": "32500000", "incomeTaxExpense": "12000000", "interestAndDebtExpense": "None", "netIncomeFromContinuingOperations": "0", "comprehensiveIncomeNetOfTax": "None", "ebit": "37000000", "ebitda": "46700000", "netIncome": "7700000"}]}