{"symbol": "O", "annualReports": [{"fiscalDateEnding": "2024-12-31", "reportedCurrency": "USD", "grossProfit": "5271142000", "totalRevenue": "5271142000", "costOfRevenue": "377675000", "costofGoodsAndServicesSold": "377675000", "operatingIncome": "5094247000", "sellingGeneralAndAdministrative": "176895000", "researchAndDevelopment": "None", "operatingExpenses": "176895000", "investmentIncomeNet": "None", "netInterestIncome": "-1024135000", "interestIncome": "3309000", "interestExpense": "998104000", "nonInterestIncome": "None", "otherNonOperatingIncome": "None", "depreciation": "None", "depreciationAndAmortization": "2395644000", "incomeBeforeTax": "933942000", "incomeTaxExpense": "73170000", "interestAndDebtExpense": "None", "netIncomeFromContinuingOperations": "867341000", "comprehensiveIncomeNetOfTax": "None", "ebit": "933942000", "ebitda": "3329586000", "netIncome": "860772000"}, {"fiscalDateEnding": "2023-12-31", "reportedCurrency": "USD", "grossProfit": "3762029000", "totalRevenue": "4078993000", "costOfRevenue": "316964000", "costofGoodsAndServicesSold": "316964000", "operatingIncome": "3620039000", "sellingGeneralAndAdministrative": "144536000", "researchAndDevelopment": "0.23", "operatingExpenses": "144536000", "investmentIncomeNet": "None", "netInterestIncome": "-737612000", "interestIncome": "73460000", "interestExpense": "779045000", "nonInterestIncome": "None", "otherNonOperatingIncome": "None", "depreciation": "None", "depreciationAndAmortization": "1895177000", "incomeBeforeTax": "928935000", "incomeTaxExpense": "52021000", "interestAndDebtExpense": "None", "netIncomeFromContinuingOperations": "876914000", "comprehensiveIncomeNetOfTax": "None", "ebit": "1707980000", "ebitda": "3603157000", "netIncome": "872309000"}, {"fiscalDateEnding": "2022-12-31", "reportedCurrency": "USD", "grossProfit": "3117351000", "totalRevenue": "3343681000", "costOfRevenue": "226330000", "costofGoodsAndServicesSold": "226330000", "operatingIncome": "1258247000", "sellingGeneralAndAdministrative": "138459000", "researchAndDevelopment": "0.27", "operatingExpenses": "1808848000", "investmentIncomeNet": "None", "netInterestIncome": "-465223000", "interestIncome": "19759000", "interestExpense": "445448000", "nonInterestIncome": "None", "otherNonOperatingIncome": "127387000", "depreciation": "None", "depreciationAndAmortization": "2251804000", "incomeBeforeTax": "917599000", "incomeTaxExpense": "45183000", "interestAndDebtExpense": "None", "netIncomeFromContinuingOperations": "872416000", "comprehensiveIncomeNetOfTax": "None", "ebit": "676832000", "ebitda": "2928636000", "netIncome": "869408000"}, {"fiscalDateEnding": "2021-12-31", "reportedCurrency": "USD", "grossProfit": "1946858000", "totalRevenue": "2080463000", "costOfRevenue": "133605000", "costofGoodsAndServicesSold": "133605000", "operatingIncome": "963098000", "sellingGeneralAndAdministrative": "96980000", "researchAndDevelopment": "0.19", "operatingExpenses": "994815000", "investmentIncomeNet": "None", "netInterestIncome": "-323644000", "interestIncome": "1816000", "interestExpense": "323644000", "nonInterestIncome": "None", "otherNonOperatingIncome": "-30325000", "depreciation": "None", "depreciationAndAmortization": "1120982000", "incomeBeforeTax": "392404000", "incomeTaxExpense": "31657000", "interestAndDebtExpense": "None", "netIncomeFromContinuingOperations": "360747000", "comprehensiveIncomeNetOfTax": "None", "ebit": "739951000", "ebitda": "1860933000", "netIncome": "359456000"}, {"fiscalDateEnding": "2020-12-31", "reportedCurrency": "USD", "grossProfit": "1547022000", "totalRevenue": "1651625000", "costOfRevenue": "104603000", "costofGoodsAndServicesSold": "104603000", "operatingIncome": "873003000", "sellingGeneralAndAdministrative": "73215000", "researchAndDevelopment": "0.24", "operatingExpenses": "750253000", "investmentIncomeNet": "None", "netInterestIncome": "-305204000", "interestIncome": "4585000", "interestExpense": "309336000", "nonInterestIncome": "None", "otherNonOperatingIncome": "66413000", "depreciation": "None", "depreciationAndAmortization": "847554000", "incomeBeforeTax": "411199000", "incomeTaxExpense": "14693000", "interestAndDebtExpense": "None", "netIncomeFromContinuingOperations": "391921000", "comprehensiveIncomeNetOfTax": "None", "ebit": "702487000", "ebitda": "1550041000", "netIncome": "395486000"}, {"fiscalDateEnding": "2019-12-31", "reportedCurrency": "USD", "grossProfit": "1403006000", "totalRevenue": "1491591000", "costOfRevenue": "88585000", "costofGoodsAndServicesSold": "88585000", "operatingIncome": "750497000", "sellingGeneralAndAdministrative": "66483000", "researchAndDevelopment": "0.30", "operatingExpenses": "660444000", "investmentIncomeNet": "None", "netInterestIncome": "-288239000", "interestIncome": "2255000", "interestExpense": "290991000", "nonInterestIncome": "None", "otherNonOperatingIncome": "29996000", "depreciation": "None", "depreciationAndAmortization": "1036619999", "incomeBeforeTax": "443636000", "incomeTaxExpense": "6158000", "interestAndDebtExpense": "None", "netIncomeFromContinuingOperations": "523808000", "comprehensiveIncomeNetOfTax": "None", "ebit": "307838001", "ebitda": "1344458000", "netIncome": "436482000"}, {"fiscalDateEnding": "2018-12-31", "reportedCurrency": "USD", "grossProfit": "1261512000", "totalRevenue": "1327838000", "costOfRevenue": "66326000", "costofGoodsAndServicesSold": "66326000", "operatingIncome": "637584000", "sellingGeneralAndAdministrative": "84148000", "researchAndDevelopment": "0.28", "operatingExpenses": "623928000", "investmentIncomeNet": "None", "netInterestIncome": "-268753000", "interestIncome": "None", "interestExpense": "266020000", "nonInterestIncome": "None", "otherNonOperatingIncome": "None", "depreciation": "None", "depreciationAndAmortization": "955154000", "incomeBeforeTax": "369938000", "incomeTaxExpense": "5340000", "interestAndDebtExpense": "None", "netIncomeFromContinuingOperations": "406281000", "comprehensiveIncomeNetOfTax": "None", "ebit": "-43190000", "ebitda": "911964000", "netIncome": "363614000"}, {"fiscalDateEnding": "2017-12-31", "reportedCurrency": "USD", "grossProfit": "1146288000", "totalRevenue": "1215768000", "costOfRevenue": "69480000", "costofGoodsAndServicesSold": "69480000", "operatingIncome": "589054000", "sellingGeneralAndAdministrative": "58446000", "researchAndDevelopment": "0.27", "operatingExpenses": "557234000", "investmentIncomeNet": "None", "netInterestIncome": "-248406000", "interestIncome": "None", "interestExpense": "247413000", "nonInterestIncome": "None", "otherNonOperatingIncome": "-42426000", "depreciation": "None", "depreciationAndAmortization": "873872000", "incomeBeforeTax": "325362000", "incomeTaxExpense": "6044000", "interestAndDebtExpense": "None", "netIncomeFromContinuingOperations": "347900000", "comprehensiveIncomeNetOfTax": "None", "ebit": "227970000", "ebitda": "1101842000", "netIncome": "318798000"}, {"fiscalDateEnding": "2016-12-31", "reportedCurrency": "USD", "grossProfit": "1040307000", "totalRevenue": "1103172000", "costOfRevenue": "62865000", "costofGoodsAndServicesSold": "62865000", "operatingIncome": "538398000", "sellingGeneralAndAdministrative": "51966000", "researchAndDevelopment": "0.29", "operatingExpenses": "501909000", "investmentIncomeNet": "None", "netInterestIncome": "-221613000", "interestIncome": "None", "interestExpense": "219974000", "nonInterestIncome": "None", "otherNonOperatingIncome": "None", "depreciation": "None", "depreciationAndAmortization": "784402000", "incomeBeforeTax": "319739000", "incomeTaxExpense": "3262000", "interestAndDebtExpense": "None", "netIncomeFromContinuingOperations": "357363000", "comprehensiveIncomeNetOfTax": "None", "ebit": "-15689000", "ebitda": "768713000", "netIncome": "315571000"}, {"fiscalDateEnding": "2015-12-31", "reportedCurrency": "USD", "grossProfit": "967933000", "totalRevenue": "1023285000", "costOfRevenue": "55352000", "costofGoodsAndServicesSold": "55352000", "operatingIncome": "509420000", "sellingGeneralAndAdministrative": "49298000", "researchAndDevelopment": "0", "operatingExpenses": "458513000", "investmentIncomeNet": "None", "netInterestIncome": "None", "interestIncome": "None", "interestExpense": "233079000", "nonInterestIncome": "None", "otherNonOperatingIncome": "None", "depreciation": "None", "depreciationAndAmortization": "409215000", "incomeBeforeTax": "288024000", "incomeTaxExpense": "3169000", "interestAndDebtExpense": "None", "netIncomeFromContinuingOperations": "317964000", "comprehensiveIncomeNetOfTax": "None", "ebit": "277254000", "ebitda": "686469000", "netIncome": "283766000"}, {"fiscalDateEnding": "2014-12-31", "reportedCurrency": "USD", "grossProfit": "879634000", "totalRevenue": "933505000", "costOfRevenue": "53871000", "costofGoodsAndServicesSold": "53871000", "operatingIncome": "453888000", "sellingGeneralAndAdministrative": "51085000", "researchAndDevelopment": "0", "operatingExpenses": "425746000", "investmentIncomeNet": "None", "netInterestIncome": "None", "interestIncome": "None", "interestExpense": "216366000", "nonInterestIncome": "None", "otherNonOperatingIncome": "None", "depreciation": "None", "depreciationAndAmortization": "374661000", "incomeBeforeTax": "272601000", "incomeTaxExpense": "3461000", "interestAndDebtExpense": "None", "netIncomeFromContinuingOperations": "283806000", "comprehensiveIncomeNetOfTax": "None", "ebit": "475212000", "ebitda": "849873000", "netIncome": "270635000"}, {"fiscalDateEnding": "2013-12-31", "reportedCurrency": "USD", "grossProfit": "739537000", "totalRevenue": "778375000", "costOfRevenue": "38838000", "costofGoodsAndServicesSold": "38838000", "operatingIncome": "376133000", "sellingGeneralAndAdministrative": "56827000", "researchAndDevelopment": "0", "operatingExpenses": "363404000", "investmentIncomeNet": "None", "netInterestIncome": "None", "interestIncome": "None", "interestExpense": "180916000", "nonInterestIncome": "None", "otherNonOperatingIncome": "None", "depreciation": "None", "depreciationAndAmortization": "306577000", "incomeBeforeTax": "181914000", "incomeTaxExpense": "2734000", "interestAndDebtExpense": "None", "netIncomeFromContinuingOperations": "218018000", "comprehensiveIncomeNetOfTax": "None", "ebit": "356111000", "ebitda": "662688000", "netIncome": "245564000"}, {"fiscalDateEnding": "2012-12-31", "reportedCurrency": "USD", "grossProfit": "468241000", "totalRevenue": "475510000", "costOfRevenue": "7269000", "costofGoodsAndServicesSold": "7269000", "operatingIncome": "280646000", "sellingGeneralAndAdministrative": "37998000", "researchAndDevelopment": "0", "operatingExpenses": "187595000", "investmentIncomeNet": "None", "netInterestIncome": "None", "interestIncome": "None", "interestExpense": "116302000", "nonInterestIncome": "None", "otherNonOperatingIncome": "None", "depreciation": "None", "depreciationAndAmortization": "149597000", "incomeBeforeTax": "147401000", "incomeTaxExpense": "1430000", "interestAndDebtExpense": "None", "netIncomeFromContinuingOperations": "145971000", "comprehensiveIncomeNetOfTax": "None", "ebit": "257112000", "ebitda": "406709000", "netIncome": "159152000"}, {"fiscalDateEnding": "2011-12-31", "reportedCurrency": "USD", "grossProfit": "413623000", "totalRevenue": "421059000", "costOfRevenue": "7436000", "costofGoodsAndServicesSold": "7436000", "operatingIncome": "260918000", "sellingGeneralAndAdministrative": "30954000", "researchAndDevelopment": "0", "operatingExpenses": "154175000", "investmentIncomeNet": "None", "netInterestIncome": "None", "interestIncome": "None", "interestExpense": "108301000", "nonInterestIncome": "None", "otherNonOperatingIncome": "None", "depreciation": "None", "depreciationAndAmortization": "121751000", "incomeBeforeTax": "152607000", "incomeTaxExpense": "1470000", "interestAndDebtExpense": "None", "netIncomeFromContinuingOperations": "None", "comprehensiveIncomeNetOfTax": "None", "ebit": "238927000", "ebitda": "360678000", "netIncome": "157032000"}, {"fiscalDateEnding": "2010-12-31", "reportedCurrency": "USD", "grossProfit": "337677000", "totalRevenue": "345009000", "costOfRevenue": "7332000", "costofGoodsAndServicesSold": "7332000", "operatingIncome": "216853000", "sellingGeneralAndAdministrative": "25311000", "researchAndDevelopment": "0", "operatingExpenses": "120824000", "investmentIncomeNet": "None", "netInterestIncome": "None", "interestIncome": "None", "interestExpense": "93237000", "nonInterestIncome": "None", "otherNonOperatingIncome": "None", "depreciation": "None", "depreciationAndAmortization": "95513000", "incomeBeforeTax": "122809000", "incomeTaxExpense": "1393000", "interestAndDebtExpense": "None", "netIncomeFromContinuingOperations": "121416000", "comprehensiveIncomeNetOfTax": "None", "ebit": "216853000", "ebitda": "312366000", "netIncome": "130784000"}, {"fiscalDateEnding": "2009-12-31", "reportedCurrency": "USD", "grossProfit": "320667000", "totalRevenue": "327581000", "costOfRevenue": "6914000", "costofGoodsAndServicesSold": "6914000", "operatingIncome": "207661000", "sellingGeneralAndAdministrative": "20946000", "researchAndDevelopment": "None", "operatingExpenses": "119920000", "investmentIncomeNet": "None", "netInterestIncome": "None", "interestIncome": "None", "interestExpense": "85528000", "nonInterestIncome": "None", "otherNonOperatingIncome": "None", "depreciation": "None", "depreciationAndAmortization": "91383000", "incomeBeforeTax": "122810000", "incomeTaxExpense": "76534000", "interestAndDebtExpense": "None", "netIncomeFromContinuingOperations": "None", "comprehensiveIncomeNetOfTax": "None", "ebit": "207661000", "ebitda": "299044000", "netIncome": "131127000"}, {"fiscalDateEnding": "2008-12-31", "reportedCurrency": "USD", "grossProfit": "330200000", "totalRevenue": "330200000", "costOfRevenue": "118168000", "costofGoodsAndServicesSold": "118168000", "operatingIncome": "210802000", "sellingGeneralAndAdministrative": "21618000", "researchAndDevelopment": "None", "operatingExpenses": "119398000", "investmentIncomeNet": "None", "netInterestIncome": "None", "interestIncome": "None", "interestExpense": "93956000", "nonInterestIncome": "None", "otherNonOperatingIncome": "None", "depreciation": "None", "depreciationAndAmortization": "90732000", "incomeBeforeTax": "118076000", "incomeTaxExpense": "78961000", "interestAndDebtExpense": "None", "netIncomeFromContinuingOperations": "None", "comprehensiveIncomeNetOfTax": "None", "ebit": "210802000", "ebitda": "301534000", "netIncome": "131841000"}, {"fiscalDateEnding": "2007-12-31", "reportedCurrency": "USD", "grossProfit": "296513000", "totalRevenue": "296513000", "costOfRevenue": "103407000", "costofGoodsAndServicesSold": "103407000", "operatingIncome": "191714000", "sellingGeneralAndAdministrative": "22694000", "researchAndDevelopment": "None", "operatingExpenses": "104799000", "investmentIncomeNet": "None", "netInterestIncome": "None", "interestIncome": "None", "interestExpense": "64331000", "nonInterestIncome": "None", "otherNonOperatingIncome": "None", "depreciation": "None", "depreciationAndAmortization": "77192000", "incomeBeforeTax": "128775000", "incomeTaxExpense": "1392000", "interestAndDebtExpense": "None", "netIncomeFromContinuingOperations": "None", "comprehensiveIncomeNetOfTax": "None", "ebit": "191714000", "ebitda": "268906000", "netIncome": "140409000"}, {"fiscalDateEnding": "2006-12-31", "reportedCurrency": "USD", "grossProfit": "240100000", "totalRevenue": "240100000", "costOfRevenue": "80370000", "costofGoodsAndServicesSold": "80370000", "operatingIncome": "158983000", "sellingGeneralAndAdministrative": "17539000", "researchAndDevelopment": "None", "operatingExpenses": "81117000", "investmentIncomeNet": "None", "netInterestIncome": "None", "interestIncome": "None", "interestExpense": "51363000", "nonInterestIncome": "None", "otherNonOperatingIncome": "None", "depreciation": "None", "depreciationAndAmortization": "59492000", "incomeBeforeTax": "106812000", "incomeTaxExpense": "747000", "interestAndDebtExpense": "None", "netIncomeFromContinuingOperations": "None", "comprehensiveIncomeNetOfTax": "None", "ebit": "159730000", "ebitda": "219222000", "netIncome": "110781000"}, {"fiscalDateEnding": "2005-12-31", "reportedCurrency": "USD", "grossProfit": "196676000", "totalRevenue": "196676000", "costOfRevenue": "65697000", "costofGoodsAndServicesSold": "65697000", "operatingIncome": "130166000", "sellingGeneralAndAdministrative": "15421000", "researchAndDevelopment": "None", "operatingExpenses": "66510000", "investmentIncomeNet": "None", "netInterestIncome": "None", "interestIncome": "None", "interestExpense": "40949000", "nonInterestIncome": "None", "otherNonOperatingIncome": "None", "depreciation": "None", "depreciationAndAmortization": "46450000", "incomeBeforeTax": "90030000", "incomeTaxExpense": "31047000", "interestAndDebtExpense": "None", "netIncomeFromContinuingOperations": "None", "comprehensiveIncomeNetOfTax": "None", "ebit": "146835000", "ebitda": "193285000", "netIncome": "99119000"}], "quarterlyReports": [{"fiscalDateEnding": "2024-12-31", "reportedCurrency": "USD", "grossProfit": "1340299000", "totalRevenue": "1340299000", "costOfRevenue": "96309000", "costofGoodsAndServicesSold": "96309000", "operatingIncome": "1291185000", "sellingGeneralAndAdministrative": "49114000", "researchAndDevelopment": "None", "operatingExpenses": "49114000", "investmentIncomeNet": "None", "netInterestIncome": "-270762000", "interestIncome": "592000", "interestExpense": "262567000", "nonInterestIncome": "None", "otherNonOperatingIncome": "None", "depreciation": "None", "depreciationAndAmortization": "606671000", "incomeBeforeTax": "221452000", "incomeTaxExpense": "21840000", "interestAndDebtExpense": "None", "netIncomeFromContinuingOperations": "201350000", "comprehensiveIncomeNetOfTax": "None", "ebit": "221452000", "ebitda": "828123000", "netIncome": "199612000"}, {"fiscalDateEnding": "2024-09-30", "reportedCurrency": "USD", "grossProfit": "1238761000", "totalRevenue": "1330915000", "costOfRevenue": "92154000", "costofGoodsAndServicesSold": "92154000", "operatingIncome": "1201979000", "sellingGeneralAndAdministrative": "41869000", "researchAndDevelopment": "None", "operatingExpenses": "41869000", "investmentIncomeNet": "None", "netInterestIncome": "-262229000", "interestIncome": "None", "interestExpense": "254870000", "nonInterestIncome": "None", "otherNonOperatingIncome": "None", "depreciation": "None", "depreciationAndAmortization": "602339000", "incomeBeforeTax": "286479000", "incomeTaxExpense": "15355000", "interestAndDebtExpense": "None", "netIncomeFromContinuingOperations": "271124000", "comprehensiveIncomeNetOfTax": "None", "ebit": "626630000", "ebitda": "1228969000", "netIncome": "269485000"}, {"fiscalDateEnding": "2024-06-30", "reportedCurrency": "USD", "grossProfit": "642610000", "totalRevenue": "1348031000", "costOfRevenue": "705421000", "costofGoodsAndServicesSold": "705421000", "operatingIncome": "593345000", "sellingGeneralAndAdministrative": "45070000", "researchAndDevelopment": "None", "operatingExpenses": "650640000", "investmentIncomeNet": "None", "netInterestIncome": "-248730000", "interestIncome": "None", "interestExpense": "241513000", "nonInterestIncome": "None", "otherNonOperatingIncome": "None", "depreciation": "None", "depreciationAndAmortization": "605570000", "incomeBeforeTax": "276610000", "incomeTaxExpense": "15642000", "interestAndDebtExpense": "None", "netIncomeFromContinuingOperations": "260968000", "comprehensiveIncomeNetOfTax": "None", "ebit": "590981000", "ebitda": "1196551000", "netIncome": "259391000"}, {"fiscalDateEnding": "2024-03-31", "reportedCurrency": "USD", "grossProfit": "598992000", "totalRevenue": "1269417000", "costOfRevenue": "670425000", "costofGoodsAndServicesSold": "670425000", "operatingIncome": "566894000", "sellingGeneralAndAdministrative": "40842000", "researchAndDevelopment": "None", "operatingExpenses": "32098000", "investmentIncomeNet": "None", "netInterestIncome": "-242414000", "interestIncome": "4272000", "interestExpense": "239524000", "nonInterestIncome": "None", "otherNonOperatingIncome": "None", "depreciation": "None", "depreciationAndAmortization": "581064000", "incomeBeforeTax": "149401000", "incomeTaxExpense": "15502000", "interestAndDebtExpense": "None", "netIncomeFromContinuingOperations": "133899000", "comprehensiveIncomeNetOfTax": "None", "ebit": "547542000", "ebitda": "1128606000", "netIncome": "132284000"}, {"fiscalDateEnding": "2023-12-31", "reportedCurrency": "USD", "grossProfit": "994402000", "totalRevenue": "1076285000", "costOfRevenue": "81883000", "costofGoodsAndServicesSold": "81883000", "operatingIncome": "482666000", "sellingGeneralAndAdministrative": "38015000", "researchAndDevelopment": "None", "operatingExpenses": "513871000", "investmentIncomeNet": "None", "netInterestIncome": "-210112000", "interestIncome": "18216000", "interestExpense": "219798000", "nonInterestIncome": "None", "otherNonOperatingIncome": "None", "depreciation": "None", "depreciationAndAmortization": "475856000", "incomeBeforeTax": "235565000", "incomeTaxExpense": "15803000", "interestAndDebtExpense": "None", "netIncomeFromContinuingOperations": "219762000", "comprehensiveIncomeNetOfTax": "None", "ebit": "482666000", "ebitda": "958522000", "netIncome": "218405000"}, {"fiscalDateEnding": "2023-09-30", "reportedCurrency": "USD", "grossProfit": "968123000", "totalRevenue": "1039104000", "costOfRevenue": "70981000", "costofGoodsAndServicesSold": "70981000", "operatingIncome": "437032000", "sellingGeneralAndAdministrative": "35525000", "researchAndDevelopment": "None", "operatingExpenses": "538789000", "investmentIncomeNet": "None", "netInterestIncome": "-184121000", "interestIncome": "2813000", "interestExpense": "195813000", "nonInterestIncome": "None", "otherNonOperatingIncome": "None", "depreciation": "None", "depreciationAndAmortization": "495566000", "incomeBeforeTax": "245213000", "incomeTaxExpense": "11336000", "interestAndDebtExpense": "None", "netIncomeFromContinuingOperations": "233877000", "comprehensiveIncomeNetOfTax": "None", "ebit": "437032000", "ebitda": "932598000", "netIncome": "233473000"}, {"fiscalDateEnding": "2023-06-30", "reportedCurrency": "USD", "grossProfit": "924502000", "totalRevenue": "1019205000", "costOfRevenue": "94703000", "costofGoodsAndServicesSold": "94703000", "operatingIncome": "440279000", "sellingGeneralAndAdministrative": "36829000", "researchAndDevelopment": "None", "operatingExpenses": "509107000", "investmentIncomeNet": "None", "netInterestIncome": "-183857000", "interestIncome": "2141000", "interestExpense": "177846000", "nonInterestIncome": "None", "otherNonOperatingIncome": "11255000", "depreciation": "None", "depreciationAndAmortization": "472278000", "incomeBeforeTax": "210085000", "incomeTaxExpense": "12932000", "interestAndDebtExpense": "None", "netIncomeFromContinuingOperations": "197153000", "comprehensiveIncomeNetOfTax": "None", "ebit": "440279000", "ebitda": "912557000", "netIncome": "195415000"}, {"fiscalDateEnding": "2023-03-31", "reportedCurrency": "USD", "grossProfit": "875002000", "totalRevenue": "944399000", "costOfRevenue": "69397000", "costofGoodsAndServicesSold": "69397000", "operatingIncome": "392088000", "sellingGeneralAndAdministrative": "34167000", "researchAndDevelopment": "None", "operatingExpenses": "485644000", "investmentIncomeNet": "None", "netInterestIncome": "-154132000", "interestIncome": "10322000", "interestExpense": "154132000", "nonInterestIncome": "None", "otherNonOperatingIncome": "7009000", "depreciation": "None", "depreciationAndAmortization": "451477000", "incomeBeforeTax": "238072000", "incomeTaxExpense": "11950000", "interestAndDebtExpense": "None", "netIncomeFromContinuingOperations": "226122000", "comprehensiveIncomeNetOfTax": "None", "ebit": "392088000", "ebitda": "843565000", "netIncome": "225016000"}, {"fiscalDateEnding": "2022-12-31", "reportedCurrency": "USD", "grossProfit": "819561000", "totalRevenue": "888650000", "costOfRevenue": "69089000", "costofGoodsAndServicesSold": "69089000", "operatingIncome": "342208000", "sellingGeneralAndAdministrative": "37525000", "researchAndDevelopment": "None", "operatingExpenses": "475699000", "investmentIncomeNet": "None", "netInterestIncome": "-131290000", "interestIncome": "2579000", "interestExpense": "69669000", "nonInterestIncome": "None", "otherNonOperatingIncome": "32837000", "depreciation": "None", "depreciationAndAmortization": "438174000", "incomeBeforeTax": "237717000", "incomeTaxExpense": "9381000", "interestAndDebtExpense": "None", "netIncomeFromContinuingOperations": "228336000", "comprehensiveIncomeNetOfTax": "None", "ebit": "342208000", "ebitda": "780382000", "netIncome": "227265000"}, {"fiscalDateEnding": "2022-09-30", "reportedCurrency": "USD", "grossProfit": "784550000", "totalRevenue": "837269000", "costOfRevenue": "52719000", "costofGoodsAndServicesSold": "52719000", "operatingIncome": "316604000", "sellingGeneralAndAdministrative": "34096000", "researchAndDevelopment": "None", "operatingExpenses": "453112000", "investmentIncomeNet": "None", "netInterestIncome": "-117409000", "interestIncome": "23555000", "interestExpense": "130753000", "nonInterestIncome": "None", "otherNonOperatingIncome": "44710000", "depreciation": "None", "depreciationAndAmortization": "419016000", "incomeBeforeTax": "230450000", "incomeTaxExpense": "10163000", "interestAndDebtExpense": "None", "netIncomeFromContinuingOperations": "220287000", "comprehensiveIncomeNetOfTax": "None", "ebit": "316604000", "ebitda": "735620000", "netIncome": "219567000"}, {"fiscalDateEnding": "2022-06-30", "reportedCurrency": "USD", "grossProfit": "758239000", "totalRevenue": "810419000", "costOfRevenue": "52180000", "costofGoodsAndServicesSold": "52180000", "operatingIncome": "310842000", "sellingGeneralAndAdministrative": "34139000", "researchAndDevelopment": "None", "operatingExpenses": "443576000", "investmentIncomeNet": "None", "netInterestIncome": "-110121000", "interestIncome": "853000", "interestExpense": "110121000", "nonInterestIncome": "None", "otherNonOperatingIncome": "36878000", "depreciation": "None", "depreciationAndAmortization": "409437000", "incomeBeforeTax": "238480000", "incomeTaxExpense": "14658000", "interestAndDebtExpense": "None", "netIncomeFromContinuingOperations": "223822000", "comprehensiveIncomeNetOfTax": "None", "ebit": "310842000", "ebitda": "720279000", "netIncome": "223207000"}, {"fiscalDateEnding": "2022-03-31", "reportedCurrency": "USD", "grossProfit": "755001000", "totalRevenue": "807343000", "costOfRevenue": "52342000", "costofGoodsAndServicesSold": "52342000", "operatingIncome": "321346000", "sellingGeneralAndAdministrative": "32699000", "researchAndDevelopment": "None", "operatingExpenses": "436461000", "investmentIncomeNet": "None", "netInterestIncome": "-106403000", "interestIncome": "19301000", "interestExpense": "106403000", "nonInterestIncome": "None", "otherNonOperatingIncome": "12962000", "depreciation": "None", "depreciationAndAmortization": "403762000", "incomeBeforeTax": "210952000", "incomeTaxExpense": "10981000", "interestAndDebtExpense": "None", "netIncomeFromContinuingOperations": "199971000", "comprehensiveIncomeNetOfTax": "None", "ebit": "321346000", "ebitda": "725108000", "netIncome": "199369000"}, {"fiscalDateEnding": "2021-12-31", "reportedCurrency": "USD", "grossProfit": "641309000", "totalRevenue": "685019000", "costOfRevenue": "43710000", "costofGoodsAndServicesSold": "43710000", "operatingIncome": "122529000", "sellingGeneralAndAdministrative": "30522000", "researchAndDevelopment": "None", "operatingExpenses": "363751000", "investmentIncomeNet": "None", "netInterestIncome": "-100739000", "interestIncome": "2986000", "interestExpense": "100739000", "nonInterestIncome": "None", "otherNonOperatingIncome": "-15265000", "depreciation": "None", "depreciationAndAmortization": "333229000", "incomeBeforeTax": "14595000", "incomeTaxExpense": "10128000", "interestAndDebtExpense": "None", "netIncomeFromContinuingOperations": "5271000", "comprehensiveIncomeNetOfTax": "None", "ebit": "278665000", "ebitda": "611894000", "netIncome": "4041000"}, {"fiscalDateEnding": "2021-09-30", "reportedCurrency": "USD", "grossProfit": "462213000", "totalRevenue": "491875000", "costOfRevenue": "29662000", "costofGoodsAndServicesSold": "29662000", "operatingIncome": "239568000", "sellingGeneralAndAdministrative": "23813000", "researchAndDevelopment": "None", "operatingExpenses": "222645000", "investmentIncomeNet": "None", "netInterestIncome": "-76156000", "interestIncome": "2374000", "interestExpense": "72127000", "nonInterestIncome": "None", "otherNonOperatingIncome": "8111000", "depreciation": "None", "depreciationAndAmortization": "198832000", "incomeBeforeTax": "141355000", "incomeTaxExpense": "6079000", "interestAndDebtExpense": "None", "netIncomeFromContinuingOperations": "135276000", "comprehensiveIncomeNetOfTax": "None", "ebit": "235734000", "ebitda": "434566000", "netIncome": "134996000"}, {"fiscalDateEnding": "2021-06-30", "reportedCurrency": "USD", "grossProfit": "432548000", "totalRevenue": "464282000", "costOfRevenue": "31734000", "costofGoodsAndServicesSold": "31734000", "operatingIncome": "222910000", "sellingGeneralAndAdministrative": "21849000", "researchAndDevelopment": "None", "operatingExpenses": "209638000", "investmentIncomeNet": "None", "netInterestIncome": "-73674000", "interestIncome": "400000", "interestExpense": "69585000", "nonInterestIncome": "None", "otherNonOperatingIncome": "14901000", "depreciation": "None", "depreciationAndAmortization": "187789000", "incomeBeforeTax": "133993000", "incomeTaxExpense": "9225000", "interestAndDebtExpense": "None", "netIncomeFromContinuingOperations": "124768000", "comprehensiveIncomeNetOfTax": "None", "ebit": "230386000", "ebitda": "418175000", "netIncome": "124479000"}, {"fiscalDateEnding": "2021-03-31", "reportedCurrency": "USD", "grossProfit": "414305000", "totalRevenue": "442804000", "costOfRevenue": "28499000", "costofGoodsAndServicesSold": "28499000", "operatingIncome": "146770000", "sellingGeneralAndAdministrative": "20796000", "researchAndDevelopment": "None", "operatingExpenses": "198781000", "investmentIncomeNet": "None", "netInterestIncome": "-73075000", "interestIncome": "804000", "interestExpense": "68754000", "nonInterestIncome": "None", "otherNonOperatingIncome": "-38072000", "depreciation": "None", "depreciationAndAmortization": "177985000", "incomeBeforeTax": "102461000", "incomeTaxExpense": "6225000", "interestAndDebtExpense": "None", "netIncomeFromContinuingOperations": "95432000", "comprehensiveIncomeNetOfTax": "None", "ebit": "413607000", "ebitda": "591592000", "netIncome": "95940000"}, {"fiscalDateEnding": "2020-12-31", "reportedCurrency": "USD", "grossProfit": "390941000", "totalRevenue": "418076000", "costOfRevenue": "27135000", "costofGoodsAndServicesSold": "27135000", "operatingIncome": "199226000", "sellingGeneralAndAdministrative": "16674000", "researchAndDevelopment": "None", "operatingExpenses": "191715000", "investmentIncomeNet": "None", "netInterestIncome": "-77748000", "interestIncome": "3311000", "interestExpense": "78764000", "nonInterestIncome": "None", "otherNonOperatingIncome": "22667000", "depreciation": "None", "depreciationAndAmortization": "175041000", "incomeBeforeTax": "122650000", "incomeTaxExpense": "4500000", "interestAndDebtExpense": "None", "netIncomeFromContinuingOperations": "62781000", "comprehensiveIncomeNetOfTax": "None", "ebit": "198210000", "ebitda": "373251000", "netIncome": "117931000"}, {"fiscalDateEnding": "2020-09-30", "reportedCurrency": "USD", "grossProfit": "379162000", "totalRevenue": "404572000", "costOfRevenue": "25410000", "costofGoodsAndServicesSold": "25410000", "operatingIncome": "193564000", "sellingGeneralAndAdministrative": "16514000", "researchAndDevelopment": "None", "operatingExpenses": "185598000", "investmentIncomeNet": "None", "netInterestIncome": "-75683000", "interestIncome": "2336000", "interestExpense": "76806000", "nonInterestIncome": "None", "otherNonOperatingIncome": "13736000", "depreciation": "None", "depreciationAndAmortization": "169084000", "incomeBeforeTax": "27735000", "incomeTaxExpense": "4592000", "interestAndDebtExpense": "None", "netIncomeFromContinuingOperations": "20807000", "comprehensiveIncomeNetOfTax": "None", "ebit": "116790000", "ebitda": "285874000", "netIncome": "22904000"}, {"fiscalDateEnding": "2020-06-30", "reportedCurrency": "USD", "grossProfit": "388184000", "totalRevenue": "414636000", "costOfRevenue": "26452000", "costofGoodsAndServicesSold": "26452000", "operatingIncome": "200793000", "sellingGeneralAndAdministrative": "19063000", "researchAndDevelopment": "None", "operatingExpenses": "187391000", "investmentIncomeNet": "None", "netInterestIncome": "-76535000", "interestIncome": "502000", "interestExpense": "77841000", "nonInterestIncome": "None", "otherNonOperatingIncome": "1323000", "depreciation": "None", "depreciationAndAmortization": "168328000", "incomeBeforeTax": "110908000", "incomeTaxExpense": "2838000", "interestAndDebtExpense": "None", "netIncomeFromContinuingOperations": "134020000", "comprehensiveIncomeNetOfTax": "None", "ebit": "212837000", "ebitda": "381165000", "netIncome": "107824000"}, {"fiscalDateEnding": "2020-03-31", "reportedCurrency": "USD", "grossProfit": "388735000", "totalRevenue": "414341000", "costOfRevenue": "25606000", "costofGoodsAndServicesSold": "25606000", "operatingIncome": "203186000", "sellingGeneralAndAdministrative": "20964000", "researchAndDevelopment": "None", "operatingExpenses": "185549000", "investmentIncomeNet": "None", "netInterestIncome": "-75239000", "interestIncome": "1564000", "interestExpense": "75925000", "nonInterestIncome": "None", "otherNonOperatingIncome": "28687000", "depreciation": "None", "depreciationAndAmortization": "164585000", "incomeBeforeTax": "149906000", "incomeTaxExpense": "2763000", "interestAndDebtExpense": "None", "netIncomeFromContinuingOperations": "174313000", "comprehensiveIncomeNetOfTax": "None", "ebit": "354871000", "ebitda": "519456000", "netIncome": "146827000"}, {"fiscalDateEnding": "2019-12-31", "reportedCurrency": "USD", "grossProfit": "372276000", "totalRevenue": "397529000", "costOfRevenue": "25253000", "costofGoodsAndServicesSold": "25253000", "operatingIncome": "199352000", "sellingGeneralAndAdministrative": "16330000", "researchAndDevelopment": "None", "operatingExpenses": "172924000", "investmentIncomeNet": "None", "netInterestIncome": "-74379000", "interestIncome": "1792000", "interestExpense": "75073000", "nonInterestIncome": "None", "otherNonOperatingIncome": "14131000", "depreciation": "None", "depreciationAndAmortization": "156594000", "incomeBeforeTax": "131289000", "incomeTaxExpense": "1736000", "interestAndDebtExpense": "None", "netIncomeFromContinuingOperations": "152977000", "comprehensiveIncomeNetOfTax": "None", "ebit": "124279000", "ebitda": "280873000", "netIncome": "129297000"}, {"fiscalDateEnding": "2019-09-30", "reportedCurrency": "USD", "grossProfit": "353893000", "totalRevenue": "374247000", "costOfRevenue": "20354000", "costofGoodsAndServicesSold": "20354000", "operatingIncome": "188009000", "sellingGeneralAndAdministrative": "16460000", "researchAndDevelopment": "None", "operatingExpenses": "165884000", "investmentIncomeNet": "None", "netInterestIncome": "-72716000", "interestIncome": "327000", "interestExpense": "73410000", "nonInterestIncome": "None", "otherNonOperatingIncome": "1674000", "depreciation": "None", "depreciationAndAmortization": "149424000", "incomeBeforeTax": "103097000", "incomeTaxExpense": "1822000", "interestAndDebtExpense": "None", "netIncomeFromContinuingOperations": "121302000", "comprehensiveIncomeNetOfTax": "None", "ebit": "114599000", "ebitda": "264023000", "netIncome": "101049000"}, {"fiscalDateEnding": "2019-06-30", "reportedCurrency": "USD", "grossProfit": "344108000", "totalRevenue": "365450000", "costOfRevenue": "21342000", "costofGoodsAndServicesSold": "21342000", "operatingIncome": "175097000", "sellingGeneralAndAdministrative": "18585000", "researchAndDevelopment": "None", "operatingExpenses": "169011000", "investmentIncomeNet": "None", "netInterestIncome": "-71802000", "interestIncome": "136000", "interestExpense": "72488000", "nonInterestIncome": "None", "otherNonOperatingIncome": "6891000", "depreciation": "None", "depreciationAndAmortization": "150426000", "incomeBeforeTax": "96575000", "incomeTaxExpense": "1155000", "interestAndDebtExpense": "None", "netIncomeFromContinuingOperations": "116626000", "comprehensiveIncomeNetOfTax": "None", "ebit": "102609000", "ebitda": "253035000", "netIncome": "95194000"}, {"fiscalDateEnding": "2019-03-31", "reportedCurrency": "USD", "grossProfit": "332729000", "totalRevenue": "354365000", "costOfRevenue": "21636000", "costofGoodsAndServicesSold": "21636000", "operatingIncome": "180104000", "sellingGeneralAndAdministrative": "15108000", "researchAndDevelopment": "None", "operatingExpenses": "152625000", "investmentIncomeNet": "None", "netInterestIncome": "-69342000", "interestIncome": "None", "interestExpense": "70020000", "nonInterestIncome": "None", "otherNonOperatingIncome": "7300000", "depreciation": "None", "depreciationAndAmortization": "137517000", "incomeBeforeTax": "112675000", "incomeTaxExpense": "1445000", "interestAndDebtExpense": "None", "netIncomeFromContinuingOperations": "132903000", "comprehensiveIncomeNetOfTax": "None", "ebit": "110084000", "ebitda": "247601000", "netIncome": "110942000"}, {"fiscalDateEnding": "2018-12-31", "reportedCurrency": "USD", "grossProfit": "324844000", "totalRevenue": "342576000", "costOfRevenue": "17732000", "costofGoodsAndServicesSold": "17732000", "operatingIncome": "152955000", "sellingGeneralAndAdministrative": "34178000", "researchAndDevelopment": "0", "operatingExpenses": "171889000", "investmentIncomeNet": "None", "netInterestIncome": "None", "interestIncome": "None", "interestExpense": "70635000", "nonInterestIncome": "None", "otherNonOperatingIncome": "None", "depreciation": "None", "depreciationAndAmortization": "137711000", "incomeBeforeTax": "86910000", "incomeTaxExpense": "1607000", "interestAndDebtExpense": "None", "netIncomeFromContinuingOperations": "97210000", "comprehensiveIncomeNetOfTax": "None", "ebit": "82940000", "ebitda": "220651000", "netIncome": "85072000"}, {"fiscalDateEnding": "2018-09-30", "reportedCurrency": "USD", "grossProfit": "322275000", "totalRevenue": "338081000", "costOfRevenue": "15806000", "costofGoodsAndServicesSold": "15806000", "operatingIncome": "168976000", "sellingGeneralAndAdministrative": "16332000", "researchAndDevelopment": "0", "operatingExpenses": "153299000", "investmentIncomeNet": "None", "netInterestIncome": "None", "interestIncome": "None", "interestExpense": "69342000", "nonInterestIncome": "None", "otherNonOperatingIncome": "None", "depreciation": "None", "depreciationAndAmortization": "136967000", "incomeBeforeTax": "100585000", "incomeTaxExpense": "1302000", "interestAndDebtExpense": "None", "netIncomeFromContinuingOperations": "107276000", "comprehensiveIncomeNetOfTax": "None", "ebit": "99634000", "ebitda": "236601000", "netIncome": "98999000"}, {"fiscalDateEnding": "2018-06-30", "reportedCurrency": "USD", "grossProfit": "312650000", "totalRevenue": "328886000", "costOfRevenue": "16236000", "costofGoodsAndServicesSold": "16236000", "operatingIncome": "160697000", "sellingGeneralAndAdministrative": "17954000", "researchAndDevelopment": "0", "operatingExpenses": "151953000", "investmentIncomeNet": "None", "netInterestIncome": "None", "interestIncome": "None", "interestExpense": "66628000", "nonInterestIncome": "None", "otherNonOperatingIncome": "None", "depreciation": "None", "depreciationAndAmortization": "133999000", "incomeBeforeTax": "97905000", "incomeTaxExpense": "1208000", "interestAndDebtExpense": "None", "netIncomeFromContinuingOperations": "105146000", "comprehensiveIncomeNetOfTax": "None", "ebit": "94069000", "ebitda": "228068000", "netIncome": "96380000"}, {"fiscalDateEnding": "2018-03-31", "reportedCurrency": "USD", "grossProfit": "301743000", "totalRevenue": "318295000", "costOfRevenue": "16552000", "costofGoodsAndServicesSold": "16552000", "operatingIncome": "154956000", "sellingGeneralAndAdministrative": "15684000", "researchAndDevelopment": "0", "operatingExpenses": "146787000", "investmentIncomeNet": "None", "netInterestIncome": "None", "interestIncome": "None", "interestExpense": "59415000", "nonInterestIncome": "None", "otherNonOperatingIncome": "None", "depreciation": "None", "depreciationAndAmortization": "131103000", "incomeBeforeTax": "84538000", "incomeTaxExpense": "1223000", "interestAndDebtExpense": "None", "netIncomeFromContinuingOperations": "96649000", "comprehensiveIncomeNetOfTax": "None", "ebit": "95541000", "ebitda": "226644000", "netIncome": "83163000"}, {"fiscalDateEnding": "2017-12-31", "reportedCurrency": "USD", "grossProfit": "294002000", "totalRevenue": "310654000", "costOfRevenue": "16652000", "costofGoodsAndServicesSold": "16652000", "operatingIncome": "151749000", "sellingGeneralAndAdministrative": "15219000", "researchAndDevelopment": "0", "operatingExpenses": "142252000", "investmentIncomeNet": "None", "netInterestIncome": "None", "interestIncome": "None", "interestExpense": "61477000", "nonInterestIncome": "None", "otherNonOperatingIncome": "-42426000", "depreciation": "None", "depreciationAndAmortization": "127033000", "incomeBeforeTax": "64376000", "incomeTaxExpense": "3424000", "interestAndDebtExpense": "None", "netIncomeFromContinuingOperations": "54395000", "comprehensiveIncomeNetOfTax": "None", "ebit": "90297000", "ebitda": "217330000", "netIncome": "60852000"}, {"fiscalDateEnding": "2017-09-30", "reportedCurrency": "USD", "grossProfit": "289653000", "totalRevenue": "306920000", "costOfRevenue": "17267000", "costofGoodsAndServicesSold": "17267000", "operatingIncome": "148203000", "sellingGeneralAndAdministrative": "13881000", "researchAndDevelopment": "0", "operatingExpenses": "141450000", "investmentIncomeNet": "None", "netInterestIncome": "None", "interestIncome": "None", "interestExpense": "62951000", "nonInterestIncome": "None", "otherNonOperatingIncome": "None", "depreciation": "None", "depreciationAndAmortization": "127569000", "incomeBeforeTax": "89206000", "incomeTaxExpense": "1133000", "interestAndDebtExpense": "None", "netIncomeFromContinuingOperations": "101021000", "comprehensiveIncomeNetOfTax": "None", "ebit": "85271000", "ebitda": "212840000", "netIncome": "87940000"}, {"fiscalDateEnding": "2017-06-30", "reportedCurrency": "USD", "grossProfit": "283684000", "totalRevenue": "300170000", "costOfRevenue": "16486000", "costofGoodsAndServicesSold": "16486000", "operatingIncome": "144814000", "sellingGeneralAndAdministrative": "15781000", "researchAndDevelopment": "0", "operatingExpenses": "138870000", "investmentIncomeNet": "None", "netInterestIncome": "None", "interestIncome": "None", "interestExpense": "63679000", "nonInterestIncome": "None", "otherNonOperatingIncome": "None", "depreciation": "None", "depreciationAndAmortization": "123089000", "incomeBeforeTax": "81700000", "incomeTaxExpense": "441000", "interestAndDebtExpense": "None", "netIncomeFromContinuingOperations": "94906000", "comprehensiveIncomeNetOfTax": "None", "ebit": "81214000", "ebitda": "204303000", "netIncome": "81136000"}, {"fiscalDateEnding": "2017-03-31", "reportedCurrency": "USD", "grossProfit": "278950000", "totalRevenue": "298025000", "costOfRevenue": "19075000", "costofGoodsAndServicesSold": "19075000", "operatingIncome": "144288000", "sellingGeneralAndAdministrative": "13565000", "researchAndDevelopment": "0", "operatingExpenses": "134662000", "investmentIncomeNet": "None", "netInterestIncome": "None", "interestIncome": "None", "interestExpense": "59305000", "nonInterestIncome": "None", "otherNonOperatingIncome": "None", "depreciation": "None", "depreciationAndAmortization": "121097000", "incomeBeforeTax": "90082000", "incomeTaxExpense": "1047000", "interestAndDebtExpense": "None", "netIncomeFromContinuingOperations": "97578000", "comprehensiveIncomeNetOfTax": "None", "ebit": "85114000", "ebitda": "206211000", "netIncome": "71586000"}, {"fiscalDateEnding": "2016-12-31", "reportedCurrency": "USD", "grossProfit": "270432000", "totalRevenue": "287843000", "costOfRevenue": "17411000", "costofGoodsAndServicesSold": "17411000", "operatingIncome": "139122000", "sellingGeneralAndAdministrative": "13559000", "researchAndDevelopment": "0", "operatingExpenses": "131311000", "investmentIncomeNet": "None", "netInterestIncome": "None", "interestIncome": "None", "interestExpense": "48935000", "nonInterestIncome": "None", "otherNonOperatingIncome": "None", "depreciation": "None", "depreciationAndAmortization": "117752000", "incomeBeforeTax": "93173000", "incomeTaxExpense": "449000", "interestAndDebtExpense": "None", "netIncomeFromContinuingOperations": "542665000", "comprehensiveIncomeNetOfTax": "None", "ebit": "90413000", "ebitda": "208165000", "netIncome": "85671000"}, {"fiscalDateEnding": "2016-09-30", "reportedCurrency": "USD", "grossProfit": "261496000", "totalRevenue": "277174000", "costOfRevenue": "15678000", "costofGoodsAndServicesSold": "15678000", "operatingIncome": "135476000", "sellingGeneralAndAdministrative": "12103000", "researchAndDevelopment": "0", "operatingExpenses": "126020000", "investmentIncomeNet": "None", "netInterestIncome": "None", "interestIncome": "None", "interestExpense": "52188000", "nonInterestIncome": "None", "otherNonOperatingIncome": "None", "depreciation": "None", "depreciationAndAmortization": "113917000", "incomeBeforeTax": "78096000", "incomeTaxExpense": "894000", "interestAndDebtExpense": "None", "netIncomeFromContinuingOperations": "88545000", "comprehensiveIncomeNetOfTax": "None", "ebit": "82558000", "ebitda": "196475000", "netIncome": "70302000"}, {"fiscalDateEnding": "2016-06-30", "reportedCurrency": "USD", "grossProfit": "256368000", "totalRevenue": "271039000", "costOfRevenue": "14671000", "costofGoodsAndServicesSold": "14671000", "operatingIncome": "132041000", "sellingGeneralAndAdministrative": "13985000", "researchAndDevelopment": "0", "operatingExpenses": "124327000", "investmentIncomeNet": "None", "netInterestIncome": "None", "interestIncome": "None", "interestExpense": "57409000", "nonInterestIncome": "None", "otherNonOperatingIncome": "None", "depreciation": "None", "depreciationAndAmortization": "110342000", "incomeBeforeTax": "77021000", "incomeTaxExpense": "953000", "interestAndDebtExpense": "None", "netIncomeFromContinuingOperations": "82081000", "comprehensiveIncomeNetOfTax": "None", "ebit": "129456000", "ebitda": "239798000", "netIncome": "69045000"}, {"fiscalDateEnding": "2016-03-31", "reportedCurrency": "USD", "grossProfit": "252011000", "totalRevenue": "267116000", "costOfRevenue": "15105000", "costofGoodsAndServicesSold": "15105000", "operatingIncome": "131760000", "sellingGeneralAndAdministrative": "12318000", "researchAndDevelopment": "0", "operatingExpenses": "120251000", "investmentIncomeNet": "None", "netInterestIncome": "None", "interestIncome": "None", "interestExpense": "60678000", "nonInterestIncome": "None", "otherNonOperatingIncome": "None", "depreciation": "None", "depreciationAndAmortization": "107933000", "incomeBeforeTax": "71448000", "incomeTaxExpense": "964000", "interestAndDebtExpense": "None", "netIncomeFromContinuingOperations": "83300000", "comprehensiveIncomeNetOfTax": "None", "ebit": "123467000", "ebitda": "231400000", "netIncome": "63473000"}, {"fiscalDateEnding": "2015-12-31", "reportedCurrency": "USD", "grossProfit": "250771000", "totalRevenue": "263668000", "costOfRevenue": "12897000", "costofGoodsAndServicesSold": "12897000", "operatingIncome": "132065000", "sellingGeneralAndAdministrative": "12966000", "researchAndDevelopment": "0", "operatingExpenses": "118705000", "investmentIncomeNet": "None", "netInterestIncome": "None", "interestIncome": "None", "interestExpense": "51982000", "nonInterestIncome": "None", "otherNonOperatingIncome": "None", "depreciation": "None", "depreciationAndAmortization": "105739000", "incomeBeforeTax": "83832000", "incomeTaxExpense": "721000", "interestAndDebtExpense": "None", "netIncomeFromContinuingOperations": "90882000", "comprehensiveIncomeNetOfTax": "None", "ebit": "128318000", "ebitda": "234057000", "netIncome": "76171000"}, {"fiscalDateEnding": "2015-09-30", "reportedCurrency": "USD", "grossProfit": "245347000", "totalRevenue": "258889000", "costOfRevenue": "13542000", "costofGoodsAndServicesSold": "13542000", "operatingIncome": "74323000", "sellingGeneralAndAdministrative": "10861000", "researchAndDevelopment": "0", "operatingExpenses": "115199000", "investmentIncomeNet": "None", "netInterestIncome": "None", "interestIncome": "None", "interestExpense": "63950000", "nonInterestIncome": "None", "otherNonOperatingIncome": "None", "depreciation": "None", "depreciationAndAmortization": "104338000", "incomeBeforeTax": "68558000", "incomeTaxExpense": "745000", "interestAndDebtExpense": "None", "netIncomeFromContinuingOperations": "75131000", "comprehensiveIncomeNetOfTax": "None", "ebit": "124383000", "ebitda": "228721000", "netIncome": "60705000"}, {"fiscalDateEnding": "2015-06-30", "reportedCurrency": "USD", "grossProfit": "238923000", "totalRevenue": "253860000", "costOfRevenue": "14937000", "costofGoodsAndServicesSold": "14937000", "operatingIncome": "70343000", "sellingGeneralAndAdministrative": "12609000", "researchAndDevelopment": "0", "operatingExpenses": "113710000", "investmentIncomeNet": "None", "netInterestIncome": "None", "interestIncome": "None", "interestExpense": "58680000", "nonInterestIncome": "None", "otherNonOperatingIncome": "None", "depreciation": "None", "depreciationAndAmortization": "101101000", "incomeBeforeTax": "66978000", "incomeTaxExpense": "628000", "interestAndDebtExpense": "None", "netIncomeFromContinuingOperations": "77612000", "comprehensiveIncomeNetOfTax": "None", "ebit": "121848000", "ebitda": "222949000", "netIncome": "59317000"}, {"fiscalDateEnding": "2015-03-31", "reportedCurrency": "USD", "grossProfit": "232891000", "totalRevenue": "246867000", "costOfRevenue": "13976000", "costofGoodsAndServicesSold": "13976000", "operatingIncome": "121992000", "sellingGeneralAndAdministrative": "12862000", "researchAndDevelopment": "0", "operatingExpenses": "110899000", "investmentIncomeNet": "None", "netInterestIncome": "None", "interestIncome": "None", "interestExpense": "58468000", "nonInterestIncome": "None", "otherNonOperatingIncome": "None", "depreciation": "None", "depreciationAndAmortization": "98037000", "incomeBeforeTax": "68655000", "incomeTaxExpense": "1074000", "interestAndDebtExpense": "None", "netIncomeFromContinuingOperations": "74339000", "comprehensiveIncomeNetOfTax": "None", "ebit": "123253000", "ebitda": "221290000", "netIncome": "60494000"}, {"fiscalDateEnding": "2014-12-31", "reportedCurrency": "USD", "grossProfit": "227176000", "totalRevenue": "247573000", "costOfRevenue": "20397000", "costofGoodsAndServicesSold": "20397000", "operatingIncome": "115053000", "sellingGeneralAndAdministrative": "15586000", "researchAndDevelopment": "0", "operatingExpenses": "112123000", "investmentIncomeNet": "None", "netInterestIncome": "None", "interestIncome": "None", "interestExpense": "59120000", "nonInterestIncome": "None", "otherNonOperatingIncome": "None", "depreciation": "None", "depreciationAndAmortization": "96537000", "incomeBeforeTax": "79477000", "incomeTaxExpense": "1103000", "interestAndDebtExpense": "None", "netIncomeFromContinuingOperations": "73778000", "comprehensiveIncomeNetOfTax": "None", "ebit": "91509000", "ebitda": "188046000", "netIncome": "71018000"}, {"fiscalDateEnding": "2014-09-30", "reportedCurrency": "USD", "grossProfit": "222943000", "totalRevenue": "235713000", "costOfRevenue": "12770000", "costofGoodsAndServicesSold": "12770000", "operatingIncome": "67126000", "sellingGeneralAndAdministrative": "11025000", "researchAndDevelopment": "0", "operatingExpenses": "106285000", "investmentIncomeNet": "None", "netInterestIncome": "None", "interestIncome": "None", "interestExpense": "49532000", "nonInterestIncome": "None", "otherNonOperatingIncome": "None", "depreciation": "None", "depreciationAndAmortization": "95260000", "incomeBeforeTax": "74324000", "incomeTaxExpense": "697000", "interestAndDebtExpense": "None", "netIncomeFromContinuingOperations": "75422000", "comprehensiveIncomeNetOfTax": "None", "ebit": "123856000", "ebitda": "219116000", "netIncome": "57941000"}, {"fiscalDateEnding": "2014-06-30", "reportedCurrency": "USD", "grossProfit": "218519000", "totalRevenue": "228646000", "costOfRevenue": "10127000", "costofGoodsAndServicesSold": "10127000", "operatingIncome": "64992000", "sellingGeneralAndAdministrative": "11587000", "researchAndDevelopment": "0", "operatingExpenses": "104481000", "investmentIncomeNet": "None", "netInterestIncome": "None", "interestIncome": "None", "interestExpense": "49046000", "nonInterestIncome": "None", "otherNonOperatingIncome": "None", "depreciation": "None", "depreciationAndAmortization": "92894000", "incomeBeforeTax": "62791000", "incomeTaxExpense": "570000", "interestAndDebtExpense": "None", "netIncomeFromContinuingOperations": "70384000", "comprehensiveIncomeNetOfTax": "None", "ebit": "111837000", "ebitda": "204731000", "netIncome": "51420000"}, {"fiscalDateEnding": "2014-03-31", "reportedCurrency": "USD", "grossProfit": "210995000", "totalRevenue": "221572000", "costOfRevenue": "10577000", "costofGoodsAndServicesSold": "10577000", "operatingIncome": "108139000", "sellingGeneralAndAdministrative": "12886000", "researchAndDevelopment": "0", "operatingExpenses": "102856000", "investmentIncomeNet": "None", "netInterestIncome": "None", "interestIncome": "None", "interestExpense": "51720000", "nonInterestIncome": "None", "otherNonOperatingIncome": "None", "depreciation": "None", "depreciationAndAmortization": "89970000", "incomeBeforeTax": "56007000", "incomeTaxExpense": "1091000", "interestAndDebtExpense": "None", "netIncomeFromContinuingOperations": "64222000", "comprehensiveIncomeNetOfTax": "None", "ebit": "105051000", "ebitda": "195021000", "netIncome": "47179000"}, {"fiscalDateEnding": "2013-12-31", "reportedCurrency": "USD", "grossProfit": "202644000", "totalRevenue": "215700000", "costOfRevenue": "13056000", "costofGoodsAndServicesSold": "13056000", "operatingIncome": "100389000", "sellingGeneralAndAdministrative": "16511000", "researchAndDevelopment": "0", "operatingExpenses": "101756000", "investmentIncomeNet": "None", "netInterestIncome": "None", "interestIncome": "None", "interestExpense": "50645000", "nonInterestIncome": "None", "otherNonOperatingIncome": "None", "depreciation": "None", "depreciationAndAmortization": "85245000", "incomeBeforeTax": "50105000", "incomeTaxExpense": "670000", "interestAndDebtExpense": "None", "netIncomeFromContinuingOperations": "89554000", "comprehensiveIncomeNetOfTax": "None", "ebit": "101026000", "ebitda": "186271000", "netIncome": "53853000"}, {"fiscalDateEnding": "2013-09-30", "reportedCurrency": "USD", "grossProfit": "193406000", "totalRevenue": "199304000", "costOfRevenue": "5898000", "costofGoodsAndServicesSold": "5898000", "operatingIncome": "49163000", "sellingGeneralAndAdministrative": "16628000", "researchAndDevelopment": "0", "operatingExpenses": "97497000", "investmentIncomeNet": "None", "netInterestIncome": "None", "interestIncome": "None", "interestExpense": "46746000", "nonInterestIncome": "None", "otherNonOperatingIncome": "None", "depreciation": "None", "depreciationAndAmortization": "74323000", "incomeBeforeTax": "45966000", "incomeTaxExpense": "671000", "interestAndDebtExpense": "None", "netIncomeFromContinuingOperations": "45295000", "comprehensiveIncomeNetOfTax": "None", "ebit": "99455000", "ebitda": "173778000", "netIncome": "41089000"}, {"fiscalDateEnding": "2013-06-30", "reportedCurrency": "USD", "grossProfit": "181036000", "totalRevenue": "184319000", "costOfRevenue": "3283000", "costofGoodsAndServicesSold": "3283000", "operatingIncome": "52607000", "sellingGeneralAndAdministrative": "12075000", "researchAndDevelopment": "0", "operatingExpenses": "89773000", "investmentIncomeNet": "None", "netInterestIncome": "None", "interestIncome": "None", "interestExpense": "38656000", "nonInterestIncome": "None", "otherNonOperatingIncome": "None", "depreciation": "None", "depreciationAndAmortization": "77472000", "incomeBeforeTax": "51558000", "incomeTaxExpense": "722000", "interestAndDebtExpense": "None", "netIncomeFromContinuingOperations": "50836000", "comprehensiveIncomeNetOfTax": "None", "ebit": "87790000", "ebitda": "165262000", "netIncome": "45957000"}, {"fiscalDateEnding": "2013-03-31", "reportedCurrency": "USD", "grossProfit": "167923000", "totalRevenue": "171695000", "costOfRevenue": "3772000", "costofGoodsAndServicesSold": "3772000", "operatingIncome": "86502000", "sellingGeneralAndAdministrative": "11613000", "researchAndDevelopment": "0", "operatingExpenses": "81421000", "investmentIncomeNet": "None", "netInterestIncome": "None", "interestIncome": "None", "interestExpense": "41468000", "nonInterestIncome": "None", "otherNonOperatingIncome": "None", "depreciation": "None", "depreciationAndAmortization": "69808000", "incomeBeforeTax": "33004000", "incomeTaxExpense": "671000", "interestAndDebtExpense": "None", "netIncomeFromContinuingOperations": "32333000", "comprehensiveIncomeNetOfTax": "None", "ebit": "69862000", "ebitda": "139670000", "netIncome": "62735000"}, {"fiscalDateEnding": "2012-12-31", "reportedCurrency": "USD", "grossProfit": "124809000", "totalRevenue": "125578000", "costOfRevenue": "769000", "costofGoodsAndServicesSold": "769000", "operatingIncome": "73271000", "sellingGeneralAndAdministrative": "10223000", "researchAndDevelopment": "0", "operatingExpenses": "51538000", "investmentIncomeNet": "None", "netInterestIncome": "None", "interestIncome": "None", "interestExpense": "28825000", "nonInterestIncome": "None", "otherNonOperatingIncome": "None", "depreciation": "None", "depreciationAndAmortization": "41315000", "incomeBeforeTax": "32998000", "incomeTaxExpense": "215000", "interestAndDebtExpense": "None", "netIncomeFromContinuingOperations": "0", "comprehensiveIncomeNetOfTax": "None", "ebit": "61823000", "ebitda": "103138000", "netIncome": "32236000"}, {"fiscalDateEnding": "2012-09-30", "reportedCurrency": "USD", "grossProfit": "43265000", "totalRevenue": "46062000", "costOfRevenue": "2797000", "costofGoodsAndServicesSold": "2797000", "operatingIncome": "-54068000", "sellingGeneralAndAdministrative": "2384000", "researchAndDevelopment": "0", "operatingExpenses": "28693000", "investmentIncomeNet": "None", "netInterestIncome": "None", "interestIncome": "None", "interestExpense": "10512000", "nonInterestIncome": "None", "otherNonOperatingIncome": "None", "depreciation": "None", "depreciationAndAmortization": "26309000", "incomeBeforeTax": "-64316000", "incomeTaxExpense": "405000", "interestAndDebtExpense": "None", "netIncomeFromContinuingOperations": "0", "comprehensiveIncomeNetOfTax": "None", "ebit": "72712000", "ebitda": "99021000", "netIncome": "-64495000"}, {"fiscalDateEnding": "2012-06-30", "reportedCurrency": "USD", "grossProfit": "113553000", "totalRevenue": "115643000", "costOfRevenue": "2090000", "costofGoodsAndServicesSold": "2090000", "operatingIncome": "39999000", "sellingGeneralAndAdministrative": "9273000", "researchAndDevelopment": "0", "operatingExpenses": "45153000", "investmentIncomeNet": "None", "netInterestIncome": "None", "interestIncome": "None", "interestExpense": "28806000", "nonInterestIncome": "None", "otherNonOperatingIncome": "None", "depreciation": "None", "depreciationAndAmortization": "35475000", "incomeBeforeTax": "39999000", "incomeTaxExpense": "405000", "interestAndDebtExpense": "None", "netIncomeFromContinuingOperations": "0", "comprehensiveIncomeNetOfTax": "None", "ebit": "65003000", "ebitda": "100478000", "netIncome": "32950000"}, {"fiscalDateEnding": "2012-03-31", "reportedCurrency": "USD", "grossProfit": "112187000", "totalRevenue": "114723000", "costOfRevenue": "2536000", "costofGoodsAndServicesSold": "2536000", "operatingIncome": "67769000", "sellingGeneralAndAdministrative": "9168000", "researchAndDevelopment": "0", "operatingExpenses": "44823000", "investmentIncomeNet": "None", "netInterestIncome": "None", "interestIncome": "None", "interestExpense": "28952000", "nonInterestIncome": "None", "otherNonOperatingIncome": "None", "depreciation": "None", "depreciationAndAmortization": "35250000", "incomeBeforeTax": "38817000", "incomeTaxExpense": "405000", "interestAndDebtExpense": "None", "netIncomeFromContinuingOperations": "0", "comprehensiveIncomeNetOfTax": "None", "ebit": "64298000", "ebitda": "99548000", "netIncome": "39263000"}, {"fiscalDateEnding": "2011-12-31", "reportedCurrency": "USD", "grossProfit": "111093000", "totalRevenue": "113427000", "costOfRevenue": "2334000", "costofGoodsAndServicesSold": "2334000", "operatingIncome": "68931000", "sellingGeneralAndAdministrative": "7953000", "researchAndDevelopment": "0", "operatingExpenses": "42162000", "investmentIncomeNet": "None", "netInterestIncome": "None", "interestIncome": "None", "interestExpense": "28983000", "nonInterestIncome": "None", "otherNonOperatingIncome": "None", "depreciation": "None", "depreciationAndAmortization": "34209000", "incomeBeforeTax": "39938000", "incomeTaxExpense": "368000", "interestAndDebtExpense": "None", "netIncomeFromContinuingOperations": "0", "comprehensiveIncomeNetOfTax": "None", "ebit": "68921000", "ebitda": "103130000", "netIncome": "34942000"}, {"fiscalDateEnding": "2011-09-30", "reportedCurrency": "USD", "grossProfit": "105598000", "totalRevenue": "107296000", "costOfRevenue": "1698000", "costofGoodsAndServicesSold": "1698000", "operatingIncome": "38036000", "sellingGeneralAndAdministrative": "7143000", "researchAndDevelopment": "0", "operatingExpenses": "39379000", "investmentIncomeNet": "None", "netInterestIncome": "None", "interestIncome": "None", "interestExpense": "28550000", "nonInterestIncome": "None", "otherNonOperatingIncome": "None", "depreciation": "None", "depreciationAndAmortization": "31869000", "incomeBeforeTax": "38036000", "incomeTaxExpense": "367000", "interestAndDebtExpense": "None", "netIncomeFromContinuingOperations": "37669000", "comprehensiveIncomeNetOfTax": "None", "ebit": "65561000", "ebitda": "97430000", "netIncome": "34717000"}, {"fiscalDateEnding": "2011-06-30", "reportedCurrency": "USD", "grossProfit": "100970000", "totalRevenue": "102626000", "costOfRevenue": "1656000", "costofGoodsAndServicesSold": "1656000", "operatingIncome": "38335000", "sellingGeneralAndAdministrative": "7987000", "researchAndDevelopment": "0", "operatingExpenses": "37356000", "investmentIncomeNet": "None", "netInterestIncome": "None", "interestIncome": "None", "interestExpense": "25647000", "nonInterestIncome": "None", "otherNonOperatingIncome": "None", "depreciation": "None", "depreciationAndAmortization": "29001000", "incomeBeforeTax": "38335000", "incomeTaxExpense": "368000", "interestAndDebtExpense": "None", "netIncomeFromContinuingOperations": "37967000", "comprehensiveIncomeNetOfTax": "None", "ebit": "63035000", "ebitda": "92036000", "netIncome": "33185000"}, {"fiscalDateEnding": "2011-03-31", "reportedCurrency": "USD", "grossProfit": "95773000", "totalRevenue": "97756000", "costOfRevenue": "1983000", "costofGoodsAndServicesSold": "1983000", "operatingIncome": "61093000", "sellingGeneralAndAdministrative": "7870000", "researchAndDevelopment": "0", "operatingExpenses": "34680000", "investmentIncomeNet": "None", "netInterestIncome": "None", "interestIncome": "None", "interestExpense": "25122000", "nonInterestIncome": "None", "otherNonOperatingIncome": "None", "depreciation": "None", "depreciationAndAmortization": "26810000", "incomeBeforeTax": "35971000", "incomeTaxExpense": "368000", "interestAndDebtExpense": "None", "netIncomeFromContinuingOperations": "35603000", "comprehensiveIncomeNetOfTax": "None", "ebit": "61093000", "ebitda": "87903000", "netIncome": "29936000"}, {"fiscalDateEnding": "2010-12-31", "reportedCurrency": "USD", "grossProfit": "89809000", "totalRevenue": "91786000", "costOfRevenue": "1977000", "costofGoodsAndServicesSold": "1977000", "operatingIncome": "60022000", "sellingGeneralAndAdministrative": "5785000", "researchAndDevelopment": "0", "operatingExpenses": "29787000", "investmentIncomeNet": "None", "netInterestIncome": "None", "interestIncome": "None", "interestExpense": "25131000", "nonInterestIncome": "None", "otherNonOperatingIncome": "None", "depreciation": "None", "depreciationAndAmortization": "24892000", "incomeBeforeTax": "33817000", "incomeTaxExpense": "21338000", "interestAndDebtExpense": "None", "netIncomeFromContinuingOperations": "0", "comprehensiveIncomeNetOfTax": "None", "ebit": "59215000", "ebitda": "84107000", "netIncome": "31814000"}, {"fiscalDateEnding": "2010-09-30", "reportedCurrency": "USD", "grossProfit": "85410000", "totalRevenue": "87173000", "costOfRevenue": "1763000", "costofGoodsAndServicesSold": "1763000", "operatingIncome": "29675000", "sellingGeneralAndAdministrative": "6165000", "researchAndDevelopment": "0", "operatingExpenses": "30265000", "investmentIncomeNet": "None", "netInterestIncome": "None", "interestIncome": "None", "interestExpense": "25135000", "nonInterestIncome": "None", "otherNonOperatingIncome": "None", "depreciation": "None", "depreciationAndAmortization": "24100000", "incomeBeforeTax": "30010000", "incomeTaxExpense": "335000", "interestAndDebtExpense": "None", "netIncomeFromContinuingOperations": "0", "comprehensiveIncomeNetOfTax": "None", "ebit": "54826000", "ebitda": "78926000", "netIncome": "25591000"}, {"fiscalDateEnding": "2010-06-30", "reportedCurrency": "USD", "grossProfit": "81782000", "totalRevenue": "83466000", "costOfRevenue": "1684000", "costofGoodsAndServicesSold": "1684000", "operatingIncome": "29755000", "sellingGeneralAndAdministrative": "6650000", "researchAndDevelopment": "0", "operatingExpenses": "30451000", "investmentIncomeNet": "None", "netInterestIncome": "None", "interestIncome": "None", "interestExpense": "21576000", "nonInterestIncome": "None", "otherNonOperatingIncome": "None", "depreciation": "None", "depreciationAndAmortization": "23524000", "incomeBeforeTax": "31048000", "incomeTaxExpense": "21576000", "interestAndDebtExpense": "None", "netIncomeFromContinuingOperations": "0", "comprehensiveIncomeNetOfTax": "None", "ebit": "50577000", "ebitda": "74101000", "netIncome": "24985000"}, {"fiscalDateEnding": "2010-03-31", "reportedCurrency": "USD", "grossProfit": "81089000", "totalRevenue": "83265000", "costOfRevenue": "2176000", "costofGoodsAndServicesSold": "2176000", "operatingIncome": "50846000", "sellingGeneralAndAdministrative": "97000", "researchAndDevelopment": "0", "operatingExpenses": "32142000", "investmentIncomeNet": "None", "netInterestIncome": "None", "interestIncome": "None", "interestExpense": "21395000", "nonInterestIncome": "None", "otherNonOperatingIncome": "None", "depreciation": "None", "depreciationAndAmortization": "23255000", "incomeBeforeTax": "29728000", "incomeTaxExpense": "277000", "interestAndDebtExpense": "None", "netIncomeFromContinuingOperations": "0", "comprehensiveIncomeNetOfTax": "None", "ebit": "50681000", "ebitda": "73936000", "netIncome": "24142000"}, {"fiscalDateEnding": "2009-12-31", "reportedCurrency": "USD", "grossProfit": "74483000", "totalRevenue": "81397000", "costOfRevenue": "6914000", "costofGoodsAndServicesSold": "6914000", "operatingIncome": "52451000", "sellingGeneralAndAdministrative": "5084000", "researchAndDevelopment": "0", "operatingExpenses": "22032000", "investmentIncomeNet": "None", "netInterestIncome": "None", "interestIncome": "None", "interestExpense": "21377000", "nonInterestIncome": "None", "otherNonOperatingIncome": "None", "depreciation": "None", "depreciationAndAmortization": "22667000", "incomeBeforeTax": "30829000", "incomeTaxExpense": "17120000", "interestAndDebtExpense": "None", "netIncomeFromContinuingOperations": "0", "comprehensiveIncomeNetOfTax": "None", "ebit": "52451000", "ebitda": "75118000", "netIncome": "29268000"}, {"fiscalDateEnding": "2009-09-30", "reportedCurrency": "USD", "grossProfit": "79858000", "totalRevenue": "81961000", "costOfRevenue": "2103000", "costofGoodsAndServicesSold": "2103000", "operatingIncome": "52423000", "sellingGeneralAndAdministrative": "4906000", "researchAndDevelopment": "0", "operatingExpenses": "29538000", "investmentIncomeNet": "None", "netInterestIncome": "None", "interestIncome": "None", "interestExpense": "21374000", "nonInterestIncome": "None", "otherNonOperatingIncome": "None", "depreciation": "None", "depreciationAndAmortization": "22930000", "incomeBeforeTax": "33152000", "incomeTaxExpense": "21374000", "interestAndDebtExpense": "None", "netIncomeFromContinuingOperations": "0", "comprehensiveIncomeNetOfTax": "None", "ebit": "52081000", "ebitda": "75011000", "netIncome": "27089000"}, {"fiscalDateEnding": "2009-06-30", "reportedCurrency": "USD", "grossProfit": "79754000", "totalRevenue": "81638000", "costOfRevenue": "1884000", "costofGoodsAndServicesSold": "1884000", "operatingIncome": "51479000", "sellingGeneralAndAdministrative": "83000", "researchAndDevelopment": "0", "operatingExpenses": "30159000", "investmentIncomeNet": "None", "netInterestIncome": "None", "interestIncome": "None", "interestExpense": "21367000", "nonInterestIncome": "None", "otherNonOperatingIncome": "None", "depreciation": "None", "depreciationAndAmortization": "22961000", "incomeBeforeTax": "30013000", "incomeTaxExpense": "18919000", "interestAndDebtExpense": "None", "netIncomeFromContinuingOperations": "0", "comprehensiveIncomeNetOfTax": "None", "ebit": "51479000", "ebitda": "74440000", "netIncome": "26497000"}, {"fiscalDateEnding": "2009-03-31", "reportedCurrency": "USD", "grossProfit": "80661000", "totalRevenue": "82894000", "costOfRevenue": "2233000", "costofGoodsAndServicesSold": "2233000", "operatingIncome": "51457000", "sellingGeneralAndAdministrative": "5950000", "researchAndDevelopment": "0", "operatingExpenses": "29204000", "investmentIncomeNet": "None", "netInterestIncome": "None", "interestIncome": "None", "interestExpense": "21410000", "nonInterestIncome": "None", "otherNonOperatingIncome": "None", "depreciation": "None", "depreciationAndAmortization": "22951000", "incomeBeforeTax": "30224000", "incomeTaxExpense": "21373000", "interestAndDebtExpense": "None", "netIncomeFromContinuingOperations": "0", "comprehensiveIncomeNetOfTax": "None", "ebit": "51457000", "ebitda": "74408000", "netIncome": "24021000"}, {"fiscalDateEnding": "2008-12-31", "reportedCurrency": "USD", "grossProfit": "82668000", "totalRevenue": "82668000", "costOfRevenue": "29382000", "costofGoodsAndServicesSold": "29382000", "operatingIncome": "52659000", "sellingGeneralAndAdministrative": "5054000", "researchAndDevelopment": "0", "operatingExpenses": "30009000", "investmentIncomeNet": "None", "netInterestIncome": "None", "interestIncome": "None", "interestExpense": "22726000", "nonInterestIncome": "None", "otherNonOperatingIncome": "None", "depreciation": "None", "depreciationAndAmortization": "24017000", "incomeBeforeTax": "30095000", "incomeTaxExpense": "18328000", "interestAndDebtExpense": "None", "netIncomeFromContinuingOperations": "0", "comprehensiveIncomeNetOfTax": "None", "ebit": "52659000", "ebitda": "76676000", "netIncome": "28268000"}, {"fiscalDateEnding": "2008-09-30", "reportedCurrency": "USD", "grossProfit": "82535000", "totalRevenue": "82535000", "costOfRevenue": "29473000", "costofGoodsAndServicesSold": "29473000", "operatingIncome": "52483000", "sellingGeneralAndAdministrative": "110000", "researchAndDevelopment": "0", "operatingExpenses": "30052000", "investmentIncomeNet": "None", "netInterestIncome": "None", "interestIncome": "None", "interestExpense": "23915000", "nonInterestIncome": "None", "otherNonOperatingIncome": "None", "depreciation": "None", "depreciationAndAmortization": "22869000", "incomeBeforeTax": "28543000", "incomeTaxExpense": "17786000", "interestAndDebtExpense": "None", "netIncomeFromContinuingOperations": "0", "comprehensiveIncomeNetOfTax": "None", "ebit": "52483000", "ebitda": "75352000", "netIncome": "28634000"}, {"fiscalDateEnding": "2008-06-30", "reportedCurrency": "USD", "grossProfit": "81346000", "totalRevenue": "82432000", "costOfRevenue": "1086000", "costofGoodsAndServicesSold": "1086000", "operatingIncome": "52281000", "sellingGeneralAndAdministrative": "126000", "researchAndDevelopment": "0", "operatingExpenses": "30151000", "investmentIncomeNet": "None", "netInterestIncome": "None", "interestIncome": "None", "interestExpense": "23929000", "nonInterestIncome": "None", "otherNonOperatingIncome": "None", "depreciation": "None", "depreciationAndAmortization": "22870000", "incomeBeforeTax": "28028000", "incomeTaxExpense": "19276000", "interestAndDebtExpense": "None", "netIncomeFromContinuingOperations": "0", "comprehensiveIncomeNetOfTax": "None", "ebit": "51964000", "ebitda": "74834000", "netIncome": "26988000"}, {"fiscalDateEnding": "2008-03-31", "reportedCurrency": "USD", "grossProfit": "82207000", "totalRevenue": "83423000", "costOfRevenue": "1216000", "costofGoodsAndServicesSold": "1216000", "operatingIncome": "53258000", "sellingGeneralAndAdministrative": "5544000", "researchAndDevelopment": "0", "operatingExpenses": "30165000", "investmentIncomeNet": "None", "netInterestIncome": "None", "interestIncome": "None", "interestExpense": "23386000", "nonInterestIncome": "None", "otherNonOperatingIncome": "None", "depreciation": "None", "depreciationAndAmortization": "22960000", "incomeBeforeTax": "30187000", "incomeTaxExpense": "398000", "interestAndDebtExpense": "None", "netIncomeFromContinuingOperations": "0", "comprehensiveIncomeNetOfTax": "None", "ebit": "53258000", "ebitda": "76218000", "netIncome": "23698000"}, {"fiscalDateEnding": "2007-12-31", "reportedCurrency": "USD", "grossProfit": "80616000", "totalRevenue": "80616000", "costOfRevenue": "27278000", "costofGoodsAndServicesSold": "27278000", "operatingIncome": "52768000", "sellingGeneralAndAdministrative": "5475000", "researchAndDevelopment": "0", "operatingExpenses": "27848000", "investmentIncomeNet": "None", "netInterestIncome": "None", "interestIncome": "None", "interestExpense": "22945000", "nonInterestIncome": "None", "otherNonOperatingIncome": "None", "depreciation": "None", "depreciationAndAmortization": "21060000", "incomeBeforeTax": "30493000", "incomeTaxExpense": "444000", "interestAndDebtExpense": "None", "netIncomeFromContinuingOperations": "0", "comprehensiveIncomeNetOfTax": "None", "ebit": "52768000", "ebitda": "73828000", "netIncome": "33176000"}, {"fiscalDateEnding": "2007-09-30", "reportedCurrency": "USD", "grossProfit": "74089000", "totalRevenue": "74089000", "costOfRevenue": "26525000", "costofGoodsAndServicesSold": "26525000", "operatingIncome": "47066000", "sellingGeneralAndAdministrative": "6290000", "researchAndDevelopment": "0", "operatingExpenses": "27023000", "investmentIncomeNet": "None", "netInterestIncome": "None", "interestIncome": "None", "interestExpense": "16163000", "nonInterestIncome": "None", "otherNonOperatingIncome": "None", "depreciation": "None", "depreciationAndAmortization": "19489000", "incomeBeforeTax": "31253000", "incomeTaxExpense": "350000", "interestAndDebtExpense": "None", "netIncomeFromContinuingOperations": "0", "comprehensiveIncomeNetOfTax": "None", "ebit": "49475000", "ebitda": "68964000", "netIncome": "33973000"}, {"fiscalDateEnding": "2007-06-30", "reportedCurrency": "USD", "grossProfit": "70693000", "totalRevenue": "70693000", "costOfRevenue": "25144000", "costofGoodsAndServicesSold": "25144000", "operatingIncome": "45020000", "sellingGeneralAndAdministrative": "179000", "researchAndDevelopment": "0", "operatingExpenses": "25673000", "investmentIncomeNet": "None", "netInterestIncome": "None", "interestIncome": "None", "interestExpense": "13029000", "nonInterestIncome": "None", "otherNonOperatingIncome": "None", "depreciation": "None", "depreciationAndAmortization": "18518000", "incomeBeforeTax": "32344000", "incomeTaxExpense": "353000", "interestAndDebtExpense": "None", "netIncomeFromContinuingOperations": "0", "comprehensiveIncomeNetOfTax": "None", "ebit": "45020000", "ebitda": "63538000", "netIncome": "30873000"}, {"fiscalDateEnding": "2007-03-31", "reportedCurrency": "USD", "grossProfit": "71301000", "totalRevenue": "71301000", "costOfRevenue": "23904000", "costofGoodsAndServicesSold": "23904000", "operatingIncome": "46955000", "sellingGeneralAndAdministrative": "103000", "researchAndDevelopment": "0", "operatingExpenses": "24346000", "investmentIncomeNet": "None", "netInterestIncome": "None", "interestIncome": "None", "interestExpense": "2119000", "nonInterestIncome": "None", "otherNonOperatingIncome": "None", "depreciation": "None", "depreciationAndAmortization": "18125000", "incomeBeforeTax": "34780000", "incomeTaxExpense": "245000", "interestAndDebtExpense": "None", "netIncomeFromContinuingOperations": "0", "comprehensiveIncomeNetOfTax": "None", "ebit": "46955000", "ebitda": "65080000", "netIncome": "30260000"}, {"fiscalDateEnding": "2006-12-31", "reportedCurrency": "USD", "grossProfit": "69108000", "totalRevenue": "69108000", "costOfRevenue": "22353000", "costofGoodsAndServicesSold": "22353000", "operatingIncome": "46525000", "sellingGeneralAndAdministrative": "4856000", "researchAndDevelopment": "0", "operatingExpenses": "22583000", "investmentIncomeNet": "None", "netInterestIncome": "None", "interestIncome": "None", "interestExpense": "14020000", "nonInterestIncome": "None", "otherNonOperatingIncome": "None", "depreciation": "None", "depreciationAndAmortization": "16531000", "incomeBeforeTax": "33008000", "incomeTaxExpense": "189000", "interestAndDebtExpense": "None", "netIncomeFromContinuingOperations": "0", "comprehensiveIncomeNetOfTax": "None", "ebit": "46525000", "ebitda": "63056000", "netIncome": "28386000"}, {"fiscalDateEnding": "2006-09-30", "reportedCurrency": "USD", "grossProfit": "59307000", "totalRevenue": "59307000", "costOfRevenue": "19439000", "costofGoodsAndServicesSold": "19439000", "operatingIncome": "39700000", "sellingGeneralAndAdministrative": "4083000", "researchAndDevelopment": "0", "operatingExpenses": "19607000", "investmentIncomeNet": "None", "netInterestIncome": "None", "interestIncome": "None", "interestExpense": "13311000", "nonInterestIncome": "None", "otherNonOperatingIncome": "None", "depreciation": "None", "depreciationAndAmortization": "14637000", "incomeBeforeTax": "25711000", "incomeTaxExpense": "96000", "interestAndDebtExpense": "None", "netIncomeFromContinuingOperations": "0", "comprehensiveIncomeNetOfTax": "None", "ebit": "38006000", "ebitda": "52643000", "netIncome": "24207000"}, {"fiscalDateEnding": "2006-06-30", "reportedCurrency": "USD", "grossProfit": "56504000", "totalRevenue": "56504000", "costOfRevenue": "19745000", "costofGoodsAndServicesSold": "19745000", "operatingIncome": "36432000", "sellingGeneralAndAdministrative": "4355000", "researchAndDevelopment": "0", "operatingExpenses": "20072000", "investmentIncomeNet": "None", "netInterestIncome": "None", "interestIncome": "None", "interestExpense": "12569000", "nonInterestIncome": "None", "otherNonOperatingIncome": "None", "depreciation": "None", "depreciationAndAmortization": "14773000", "incomeBeforeTax": "24733000", "incomeTaxExpense": "231000", "interestAndDebtExpense": "None", "netIncomeFromContinuingOperations": "0", "comprehensiveIncomeNetOfTax": "None", "ebit": "36426000", "ebitda": "51199000", "netIncome": "24289000"}, {"fiscalDateEnding": "2006-03-31", "reportedCurrency": "USD", "grossProfit": "55315000", "totalRevenue": "55315000", "costOfRevenue": "18609000", "costofGoodsAndServicesSold": "18609000", "operatingIncome": "10053000", "sellingGeneralAndAdministrative": "4245000", "researchAndDevelopment": "0", "operatingExpenses": "45262000", "investmentIncomeNet": "None", "netInterestIncome": "None", "interestIncome": "None", "interestExpense": "13647000", "nonInterestIncome": "None", "otherNonOperatingIncome": "None", "depreciation": "None", "depreciationAndAmortization": "13551000", "incomeBeforeTax": "23482000", "incomeTaxExpense": "231000", "interestAndDebtExpense": "None", "netIncomeFromContinuingOperations": "0", "comprehensiveIncomeNetOfTax": "None", "ebit": "10053000", "ebitda": "23604000", "netIncome": "22537000"}, {"fiscalDateEnding": "2005-12-31", "reportedCurrency": "USD", "grossProfit": "53385000", "totalRevenue": "53385000", "costOfRevenue": "17632000", "costofGoodsAndServicesSold": "17632000", "operatingIncome": "35599000", "sellingGeneralAndAdministrative": "3494000", "researchAndDevelopment": "0", "operatingExpenses": "17786000", "investmentIncomeNet": "None", "netInterestIncome": "None", "interestIncome": "None", "interestExpense": "11869000", "nonInterestIncome": "None", "otherNonOperatingIncome": "None", "depreciation": "None", "depreciationAndAmortization": "11519000", "incomeBeforeTax": "23991000", "incomeTaxExpense": "9397000", "interestAndDebtExpense": "None", "netIncomeFromContinuingOperations": "0", "comprehensiveIncomeNetOfTax": "None", "ebit": "37225000", "ebitda": "48744000", "netIncome": "25477000"}, {"fiscalDateEnding": "2005-09-30", "reportedCurrency": "USD", "grossProfit": "49166000", "totalRevenue": "49166000", "costOfRevenue": "16370000", "costofGoodsAndServicesSold": "16370000", "operatingIncome": "32487000", "sellingGeneralAndAdministrative": "137000", "researchAndDevelopment": "0", "operatingExpenses": "16679000", "investmentIncomeNet": "None", "netInterestIncome": "None", "interestIncome": "None", "interestExpense": "10228000", "nonInterestIncome": "None", "otherNonOperatingIncome": "None", "depreciation": "None", "depreciationAndAmortization": "12882000", "incomeBeforeTax": "22261000", "incomeTaxExpense": "9365000", "interestAndDebtExpense": "None", "netIncomeFromContinuingOperations": "0", "comprehensiveIncomeNetOfTax": "None", "ebit": "30635000", "ebitda": "43517000", "netIncome": "20771000"}, {"fiscalDateEnding": "2005-06-30", "reportedCurrency": "USD", "grossProfit": "47473000", "totalRevenue": "47473000", "costOfRevenue": "15859000", "costofGoodsAndServicesSold": "15859000", "operatingIncome": "31302000", "sellingGeneralAndAdministrative": "134000", "researchAndDevelopment": "0", "operatingExpenses": "16171000", "investmentIncomeNet": "None", "netInterestIncome": "None", "interestIncome": "None", "interestExpense": "163000", "nonInterestIncome": "None", "otherNonOperatingIncome": "None", "depreciation": "None", "depreciationAndAmortization": "11232000", "incomeBeforeTax": "21712000", "incomeTaxExpense": "203000", "interestAndDebtExpense": "None", "netIncomeFromContinuingOperations": "0", "comprehensiveIncomeNetOfTax": "None", "ebit": "31066000", "ebitda": "42298000", "netIncome": "22315000"}, {"fiscalDateEnding": "2005-03-31", "reportedCurrency": "USD", "grossProfit": "46743000", "totalRevenue": "46743000", "costOfRevenue": "15648000", "costofGoodsAndServicesSold": "15648000", "operatingIncome": "12676000", "sellingGeneralAndAdministrative": "4056000", "researchAndDevelopment": "0", "operatingExpenses": "34067000", "investmentIncomeNet": "None", "netInterestIncome": "None", "interestIncome": "None", "interestExpense": "9236000", "nonInterestIncome": "None", "otherNonOperatingIncome": "None", "depreciation": "None", "depreciationAndAmortization": "10817000", "incomeBeforeTax": "21932000", "incomeTaxExpense": "198000", "interestAndDebtExpense": "None", "netIncomeFromContinuingOperations": "0", "comprehensiveIncomeNetOfTax": "None", "ebit": "12676000", "ebitda": "23493000", "netIncome": "21152000"}, {"fiscalDateEnding": "2004-12-31", "reportedCurrency": "USD", "grossProfit": "45329000", "totalRevenue": "45329000", "costOfRevenue": "14679000", "costofGoodsAndServicesSold": "14679000", "operatingIncome": "13341000", "sellingGeneralAndAdministrative": "3496000", "researchAndDevelopment": "0", "operatingExpenses": "31988000", "investmentIncomeNet": "None", "netInterestIncome": "None", "interestIncome": "None", "interestExpense": "8704000", "nonInterestIncome": "None", "otherNonOperatingIncome": "None", "depreciation": "None", "depreciationAndAmortization": "10259000", "incomeBeforeTax": "22111000", "incomeTaxExpense": "178000", "interestAndDebtExpense": "None", "netIncomeFromContinuingOperations": "0", "comprehensiveIncomeNetOfTax": "None", "ebit": "13341000", "ebitda": "23600000", "netIncome": "28086000"}]}