{"symbol": "NDSN", "annualReports": [{"fiscalDateEnding": "2024-10-31", "reportedCurrency": "USD", "grossProfit": "1486129000", "totalRevenue": "2689921000", "costOfRevenue": "1203792000", "costofGoodsAndServicesSold": "1203792000", "operatingIncome": "674001000", "sellingGeneralAndAdministrative": "812128000", "researchAndDevelopment": "None", "operatingExpenses": "812128000", "investmentIncomeNet": "None", "netInterestIncome": "-84011000", "interestIncome": "4913000", "interestExpense": "88924000", "nonInterestIncome": "None", "otherNonOperatingIncome": "None", "depreciation": "None", "depreciationAndAmortization": "None", "incomeBeforeTax": "585481000", "incomeTaxExpense": "118197000", "interestAndDebtExpense": "None", "netIncomeFromContinuingOperations": "467284000", "comprehensiveIncomeNetOfTax": "None", "ebit": "None", "ebitda": "674001000", "netIncome": "467284000"}, {"fiscalDateEnding": "2023-10-31", "reportedCurrency": "USD", "grossProfit": "1425405000", "totalRevenue": "2628632000", "costOfRevenue": "1203227000", "costofGoodsAndServicesSold": "1203227000", "operatingIncome": "672761000", "sellingGeneralAndAdministrative": "752644000", "researchAndDevelopment": "71400000", "operatingExpenses": "752644000", "investmentIncomeNet": "None", "netInterestIncome": "-56825000", "interestIncome": "2198000", "interestExpense": "59505000", "nonInterestIncome": "None", "otherNonOperatingIncome": "None", "depreciation": "None", "depreciationAndAmortization": "111898000", "incomeBeforeTax": "615339000", "incomeTaxExpense": "127846000", "interestAndDebtExpense": "None", "netIncomeFromContinuingOperations": "487493000", "comprehensiveIncomeNetOfTax": "None", "ebit": "674844000", "ebitda": "786742000", "netIncome": "487493000"}, {"fiscalDateEnding": "2022-10-31", "reportedCurrency": "USD", "grossProfit": "1426536000", "totalRevenue": "2590278000", "costOfRevenue": "1163742000", "costofGoodsAndServicesSold": "1163742000", "operatingIncome": "702360000", "sellingGeneralAndAdministrative": "724176000", "researchAndDevelopment": "63031000", "operatingExpenses": "724176000", "investmentIncomeNet": "None", "netInterestIncome": "-20387000", "interestIncome": "2026000", "interestExpense": "20387000", "nonInterestIncome": "None", "otherNonOperatingIncome": "-30668000", "depreciation": "None", "depreciationAndAmortization": "99923000", "incomeBeforeTax": "649279000", "incomeTaxExpense": "136176000", "interestAndDebtExpense": "None", "netIncomeFromContinuingOperations": "513103000", "comprehensiveIncomeNetOfTax": "None", "ebit": "671692000", "ebitda": "771615000", "netIncome": "513103000"}, {"fiscalDateEnding": "2021-10-31", "reportedCurrency": "USD", "grossProfit": "1324080000", "totalRevenue": "2362209000", "costOfRevenue": "1038129000", "costofGoodsAndServicesSold": "1038129000", "operatingIncome": "615127000", "sellingGeneralAndAdministrative": "708953000", "researchAndDevelopment": "59422000", "operatingExpenses": "708953000", "investmentIncomeNet": "None", "netInterestIncome": "-23341000", "interestIncome": "2150000", "interestExpense": "23341000", "nonInterestIncome": "None", "otherNonOperatingIncome": "-15460000", "depreciation": "None", "depreciationAndAmortization": "103883000", "incomeBeforeTax": "574176000", "incomeTaxExpense": "119808000", "interestAndDebtExpense": "None", "netIncomeFromContinuingOperations": "454368000", "comprehensiveIncomeNetOfTax": "None", "ebit": "599667000", "ebitda": "703550000", "netIncome": "454368000"}, {"fiscalDateEnding": "2020-10-31", "reportedCurrency": "USD", "grossProfit": "1130468000", "totalRevenue": "2121100000", "costOfRevenue": "990632000", "costofGoodsAndServicesSold": "990632000", "operatingIncome": "349545000", "sellingGeneralAndAdministrative": "693552000", "researchAndDevelopment": "63591000", "operatingExpenses": "693552000", "investmentIncomeNet": "None", "netInterestIncome": "-30479000", "interestIncome": "1681000", "interestExpense": "30479000", "nonInterestIncome": "None", "otherNonOperatingIncome": "-15896000", "depreciation": "None", "depreciationAndAmortization": "113302000", "incomeBeforeTax": "301489000", "incomeTaxExpense": "51950000", "interestAndDebtExpense": "None", "netIncomeFromContinuingOperations": "249539000", "comprehensiveIncomeNetOfTax": "None", "ebit": "333649000", "ebitda": "446951000", "netIncome": "249539000"}, {"fiscalDateEnding": "2019-10-31", "reportedCurrency": "USD", "grossProfit": "1192103000", "totalRevenue": "2194226000", "costOfRevenue": "1002123000", "costofGoodsAndServicesSold": "1002123000", "operatingIncome": "483113000", "sellingGeneralAndAdministrative": "708990000", "researchAndDevelopment": "60018000", "operatingExpenses": "708990000", "investmentIncomeNet": "None", "netInterestIncome": "-45301000", "interestIncome": "1844000", "interestExpense": "45301000", "nonInterestIncome": "None", "otherNonOperatingIncome": "-4864000", "depreciation": "None", "depreciationAndAmortization": "110244000", "incomeBeforeTax": "431104000", "incomeTaxExpense": "94013000", "interestAndDebtExpense": "None", "netIncomeFromContinuingOperations": "337091000", "comprehensiveIncomeNetOfTax": "None", "ebit": "478249000", "ebitda": "588493000", "netIncome": "337091000"}, {"fiscalDateEnding": "2018-10-31", "reportedCurrency": "USD", "grossProfit": "1235965000", "totalRevenue": "2254668000", "costOfRevenue": "1018703000", "costofGoodsAndServicesSold": "1018703000", "operatingIncome": "447749000", "sellingGeneralAndAdministrative": "741408000", "researchAndDevelopment": "58806000", "operatingExpenses": "741408000", "investmentIncomeNet": "None", "netInterestIncome": "-48192000", "interestIncome": "1384000", "interestExpense": "48192000", "nonInterestIncome": "None", "otherNonOperatingIncome": "3538000", "depreciation": "None", "depreciationAndAmortization": "108407000", "incomeBeforeTax": "448519000", "incomeTaxExpense": "71144000", "interestAndDebtExpense": "None", "netIncomeFromContinuingOperations": "377375000", "comprehensiveIncomeNetOfTax": "None", "ebit": "498095000", "ebitda": "606502000", "netIncome": "377375000"}, {"fiscalDateEnding": "2017-10-31", "reportedCurrency": "USD", "grossProfit": "1139001000", "totalRevenue": "2066982000", "costOfRevenue": "927981000", "costofGoodsAndServicesSold": "927981000", "operatingIncome": "423349000", "sellingGeneralAndAdministrative": "678861000", "researchAndDevelopment": "52462000", "operatingExpenses": "681299000", "investmentIncomeNet": "None", "netInterestIncome": "-35477000", "interestIncome": "1124000", "interestExpense": "35477000", "nonInterestIncome": "None", "otherNonOperatingIncome": "-810000", "depreciation": "None", "depreciationAndAmortization": "90854000", "incomeBeforeTax": "420291000", "incomeTaxExpense": "124489000", "interestAndDebtExpense": "None", "netIncomeFromContinuingOperations": "295802000", "comprehensiveIncomeNetOfTax": "None", "ebit": "456892000", "ebitda": "547746000", "netIncome": "295802000"}, {"fiscalDateEnding": "2016-10-31", "reportedCurrency": "USD", "grossProfit": "993499000", "totalRevenue": "1808994000", "costOfRevenue": "815495000", "costofGoodsAndServicesSold": "815495000", "operatingIncome": "388431000", "sellingGeneralAndAdministrative": "594293000", "researchAndDevelopment": "46247000", "operatingExpenses": "605068000", "investmentIncomeNet": "None", "netInterestIncome": "-20594000", "interestIncome": "728000", "interestExpense": "20594000", "nonInterestIncome": "None", "otherNonOperatingIncome": "1385000", "depreciation": "None", "depreciationAndAmortization": "70304000", "incomeBeforeTax": "368494000", "incomeTaxExpense": "96651000", "interestAndDebtExpense": "None", "netIncomeFromContinuingOperations": "271843000", "comprehensiveIncomeNetOfTax": "None", "ebit": "389816000", "ebitda": "460120000", "netIncome": "271843000"}, {"fiscalDateEnding": "2015-10-31", "reportedCurrency": "USD", "grossProfit": "913964000", "totalRevenue": "1688666000", "costOfRevenue": "774702000", "costofGoodsAndServicesSold": "774702000", "operatingIncome": "300742000", "sellingGeneralAndAdministrative": "584823000", "researchAndDevelopment": "46689000", "operatingExpenses": "596234000", "investmentIncomeNet": "None", "netInterestIncome": "None", "interestIncome": "17546000", "interestExpense": "17546000", "nonInterestIncome": "None", "otherNonOperatingIncome": "1236000", "depreciation": "None", "depreciationAndAmortization": "65194000", "incomeBeforeTax": "300862000", "incomeTaxExpense": "89751000", "interestAndDebtExpense": "None", "netIncomeFromContinuingOperations": "211111000", "comprehensiveIncomeNetOfTax": "None", "ebit": "318966000", "ebitda": "384160000", "netIncome": "211111000"}, {"fiscalDateEnding": "2014-10-31", "reportedCurrency": "USD", "grossProfit": "945098000", "totalRevenue": "1704021000", "costOfRevenue": "758923000", "costofGoodsAndServicesSold": "758923000", "operatingIncome": "367105000", "sellingGeneralAndAdministrative": "577993000", "researchAndDevelopment": "47536000", "operatingExpenses": "577993000", "investmentIncomeNet": "None", "netInterestIncome": "None", "interestIncome": "None", "interestExpense": "14454000", "nonInterestIncome": "None", "otherNonOperatingIncome": "443000", "depreciation": "None", "depreciationAndAmortization": "-138000", "incomeBeforeTax": "352513000", "incomeTaxExpense": "105740000", "interestAndDebtExpense": "None", "netIncomeFromContinuingOperations": "246773000", "comprehensiveIncomeNetOfTax": "None", "ebit": "427440000", "ebitda": "427302000", "netIncome": "246773000"}, {"fiscalDateEnding": "2013-10-31", "reportedCurrency": "USD", "grossProfit": "866144000", "totalRevenue": "1542921000", "costOfRevenue": "676777000", "costofGoodsAndServicesSold": "676777000", "operatingIncome": "323849000", "sellingGeneralAndAdministrative": "541169000", "researchAndDevelopment": "47973000", "operatingExpenses": "542295000", "investmentIncomeNet": "None", "netInterestIncome": "None", "interestIncome": "None", "interestExpense": "14420000", "nonInterestIncome": "None", "otherNonOperatingIncome": "2115000", "depreciation": "None", "depreciationAndAmortization": "1694000", "incomeBeforeTax": "311123000", "incomeTaxExpense": "89306000", "interestAndDebtExpense": "None", "netIncomeFromContinuingOperations": "221817000", "comprehensiveIncomeNetOfTax": "None", "ebit": "378708000", "ebitda": "380402000", "netIncome": "221817000"}, {"fiscalDateEnding": "2012-10-31", "reportedCurrency": "USD", "grossProfit": "823289000", "totalRevenue": "1409578000", "costOfRevenue": "586289000", "costofGoodsAndServicesSold": "586289000", "operatingIncome": "335480000", "sellingGeneralAndAdministrative": "485285000", "researchAndDevelopment": "36535000", "operatingExpenses": "487809000", "investmentIncomeNet": "None", "netInterestIncome": "None", "interestIncome": "None", "interestExpense": "10690000", "nonInterestIncome": "None", "otherNonOperatingIncome": "1926000", "depreciation": "None", "depreciationAndAmortization": "1463000", "incomeBeforeTax": "326253000", "incomeTaxExpense": "101424000", "interestAndDebtExpense": "None", "netIncomeFromContinuingOperations": "224829000", "comprehensiveIncomeNetOfTax": "None", "ebit": "374933000", "ebitda": "376396000", "netIncome": "224829000"}, {"fiscalDateEnding": "2011-10-31", "reportedCurrency": "USD", "grossProfit": "748432000", "totalRevenue": "1233159000", "costOfRevenue": "484727000", "costofGoodsAndServicesSold": "484727000", "operatingIncome": "315543000", "sellingGeneralAndAdministrative": "429489000", "researchAndDevelopment": "26997000", "operatingExpenses": "432889000", "investmentIncomeNet": "None", "netInterestIncome": "None", "interestIncome": "None", "interestExpense": "4500000", "nonInterestIncome": "None", "otherNonOperatingIncome": "4087000", "depreciation": "None", "depreciationAndAmortization": "28776000", "incomeBeforeTax": "314561000", "incomeTaxExpense": "92197000", "interestAndDebtExpense": "None", "netIncomeFromContinuingOperations": "222364000", "comprehensiveIncomeNetOfTax": "None", "ebit": "315543000", "ebitda": "344319000", "netIncome": "222364000"}, {"fiscalDateEnding": "2010-10-31", "reportedCurrency": "USD", "grossProfit": "621614000", "totalRevenue": "1041551000", "costOfRevenue": "419937000", "costofGoodsAndServicesSold": "419937000", "operatingIncome": "234833000", "sellingGeneralAndAdministrative": "384752000", "researchAndDevelopment": "23835000", "operatingExpenses": "386781000", "investmentIncomeNet": "None", "netInterestIncome": "None", "interestIncome": "None", "interestExpense": "5444000", "nonInterestIncome": "None", "otherNonOperatingIncome": "2749000", "depreciation": "None", "depreciationAndAmortization": "28888000", "incomeBeforeTax": "231319000", "incomeTaxExpense": "63271000", "interestAndDebtExpense": "None", "netIncomeFromContinuingOperations": "168048000", "comprehensiveIncomeNetOfTax": "None", "ebit": "234833000", "ebitda": "263721000", "netIncome": "168048000"}, {"fiscalDateEnding": "2009-10-31", "reportedCurrency": "USD", "grossProfit": "468926000", "totalRevenue": "819165000", "costOfRevenue": "350239000", "costofGoodsAndServicesSold": "350239000", "operatingIncome": "83826000", "sellingGeneralAndAdministrative": "337294000", "researchAndDevelopment": "25528000", "operatingExpenses": "353690000", "investmentIncomeNet": "None", "netInterestIncome": "None", "interestIncome": "None", "interestExpense": "7279000", "nonInterestIncome": "None", "otherNonOperatingIncome": "None", "depreciation": "None", "depreciationAndAmortization": "31410000", "incomeBeforeTax": "-127191000", "incomeTaxExpense": "32864000", "interestAndDebtExpense": "None", "netIncomeFromContinuingOperations": "None", "comprehensiveIncomeNetOfTax": "None", "ebit": "-119420000", "ebitda": "-88010000", "netIncome": "-160055000"}, {"fiscalDateEnding": "2008-10-31", "reportedCurrency": "USD", "grossProfit": "630435000", "totalRevenue": "1124829000", "costOfRevenue": "494394000", "costofGoodsAndServicesSold": "494394000", "operatingIncome": "190338000", "sellingGeneralAndAdministrative": "434476000", "researchAndDevelopment": "33566000", "operatingExpenses": "434476000", "investmentIncomeNet": "None", "netInterestIncome": "None", "interestIncome": "None", "interestExpense": "13621000", "nonInterestIncome": "None", "otherNonOperatingIncome": "None", "depreciation": "None", "depreciationAndAmortization": "38565000", "incomeBeforeTax": "179788000", "incomeTaxExpense": "62284000", "interestAndDebtExpense": "None", "netIncomeFromContinuingOperations": "None", "comprehensiveIncomeNetOfTax": "None", "ebit": "190174000", "ebitda": "228739000", "netIncome": "117504000"}, {"fiscalDateEnding": "2007-10-31", "reportedCurrency": "USD", "grossProfit": "553845000", "totalRevenue": "993649000", "costOfRevenue": "439804000", "costofGoodsAndServicesSold": "439804000", "operatingIncome": "152142000", "sellingGeneralAndAdministrative": "401294000", "researchAndDevelopment": "35432000", "operatingExpenses": "401294000", "investmentIncomeNet": "None", "netInterestIncome": "None", "interestIncome": "None", "interestExpense": "24535000", "nonInterestIncome": "None", "otherNonOperatingIncome": "None", "depreciation": "None", "depreciationAndAmortization": "25134000", "incomeBeforeTax": "135722000", "incomeTaxExpense": "45030000", "interestAndDebtExpense": "None", "netIncomeFromContinuingOperations": "None", "comprehensiveIncomeNetOfTax": "None", "ebit": "160063000", "ebitda": "185197000", "netIncome": "90692000"}, {"fiscalDateEnding": "2006-10-31", "reportedCurrency": "USD", "grossProfit": "512421000", "totalRevenue": "892221000", "costOfRevenue": "379800000", "costofGoodsAndServicesSold": "379800000", "operatingIncome": "147615000", "sellingGeneralAndAdministrative": "362179000", "researchAndDevelopment": "24467000", "operatingExpenses": "362179000", "investmentIncomeNet": "None", "netInterestIncome": "None", "interestIncome": "None", "interestExpense": "9696000", "nonInterestIncome": "None", "otherNonOperatingIncome": "None", "depreciation": "None", "depreciationAndAmortization": "29595000", "incomeBeforeTax": "136434000", "incomeTaxExpense": "38767000", "interestAndDebtExpense": "None", "netIncomeFromContinuingOperations": "None", "comprehensiveIncomeNetOfTax": "None", "ebit": "147615000", "ebitda": "177210000", "netIncome": "90598000"}, {"fiscalDateEnding": "2005-10-31", "reportedCurrency": "USD", "grossProfit": "467864000", "totalRevenue": "839162000", "costOfRevenue": "371298000", "costofGoodsAndServicesSold": "371298000", "operatingIncome": "121667000", "sellingGeneralAndAdministrative": "7522000", "researchAndDevelopment": "21478000", "operatingExpenses": "346197000", "investmentIncomeNet": "None", "netInterestIncome": "None", "interestIncome": "None", "interestExpense": "19458000", "nonInterestIncome": "None", "otherNonOperatingIncome": "None", "depreciation": "None", "depreciationAndAmortization": "24988000", "incomeBeforeTax": "111276000", "incomeTaxExpense": "32938000", "interestAndDebtExpense": "None", "netIncomeFromContinuingOperations": "None", "comprehensiveIncomeNetOfTax": "None", "ebit": "132581000", "ebitda": "157569000", "netIncome": "78338000"}], "quarterlyReports": [{"fiscalDateEnding": "2025-01-31", "reportedCurrency": "USD", "grossProfit": "335896000", "totalRevenue": "615420000", "costOfRevenue": "279524000", "costofGoodsAndServicesSold": "279524000", "operatingIncome": "140947000", "sellingGeneralAndAdministrative": "194949000", "researchAndDevelopment": "None", "operatingExpenses": "194949000", "investmentIncomeNet": "None", "netInterestIncome": "-25618000", "interestIncome": "941000", "interestExpense": "26559000", "nonInterestIncome": "None", "otherNonOperatingIncome": "None", "depreciation": "None", "depreciationAndAmortization": "37031000", "incomeBeforeTax": "116855000", "incomeTaxExpense": "22203000", "interestAndDebtExpense": "None", "netIncomeFromContinuingOperations": "94652000", "comprehensiveIncomeNetOfTax": "None", "ebit": "143414000", "ebitda": "180445000", "netIncome": "94652000"}, {"fiscalDateEnding": "2024-10-31", "reportedCurrency": "USD", "grossProfit": "402824000", "totalRevenue": "744482000", "costOfRevenue": "341658000", "costofGoodsAndServicesSold": "341658000", "operatingIncome": "178892000", "sellingGeneralAndAdministrative": "223932000", "researchAndDevelopment": "None", "operatingExpenses": "223932000", "investmentIncomeNet": "None", "netInterestIncome": "-27282000", "interestIncome": "1288000", "interestExpense": "28570000", "nonInterestIncome": "None", "otherNonOperatingIncome": "None", "depreciation": "None", "depreciationAndAmortization": "34279000", "incomeBeforeTax": "148072000", "incomeTaxExpense": "25904000", "interestAndDebtExpense": "None", "netIncomeFromContinuingOperations": "122168000", "comprehensiveIncomeNetOfTax": "None", "ebit": "178892000", "ebitda": "213171000", "netIncome": "122168000"}, {"fiscalDateEnding": "2024-07-31", "reportedCurrency": "USD", "grossProfit": "369001000", "totalRevenue": "661604000", "costOfRevenue": "292603000", "costofGoodsAndServicesSold": "292603000", "operatingIncome": "167058000", "sellingGeneralAndAdministrative": "201943000", "researchAndDevelopment": "None", "operatingExpenses": "201943000", "investmentIncomeNet": "None", "netInterestIncome": "-17776000", "interestIncome": "1027000", "interestExpense": "18803000", "nonInterestIncome": "None", "otherNonOperatingIncome": "None", "depreciation": "None", "depreciationAndAmortization": "33382000", "incomeBeforeTax": "149434000", "incomeTaxExpense": "32107000", "interestAndDebtExpense": "None", "netIncomeFromContinuingOperations": "117327000", "comprehensiveIncomeNetOfTax": "None", "ebit": "168237000", "ebitda": "201619000", "netIncome": "117327000"}, {"fiscalDateEnding": "2024-04-30", "reportedCurrency": "USD", "grossProfit": "365877000", "totalRevenue": "650642000", "costOfRevenue": "284765000", "costofGoodsAndServicesSold": "284765000", "operatingIncome": "168616000", "sellingGeneralAndAdministrative": "197261000", "researchAndDevelopment": "None", "operatingExpenses": "197261000", "investmentIncomeNet": "None", "netInterestIncome": "-18555000", "interestIncome": "1554000", "interestExpense": "20109000", "nonInterestIncome": "None", "otherNonOperatingIncome": "None", "depreciation": "None", "depreciationAndAmortization": "32720000", "incomeBeforeTax": "149276000", "incomeTaxExpense": "31059000", "interestAndDebtExpense": "None", "netIncomeFromContinuingOperations": "118217000", "comprehensiveIncomeNetOfTax": "None", "ebit": "169385000", "ebitda": "202105000", "netIncome": "118217000"}, {"fiscalDateEnding": "2024-01-31", "reportedCurrency": "USD", "grossProfit": "348427000", "totalRevenue": "633193000", "costOfRevenue": "284766000", "costofGoodsAndServicesSold": "284766000", "operatingIncome": "159435000", "sellingGeneralAndAdministrative": "187967000", "researchAndDevelopment": "None", "operatingExpenses": "187967000", "investmentIncomeNet": "None", "netInterestIncome": "-20398000", "interestIncome": "1044000", "interestExpense": "21442000", "nonInterestIncome": "None", "otherNonOperatingIncome": "None", "depreciation": "None", "depreciationAndAmortization": "33543999", "incomeBeforeTax": "138699000", "incomeTaxExpense": "29127000", "interestAndDebtExpense": "None", "netIncomeFromContinuingOperations": "109572000", "comprehensiveIncomeNetOfTax": "None", "ebit": "160141001", "ebitda": "193685000", "netIncome": "109572000"}, {"fiscalDateEnding": "2023-10-31", "reportedCurrency": "USD", "grossProfit": "384093000", "totalRevenue": "719313000", "costOfRevenue": "335220000", "costofGoodsAndServicesSold": "335220000", "operatingIncome": "185039000", "sellingGeneralAndAdministrative": "199054000", "researchAndDevelopment": "71400000", "operatingExpenses": "199054000", "investmentIncomeNet": "None", "netInterestIncome": "-25921000", "interestIncome": "1052000", "interestExpense": "25921000", "nonInterestIncome": "None", "otherNonOperatingIncome": "None", "depreciation": "None", "depreciationAndAmortization": "31261000", "incomeBeforeTax": "160580000", "incomeTaxExpense": "32802000", "interestAndDebtExpense": "None", "netIncomeFromContinuingOperations": "127778000", "comprehensiveIncomeNetOfTax": "None", "ebit": "187553000", "ebitda": "218814000", "netIncome": "127778000"}, {"fiscalDateEnding": "2023-07-31", "reportedCurrency": "USD", "grossProfit": "360320000", "totalRevenue": "648677000", "costOfRevenue": "288357000", "costofGoodsAndServicesSold": "288357000", "operatingIncome": "170996000", "sellingGeneralAndAdministrative": "189324000", "researchAndDevelopment": "None", "operatingExpenses": "189324000", "investmentIncomeNet": "None", "netInterestIncome": "-11486000", "interestIncome": "603000", "interestExpense": "11486000", "nonInterestIncome": "None", "otherNonOperatingIncome": "3145000", "depreciation": "None", "depreciationAndAmortization": "27102000", "incomeBeforeTax": "162052000", "incomeTaxExpense": "34161000", "interestAndDebtExpense": "None", "netIncomeFromContinuingOperations": "127891000", "comprehensiveIncomeNetOfTax": "None", "ebit": "174141000", "ebitda": "201243000", "netIncome": "127891000"}, {"fiscalDateEnding": "2023-04-30", "reportedCurrency": "USD", "grossProfit": "352125000", "totalRevenue": "650165000", "costOfRevenue": "298040000", "costofGoodsAndServicesSold": "298040000", "operatingIncome": "172507000", "sellingGeneralAndAdministrative": "179618000", "researchAndDevelopment": "None", "operatingExpenses": "179618000", "investmentIncomeNet": "None", "netInterestIncome": "-9475000", "interestIncome": "438000", "interestExpense": "9475000", "nonInterestIncome": "None", "otherNonOperatingIncome": "-967000", "depreciation": "None", "depreciationAndAmortization": "27101000", "incomeBeforeTax": "161627000", "incomeTaxExpense": "34064000", "interestAndDebtExpense": "None", "netIncomeFromContinuingOperations": "127563000", "comprehensiveIncomeNetOfTax": "None", "ebit": "171540000", "ebitda": "198641000", "netIncome": "127563000"}, {"fiscalDateEnding": "2023-01-31", "reportedCurrency": "USD", "grossProfit": "328867000", "totalRevenue": "610477000", "costOfRevenue": "281610000", "costofGoodsAndServicesSold": "281610000", "operatingIncome": "144219000", "sellingGeneralAndAdministrative": "183279000", "researchAndDevelopment": "None", "operatingExpenses": "184648000", "investmentIncomeNet": "None", "netInterestIncome": "-9943000", "interestIncome": "587000", "interestExpense": "9943000", "nonInterestIncome": "None", "otherNonOperatingIncome": "-2609000", "depreciation": "None", "depreciationAndAmortization": "26434000", "incomeBeforeTax": "131080000", "incomeTaxExpense": "26819000", "interestAndDebtExpense": "None", "netIncomeFromContinuingOperations": "104261000", "comprehensiveIncomeNetOfTax": "None", "ebit": "141610000", "ebitda": "168044000", "netIncome": "104261000"}, {"fiscalDateEnding": "2022-10-31", "reportedCurrency": "USD", "grossProfit": "363183000", "totalRevenue": "683581000", "costOfRevenue": "320398000", "costofGoodsAndServicesSold": "320398000", "operatingIncome": "177609000", "sellingGeneralAndAdministrative": "185574000", "researchAndDevelopment": "63031000", "operatingExpenses": "185574000", "investmentIncomeNet": "None", "netInterestIncome": "-5095000", "interestIncome": "570000", "interestExpense": "5095000", "nonInterestIncome": "None", "otherNonOperatingIncome": "5596000", "depreciation": "None", "depreciationAndAmortization": "24681000", "incomeBeforeTax": "177540000", "incomeTaxExpense": "36291000", "interestAndDebtExpense": "None", "netIncomeFromContinuingOperations": "141249000", "comprehensiveIncomeNetOfTax": "None", "ebit": "183205000", "ebitda": "207886000", "netIncome": "141249000"}, {"fiscalDateEnding": "2022-07-31", "reportedCurrency": "USD", "grossProfit": "365584000", "totalRevenue": "662128000", "costOfRevenue": "296544000", "costofGoodsAndServicesSold": "296544000", "operatingIncome": "184918000", "sellingGeneralAndAdministrative": "180666000", "researchAndDevelopment": "None", "operatingExpenses": "180666000", "investmentIncomeNet": "None", "netInterestIncome": "-5165000", "interestIncome": "572000", "interestExpense": "5165000", "nonInterestIncome": "None", "otherNonOperatingIncome": "1324000", "depreciation": "None", "depreciationAndAmortization": "24887000", "incomeBeforeTax": "180505000", "incomeTaxExpense": "38694000", "interestAndDebtExpense": "None", "netIncomeFromContinuingOperations": "141811000", "comprehensiveIncomeNetOfTax": "None", "ebit": "186242000", "ebitda": "211129000", "netIncome": "141811000"}, {"fiscalDateEnding": "2022-04-30", "reportedCurrency": "USD", "grossProfit": "357635000", "totalRevenue": "635403000", "costOfRevenue": "277768000", "costofGoodsAndServicesSold": "277768000", "operatingIncome": "144209000", "sellingGeneralAndAdministrative": "173662000", "researchAndDevelopment": "None", "operatingExpenses": "173662000", "investmentIncomeNet": "None", "netInterestIncome": "-4942000", "interestIncome": "419000", "interestExpense": "4942000", "nonInterestIncome": "None", "otherNonOperatingIncome": "-39345000", "depreciation": "None", "depreciationAndAmortization": "24965000", "incomeBeforeTax": "139267000", "incomeTaxExpense": "29633000", "interestAndDebtExpense": "None", "netIncomeFromContinuingOperations": "109634000", "comprehensiveIncomeNetOfTax": "None", "ebit": "144628000", "ebitda": "169593000", "netIncome": "109634000"}, {"fiscalDateEnding": "2022-01-31", "reportedCurrency": "USD", "grossProfit": "340134000", "totalRevenue": "609166000", "costOfRevenue": "269032000", "costofGoodsAndServicesSold": "269032000", "operatingIncome": "155860000", "sellingGeneralAndAdministrative": "184274000", "researchAndDevelopment": "None", "operatingExpenses": "184274000", "investmentIncomeNet": "None", "netInterestIncome": "-5185000", "interestIncome": "465000", "interestExpense": "5185000", "nonInterestIncome": "None", "otherNonOperatingIncome": "1757000", "depreciation": "None", "depreciationAndAmortization": "25390000", "incomeBeforeTax": "151967000", "incomeTaxExpense": "31558000", "interestAndDebtExpense": "None", "netIncomeFromContinuingOperations": "120409000", "comprehensiveIncomeNetOfTax": "None", "ebit": "157617000", "ebitda": "183007000", "netIncome": "120409000"}, {"fiscalDateEnding": "2021-10-31", "reportedCurrency": "USD", "grossProfit": "331150000", "totalRevenue": "599247000", "costOfRevenue": "268097000", "costofGoodsAndServicesSold": "268097000", "operatingIncome": "151435000", "sellingGeneralAndAdministrative": "179715000", "researchAndDevelopment": "59422000", "operatingExpenses": "179715000", "investmentIncomeNet": "None", "netInterestIncome": "-4452000", "interestIncome": "829000", "interestExpense": "4452000", "nonInterestIncome": "None", "otherNonOperatingIncome": "None", "depreciation": "None", "depreciationAndAmortization": "25650000", "incomeBeforeTax": "140109000", "incomeTaxExpense": "29649000", "interestAndDebtExpense": "None", "netIncomeFromContinuingOperations": "110460000", "comprehensiveIncomeNetOfTax": "None", "ebit": "145390000", "ebitda": "171040000", "netIncome": "110460000"}, {"fiscalDateEnding": "2021-07-31", "reportedCurrency": "USD", "grossProfit": "365271000", "totalRevenue": "646858000", "costOfRevenue": "281587000", "costofGoodsAndServicesSold": "281587000", "operatingIncome": "188276000", "sellingGeneralAndAdministrative": "176995000", "researchAndDevelopment": "None", "operatingExpenses": "176995000", "investmentIncomeNet": "None", "netInterestIncome": "-5647000", "interestIncome": "492000", "interestExpense": "5647000", "nonInterestIncome": "None", "otherNonOperatingIncome": "None", "depreciation": "None", "depreciationAndAmortization": "26897000", "incomeBeforeTax": "180397000", "incomeTaxExpense": "38215000", "interestAndDebtExpense": "None", "netIncomeFromContinuingOperations": "142182000", "comprehensiveIncomeNetOfTax": "None", "ebit": "186536000", "ebitda": "213433000", "netIncome": "142182000"}, {"fiscalDateEnding": "2021-04-30", "reportedCurrency": "USD", "grossProfit": "337699000", "totalRevenue": "589538000", "costOfRevenue": "251839000", "costofGoodsAndServicesSold": "251839000", "operatingIncome": "166391000", "sellingGeneralAndAdministrative": "171308000", "researchAndDevelopment": "None", "operatingExpenses": "171308000", "investmentIncomeNet": "None", "netInterestIncome": "-6690000", "interestIncome": "449000", "interestExpense": "6690000", "nonInterestIncome": "None", "otherNonOperatingIncome": "-3394000", "depreciation": "None", "depreciationAndAmortization": "25317000", "incomeBeforeTax": "155858000", "incomeTaxExpense": "31714000", "interestAndDebtExpense": "None", "netIncomeFromContinuingOperations": "124144000", "comprehensiveIncomeNetOfTax": "None", "ebit": "162997000", "ebitda": "188314000", "netIncome": "124144000"}, {"fiscalDateEnding": "2021-01-31", "reportedCurrency": "USD", "grossProfit": "289960000", "totalRevenue": "526566000", "costOfRevenue": "236606000", "costofGoodsAndServicesSold": "236606000", "operatingIncome": "109025000", "sellingGeneralAndAdministrative": "180935000", "researchAndDevelopment": "None", "operatingExpenses": "180935000", "investmentIncomeNet": "None", "netInterestIncome": "-6552000", "interestIncome": "380000", "interestExpense": "6552000", "nonInterestIncome": "None", "otherNonOperatingIncome": "-4281000", "depreciation": "None", "depreciationAndAmortization": "26020000", "incomeBeforeTax": "97812000", "incomeTaxExpense": "20230000", "interestAndDebtExpense": "None", "netIncomeFromContinuingOperations": "77582000", "comprehensiveIncomeNetOfTax": "None", "ebit": "104744000", "ebitda": "130764000", "netIncome": "77582000"}, {"fiscalDateEnding": "2020-10-31", "reportedCurrency": "USD", "grossProfit": "296868000", "totalRevenue": "558525000", "costOfRevenue": "261657000", "costofGoodsAndServicesSold": "261657000", "operatingIncome": "120105000", "sellingGeneralAndAdministrative": "521423000", "researchAndDevelopment": "63591000", "operatingExpenses": "172129000", "investmentIncomeNet": "None", "netInterestIncome": "-6432000", "interestIncome": "380000", "interestExpense": "6432000", "nonInterestIncome": "None", "otherNonOperatingIncome": "-4253000", "depreciation": "None", "depreciationAndAmortization": "29138000", "incomeBeforeTax": "26302000", "incomeTaxExpense": "7827000", "interestAndDebtExpense": "None", "netIncomeFromContinuingOperations": "18475000", "comprehensiveIncomeNetOfTax": "None", "ebit": "33114000", "ebitda": "62252000", "netIncome": "18475000"}, {"fiscalDateEnding": "2020-07-31", "reportedCurrency": "USD", "grossProfit": "280808000", "totalRevenue": "538181000", "costOfRevenue": "257373000", "costofGoodsAndServicesSold": "257373000", "operatingIncome": "105609000", "sellingGeneralAndAdministrative": "168753000", "researchAndDevelopment": "None", "operatingExpenses": "168753000", "investmentIncomeNet": "None", "netInterestIncome": "-6880000", "interestIncome": "434000", "interestExpense": "6880000", "nonInterestIncome": "None", "otherNonOperatingIncome": "-9234000", "depreciation": "None", "depreciationAndAmortization": "28500000", "incomeBeforeTax": "95507000", "incomeTaxExpense": "8526000", "interestAndDebtExpense": "None", "netIncomeFromContinuingOperations": "86981000", "comprehensiveIncomeNetOfTax": "None", "ebit": "102821000", "ebitda": "131321000", "netIncome": "86981000"}, {"fiscalDateEnding": "2020-04-30", "reportedCurrency": "USD", "grossProfit": "289598000", "totalRevenue": "529478000", "costOfRevenue": "239880000", "costofGoodsAndServicesSold": "239880000", "operatingIncome": "117292000", "sellingGeneralAndAdministrative": "164569000", "researchAndDevelopment": "None", "operatingExpenses": "164569000", "investmentIncomeNet": "None", "netInterestIncome": "-8015000", "interestIncome": "278000", "interestExpense": "8015000", "nonInterestIncome": "None", "otherNonOperatingIncome": "-151000", "depreciation": "None", "depreciationAndAmortization": "27046000", "incomeBeforeTax": "116585000", "incomeTaxExpense": "24506000", "interestAndDebtExpense": "None", "netIncomeFromContinuingOperations": "92079000", "comprehensiveIncomeNetOfTax": "None", "ebit": "124878000", "ebitda": "151924000", "netIncome": "92079000"}, {"fiscalDateEnding": "2020-01-31", "reportedCurrency": "USD", "grossProfit": "263194000", "totalRevenue": "494916000", "costOfRevenue": "231722000", "costofGoodsAndServicesSold": "231722000", "operatingIncome": "75093000", "sellingGeneralAndAdministrative": "188101000", "researchAndDevelopment": "None", "operatingExpenses": "188101000", "investmentIncomeNet": "None", "netInterestIncome": "-9152000", "interestIncome": "588000", "interestExpense": "9152000", "nonInterestIncome": "None", "otherNonOperatingIncome": "-2258000", "depreciation": "None", "depreciationAndAmortization": "28618000", "incomeBeforeTax": "63095000", "incomeTaxExpense": "11091000", "interestAndDebtExpense": "None", "netIncomeFromContinuingOperations": "52004000", "comprehensiveIncomeNetOfTax": "None", "ebit": "72835000", "ebitda": "101453000", "netIncome": "52004000"}, {"fiscalDateEnding": "2019-10-31", "reportedCurrency": "USD", "grossProfit": "318975000", "totalRevenue": "585451000", "costOfRevenue": "266476000", "costofGoodsAndServicesSold": "266476000", "operatingIncome": "139660000", "sellingGeneralAndAdministrative": "179315000", "researchAndDevelopment": "60018000", "operatingExpenses": "179315000", "investmentIncomeNet": "None", "netInterestIncome": "-10216000", "interestIncome": "691000", "interestExpense": "10216000", "nonInterestIncome": "None", "otherNonOperatingIncome": "-1469000", "depreciation": "None", "depreciationAndAmortization": "26913000", "incomeBeforeTax": "127282000", "incomeTaxExpense": "24609000", "interestAndDebtExpense": "None", "netIncomeFromContinuingOperations": "102673000", "comprehensiveIncomeNetOfTax": "None", "ebit": "138189000", "ebitda": "165102000", "netIncome": "102673000"}, {"fiscalDateEnding": "2019-07-31", "reportedCurrency": "USD", "grossProfit": "302623000", "totalRevenue": "559746000", "costOfRevenue": "257123000", "costofGoodsAndServicesSold": "257123000", "operatingIncome": "119798000", "sellingGeneralAndAdministrative": "172347000", "researchAndDevelopment": "None", "operatingExpenses": "172347000", "investmentIncomeNet": "None", "netInterestIncome": "-10989000", "interestIncome": "511000", "interestExpense": "10989000", "nonInterestIncome": "None", "otherNonOperatingIncome": "721000", "depreciation": "None", "depreciationAndAmortization": "27843000", "incomeBeforeTax": "119497000", "incomeTaxExpense": "25569000", "interestAndDebtExpense": "None", "netIncomeFromContinuingOperations": "93928000", "comprehensiveIncomeNetOfTax": "None", "ebit": "130997000", "ebitda": "158840000", "netIncome": "93928000"}, {"fiscalDateEnding": "2019-04-30", "reportedCurrency": "USD", "grossProfit": "301529000", "totalRevenue": "551119000", "costOfRevenue": "249590000", "costofGoodsAndServicesSold": "249590000", "operatingIncome": "117174000", "sellingGeneralAndAdministrative": "172633000", "researchAndDevelopment": "None", "operatingExpenses": "172633000", "investmentIncomeNet": "None", "netInterestIncome": "-12047000", "interestIncome": "11420000", "interestExpense": "12047000", "nonInterestIncome": "None", "otherNonOperatingIncome": "-243000", "depreciation": "None", "depreciationAndAmortization": "27740000", "incomeBeforeTax": "116281000", "incomeTaxExpense": "24358000", "interestAndDebtExpense": "None", "netIncomeFromContinuingOperations": "91923000", "comprehensiveIncomeNetOfTax": "None", "ebit": "128653000", "ebitda": "156393000", "netIncome": "91923000"}, {"fiscalDateEnding": "2019-01-31", "reportedCurrency": "USD", "grossProfit": "268976000", "totalRevenue": "497910000", "costOfRevenue": "228934000", "costofGoodsAndServicesSold": "228934000", "operatingIncome": "72548000", "sellingGeneralAndAdministrative": "184695000", "researchAndDevelopment": "0", "operatingExpenses": "184695000", "investmentIncomeNet": "None", "netInterestIncome": "None", "interestIncome": "None", "interestExpense": "12049000", "nonInterestIncome": "None", "otherNonOperatingIncome": "-3873000", "depreciation": "None", "depreciationAndAmortization": "27748000", "incomeBeforeTax": "68043000", "incomeTaxExpense": "19476000", "interestAndDebtExpense": "None", "netIncomeFromContinuingOperations": "48567000", "comprehensiveIncomeNetOfTax": "None", "ebit": "80408000", "ebitda": "108156000", "netIncome": "48567000"}, {"fiscalDateEnding": "2018-10-31", "reportedCurrency": "USD", "grossProfit": "307738000", "totalRevenue": "569295000", "costOfRevenue": "261557000", "costofGoodsAndServicesSold": "261557000", "operatingIncome": "103226000", "sellingGeneralAndAdministrative": "193185000", "researchAndDevelopment": "58806000", "operatingExpenses": "193184000", "investmentIncomeNet": "None", "netInterestIncome": "None", "interestIncome": "None", "interestExpense": "11847000", "nonInterestIncome": "None", "otherNonOperatingIncome": "2001000", "depreciation": "None", "depreciationAndAmortization": "27370000", "incomeBeforeTax": "104188000", "incomeTaxExpense": "17486000", "interestAndDebtExpense": "None", "netIncomeFromContinuingOperations": "86701000", "comprehensiveIncomeNetOfTax": "None", "ebit": "116554000", "ebitda": "143924000", "netIncome": "86701000"}, {"fiscalDateEnding": "2018-07-31", "reportedCurrency": "USD", "grossProfit": "320396000", "totalRevenue": "581243000", "costOfRevenue": "260847000", "costofGoodsAndServicesSold": "260847000", "operatingIncome": "135576000", "sellingGeneralAndAdministrative": "184820000", "researchAndDevelopment": "0", "operatingExpenses": "184820000", "investmentIncomeNet": "None", "netInterestIncome": "None", "interestIncome": "None", "interestExpense": "13409000", "nonInterestIncome": "None", "otherNonOperatingIncome": "884000", "depreciation": "None", "depreciationAndAmortization": "27849000", "incomeBeforeTax": "122695000", "incomeTaxExpense": "27811000", "interestAndDebtExpense": "None", "netIncomeFromContinuingOperations": "94884000", "comprehensiveIncomeNetOfTax": "None", "ebit": "135932000", "ebitda": "163781000", "netIncome": "94884000"}, {"fiscalDateEnding": "2018-04-30", "reportedCurrency": "USD", "grossProfit": "306828000", "totalRevenue": "553706000", "costOfRevenue": "246878000", "costofGoodsAndServicesSold": "246878000", "operatingIncome": "126705000", "sellingGeneralAndAdministrative": "180123000", "researchAndDevelopment": "0", "operatingExpenses": "180123000", "investmentIncomeNet": "None", "netInterestIncome": "None", "interestIncome": "None", "interestExpense": "11908000", "nonInterestIncome": "None", "otherNonOperatingIncome": "3541000", "depreciation": "None", "depreciationAndAmortization": "3322000", "incomeBeforeTax": "118119000", "incomeTaxExpense": "26884000", "interestAndDebtExpense": "None", "netIncomeFromContinuingOperations": "91235000", "comprehensiveIncomeNetOfTax": "None", "ebit": "154355000", "ebitda": "157677000", "netIncome": "91235000"}, {"fiscalDateEnding": "2018-01-31", "reportedCurrency": "USD", "grossProfit": "301003000", "totalRevenue": "550424000", "costOfRevenue": "249421000", "costofGoodsAndServicesSold": "249421000", "operatingIncome": "106984000", "sellingGeneralAndAdministrative": "183280000", "researchAndDevelopment": "0", "operatingExpenses": "183280000", "investmentIncomeNet": "None", "netInterestIncome": "None", "interestIncome": "None", "interestExpense": "11028000", "nonInterestIncome": "None", "otherNonOperatingIncome": "-2888000", "depreciation": "None", "depreciationAndAmortization": "26285000", "incomeBeforeTax": "103518000", "incomeTaxExpense": "-1037000", "interestAndDebtExpense": "None", "netIncomeFromContinuingOperations": "104555000", "comprehensiveIncomeNetOfTax": "None", "ebit": "114835000", "ebitda": "141120000", "netIncome": "104555000"}, {"fiscalDateEnding": "2017-10-31", "reportedCurrency": "USD", "grossProfit": "312088000", "totalRevenue": "573938000", "costOfRevenue": "261850000", "costofGoodsAndServicesSold": "261850000", "operatingIncome": "113663000", "sellingGeneralAndAdministrative": "184861000", "researchAndDevelopment": "52462000", "operatingExpenses": "187300000", "investmentIncomeNet": "None", "netInterestIncome": "None", "interestIncome": "None", "interestExpense": "11436000", "nonInterestIncome": "None", "otherNonOperatingIncome": "-170000", "depreciation": "None", "depreciationAndAmortization": "25488000", "incomeBeforeTax": "112870000", "incomeTaxExpense": "33035000", "interestAndDebtExpense": "None", "netIncomeFromContinuingOperations": "79835000", "comprehensiveIncomeNetOfTax": "None", "ebit": "124617000", "ebitda": "150105000", "netIncome": "79835000"}, {"fiscalDateEnding": "2017-07-31", "reportedCurrency": "USD", "grossProfit": "326265000", "totalRevenue": "589438000", "costOfRevenue": "263173000", "costofGoodsAndServicesSold": "263173000", "operatingIncome": "153466000", "sellingGeneralAndAdministrative": "172799000", "researchAndDevelopment": "0", "operatingExpenses": "172799000", "investmentIncomeNet": "None", "netInterestIncome": "None", "interestIncome": "None", "interestExpense": "11038000", "nonInterestIncome": "None", "otherNonOperatingIncome": "295000", "depreciation": "None", "depreciationAndAmortization": "27000", "incomeBeforeTax": "142455000", "incomeTaxExpense": "40999000", "interestAndDebtExpense": "None", "netIncomeFromContinuingOperations": "101456000", "comprehensiveIncomeNetOfTax": "None", "ebit": "179688000", "ebitda": "179715000", "netIncome": "101456000"}, {"fiscalDateEnding": "2017-04-30", "reportedCurrency": "USD", "grossProfit": "275512000", "totalRevenue": "496137000", "costOfRevenue": "220625000", "costofGoodsAndServicesSold": "220625000", "operatingIncome": "96168000", "sellingGeneralAndAdministrative": "171981000", "researchAndDevelopment": "0", "operatingExpenses": "171981000", "investmentIncomeNet": "None", "netInterestIncome": "None", "interestIncome": "None", "interestExpense": "7635000", "nonInterestIncome": "None", "otherNonOperatingIncome": "-1051000", "depreciation": "None", "depreciationAndAmortization": "20915000", "incomeBeforeTax": "94573000", "incomeTaxExpense": "30050000", "interestAndDebtExpense": "None", "netIncomeFromContinuingOperations": "64523000", "comprehensiveIncomeNetOfTax": "None", "ebit": "102480000", "ebitda": "123395000", "netIncome": "64523000"}, {"fiscalDateEnding": "2017-01-31", "reportedCurrency": "USD", "grossProfit": "225138000", "totalRevenue": "407470000", "costOfRevenue": "182332000", "costofGoodsAndServicesSold": "182332000", "operatingIncome": "70823000", "sellingGeneralAndAdministrative": "149220000", "researchAndDevelopment": "0", "operatingExpenses": "149220000", "investmentIncomeNet": "None", "netInterestIncome": "None", "interestIncome": "None", "interestExpense": "5368000", "nonInterestIncome": "None", "otherNonOperatingIncome": "116000", "depreciation": "None", "depreciationAndAmortization": "18497000", "incomeBeforeTax": "70393000", "incomeTaxExpense": "20405000", "interestAndDebtExpense": "None", "netIncomeFromContinuingOperations": "49988000", "comprehensiveIncomeNetOfTax": "None", "ebit": "76034000", "ebitda": "94531000", "netIncome": "49988000"}, {"fiscalDateEnding": "2016-10-31", "reportedCurrency": "USD", "grossProfit": "274967000", "totalRevenue": "509283000", "costOfRevenue": "234316000", "costofGoodsAndServicesSold": "234316000", "operatingIncome": "110863000", "sellingGeneralAndAdministrative": "153329000", "researchAndDevelopment": "46247000", "operatingExpenses": "164104000", "investmentIncomeNet": "None", "netInterestIncome": "None", "interestIncome": "None", "interestExpense": "5606000", "nonInterestIncome": "None", "otherNonOperatingIncome": "332000", "depreciation": "None", "depreciationAndAmortization": "106000", "incomeBeforeTax": "105363000", "incomeTaxExpense": "29496000", "interestAndDebtExpense": "None", "netIncomeFromContinuingOperations": "75867000", "comprehensiveIncomeNetOfTax": "None", "ebit": "128570000", "ebitda": "128676000", "netIncome": "75867000"}, {"fiscalDateEnding": "2016-07-31", "reportedCurrency": "USD", "grossProfit": "273220000", "totalRevenue": "489899000", "costOfRevenue": "216679000", "costofGoodsAndServicesSold": "216679000", "operatingIncome": "123686000", "sellingGeneralAndAdministrative": "149534000", "researchAndDevelopment": "0", "operatingExpenses": "149534000", "investmentIncomeNet": "None", "netInterestIncome": "None", "interestIncome": "None", "interestExpense": "4471000", "nonInterestIncome": "None", "otherNonOperatingIncome": "-1802000", "depreciation": "None", "depreciationAndAmortization": "-1978000", "incomeBeforeTax": "117237000", "incomeTaxExpense": "33023000", "interestAndDebtExpense": "None", "netIncomeFromContinuingOperations": "84214000", "comprehensiveIncomeNetOfTax": "None", "ebit": "141524000", "ebitda": "139546000", "netIncome": "84214000"}, {"fiscalDateEnding": "2016-04-30", "reportedCurrency": "USD", "grossProfit": "248405000", "totalRevenue": "437592000", "costOfRevenue": "189187000", "costofGoodsAndServicesSold": "189187000", "operatingIncome": "101904000", "sellingGeneralAndAdministrative": "146501000", "researchAndDevelopment": "0", "operatingExpenses": "146501000", "investmentIncomeNet": "None", "netInterestIncome": "None", "interestIncome": "None", "interestExpense": "4812000", "nonInterestIncome": "None", "otherNonOperatingIncome": "1915000", "depreciation": "None", "depreciationAndAmortization": "1727000", "incomeBeforeTax": "98819000", "incomeTaxExpense": "28218000", "interestAndDebtExpense": "None", "netIncomeFromContinuingOperations": "70601000", "comprehensiveIncomeNetOfTax": "None", "ebit": "120044000", "ebitda": "121771000", "netIncome": "70601000"}, {"fiscalDateEnding": "2016-01-31", "reportedCurrency": "USD", "grossProfit": "196907000", "totalRevenue": "372220000", "costOfRevenue": "175313000", "costofGoodsAndServicesSold": "175313000", "operatingIncome": "46410000", "sellingGeneralAndAdministrative": "144929000", "researchAndDevelopment": "0", "operatingExpenses": "144929000", "investmentIncomeNet": "None", "netInterestIncome": "None", "interestIncome": "None", "interestExpense": "5706000", "nonInterestIncome": "None", "otherNonOperatingIncome": "940000", "depreciation": "None", "depreciationAndAmortization": "17210000", "incomeBeforeTax": "47074000", "incomeTaxExpense": "5913000", "interestAndDebtExpense": "None", "netIncomeFromContinuingOperations": "41161000", "comprehensiveIncomeNetOfTax": "None", "ebit": "52918000", "ebitda": "70128000", "netIncome": "41161000"}, {"fiscalDateEnding": "2015-10-31", "reportedCurrency": "USD", "grossProfit": "234861000", "totalRevenue": "446200000", "costOfRevenue": "211339000", "costofGoodsAndServicesSold": "211339000", "operatingIncome": "75648000", "sellingGeneralAndAdministrative": "147802000", "researchAndDevelopment": "46689000", "operatingExpenses": "159213000", "investmentIncomeNet": "None", "netInterestIncome": "None", "interestIncome": "None", "interestExpense": "4988000", "nonInterestIncome": "None", "otherNonOperatingIncome": "1675000", "depreciation": "None", "depreciationAndAmortization": "1465000", "incomeBeforeTax": "72125000", "incomeTaxExpense": "22501000", "interestAndDebtExpense": "None", "netIncomeFromContinuingOperations": "49624000", "comprehensiveIncomeNetOfTax": "None", "ebit": "91980000", "ebitda": "93445000", "netIncome": "49624000"}, {"fiscalDateEnding": "2015-07-31", "reportedCurrency": "USD", "grossProfit": "248492000", "totalRevenue": "462731000", "costOfRevenue": "214239000", "costofGoodsAndServicesSold": "214239000", "operatingIncome": "102850000", "sellingGeneralAndAdministrative": "145642000", "researchAndDevelopment": "0", "operatingExpenses": "145642000", "investmentIncomeNet": "None", "netInterestIncome": "None", "interestIncome": "None", "interestExpense": "4393000", "nonInterestIncome": "None", "otherNonOperatingIncome": "113000", "depreciation": "None", "depreciationAndAmortization": "2000", "incomeBeforeTax": "98459000", "incomeTaxExpense": "29071000", "interestAndDebtExpense": "None", "netIncomeFromContinuingOperations": "69388000", "comprehensiveIncomeNetOfTax": "None", "ebit": "119810000", "ebitda": "119812000", "netIncome": "69388000"}, {"fiscalDateEnding": "2015-04-30", "reportedCurrency": "USD", "grossProfit": "221890000", "totalRevenue": "400727000", "costOfRevenue": "178837000", "costofGoodsAndServicesSold": "178837000", "operatingIncome": "72403000", "sellingGeneralAndAdministrative": "145476000", "researchAndDevelopment": "0", "operatingExpenses": "145476000", "investmentIncomeNet": "None", "netInterestIncome": "None", "interestIncome": "None", "interestExpense": "4162000", "nonInterestIncome": "None", "otherNonOperatingIncome": "-536000", "depreciation": "None", "depreciationAndAmortization": "16238000", "incomeBeforeTax": "71565000", "incomeTaxExpense": "22351000", "interestAndDebtExpense": "None", "netIncomeFromContinuingOperations": "49214000", "comprehensiveIncomeNetOfTax": "None", "ebit": "75878000", "ebitda": "92116000", "netIncome": "49214000"}, {"fiscalDateEnding": "2015-01-31", "reportedCurrency": "USD", "grossProfit": "208721000", "totalRevenue": "379008000", "costOfRevenue": "170287000", "costofGoodsAndServicesSold": "170287000", "operatingIncome": "58901000", "sellingGeneralAndAdministrative": "145903000", "researchAndDevelopment": "0", "operatingExpenses": "145903000", "investmentIncomeNet": "None", "netInterestIncome": "None", "interestIncome": "None", "interestExpense": "4003000", "nonInterestIncome": "None", "otherNonOperatingIncome": "-16000", "depreciation": "None", "depreciationAndAmortization": "15984000", "incomeBeforeTax": "58713000", "incomeTaxExpense": "15828000", "interestAndDebtExpense": "None", "netIncomeFromContinuingOperations": "42885000", "comprehensiveIncomeNetOfTax": "None", "ebit": "62802000", "ebitda": "78786000", "netIncome": "42885000"}, {"fiscalDateEnding": "2014-10-31", "reportedCurrency": "USD", "grossProfit": "257253000", "totalRevenue": "468590000", "costOfRevenue": "211337000", "costofGoodsAndServicesSold": "211337000", "operatingIncome": "105957000", "sellingGeneralAndAdministrative": "151296000", "researchAndDevelopment": "47536000", "operatingExpenses": "151296000", "investmentIncomeNet": "None", "netInterestIncome": "None", "interestIncome": "None", "interestExpense": "4003000", "nonInterestIncome": "None", "otherNonOperatingIncome": "828000", "depreciation": "None", "depreciationAndAmortization": "713000", "incomeBeforeTax": "102667000", "incomeTaxExpense": "30587000", "interestAndDebtExpense": "None", "netIncomeFromContinuingOperations": "72080000", "comprehensiveIncomeNetOfTax": "None", "ebit": "121987000", "ebitda": "122700000", "netIncome": "72080000"}, {"fiscalDateEnding": "2014-07-31", "reportedCurrency": "USD", "grossProfit": "257511000", "totalRevenue": "458550000", "costOfRevenue": "201039000", "costofGoodsAndServicesSold": "201039000", "operatingIncome": "114455000", "sellingGeneralAndAdministrative": "143056000", "researchAndDevelopment": "0", "operatingExpenses": "143056000", "investmentIncomeNet": "None", "netInterestIncome": "None", "interestIncome": "None", "interestExpense": "3673000", "nonInterestIncome": "None", "otherNonOperatingIncome": "-99000", "depreciation": "None", "depreciationAndAmortization": "-236000", "incomeBeforeTax": "110546000", "incomeTaxExpense": "32667000", "interestAndDebtExpense": "None", "netIncomeFromContinuingOperations": "77879000", "comprehensiveIncomeNetOfTax": "None", "ebit": "129200000", "ebitda": "128964000", "netIncome": "77879000"}, {"fiscalDateEnding": "2014-04-30", "reportedCurrency": "USD", "grossProfit": "235552000", "totalRevenue": "417461000", "costOfRevenue": "181909000", "costofGoodsAndServicesSold": "181909000", "operatingIncome": "92834000", "sellingGeneralAndAdministrative": "142718000", "researchAndDevelopment": "0", "operatingExpenses": "142718000", "investmentIncomeNet": "None", "netInterestIncome": "None", "interestIncome": "None", "interestExpense": "3315000", "nonInterestIncome": "None", "otherNonOperatingIncome": "-189000", "depreciation": "None", "depreciationAndAmortization": "-406000", "incomeBeforeTax": "89113000", "incomeTaxExpense": "27179000", "interestAndDebtExpense": "None", "netIncomeFromContinuingOperations": "61934000", "comprehensiveIncomeNetOfTax": "None", "ebit": "107794000", "ebitda": "107388000", "netIncome": "61934000"}, {"fiscalDateEnding": "2014-01-31", "reportedCurrency": "USD", "grossProfit": "194782000", "totalRevenue": "359420000", "costOfRevenue": "164638000", "costofGoodsAndServicesSold": "164638000", "operatingIncome": "50508000", "sellingGeneralAndAdministrative": "140923000", "researchAndDevelopment": "0", "operatingExpenses": "140923000", "investmentIncomeNet": "None", "netInterestIncome": "None", "interestIncome": "None", "interestExpense": "3463000", "nonInterestIncome": "None", "otherNonOperatingIncome": "-97000", "depreciation": "None", "depreciationAndAmortization": "14488000", "incomeBeforeTax": "50187000", "incomeTaxExpense": "15307000", "interestAndDebtExpense": "None", "netIncomeFromContinuingOperations": "34880000", "comprehensiveIncomeNetOfTax": "None", "ebit": "53762000", "ebitda": "68250000", "netIncome": "34880000"}, {"fiscalDateEnding": "2013-10-31", "reportedCurrency": "USD", "grossProfit": "226894000", "totalRevenue": "410818000", "costOfRevenue": "183924000", "costofGoodsAndServicesSold": "183924000", "operatingIncome": "86867000", "sellingGeneralAndAdministrative": "139928000", "researchAndDevelopment": "47973000", "operatingExpenses": "140027000", "investmentIncomeNet": "None", "netInterestIncome": "None", "interestIncome": "None", "interestExpense": "3679000", "nonInterestIncome": "None", "otherNonOperatingIncome": "877000", "depreciation": "None", "depreciationAndAmortization": "760000", "incomeBeforeTax": "83948000", "incomeTaxExpense": "24171000", "interestAndDebtExpense": "None", "netIncomeFromContinuingOperations": "59777000", "comprehensiveIncomeNetOfTax": "None", "ebit": "101867000", "ebitda": "102627000", "netIncome": "59777000"}, {"fiscalDateEnding": "2013-07-31", "reportedCurrency": "USD", "grossProfit": "225083000", "totalRevenue": "402960000", "costOfRevenue": "177877000", "costofGoodsAndServicesSold": "177877000", "operatingIncome": "93216000", "sellingGeneralAndAdministrative": "131544000", "researchAndDevelopment": "0", "operatingExpenses": "131867000", "investmentIncomeNet": "None", "netInterestIncome": "None", "interestIncome": "None", "interestExpense": "3241000", "nonInterestIncome": "None", "otherNonOperatingIncome": "2811000", "depreciation": "None", "depreciationAndAmortization": "2699000", "incomeBeforeTax": "92674000", "incomeTaxExpense": "27250000", "interestAndDebtExpense": "None", "netIncomeFromContinuingOperations": "65424000", "comprehensiveIncomeNetOfTax": "None", "ebit": "93216000", "ebitda": "95915000", "netIncome": "65424000"}, {"fiscalDateEnding": "2013-04-30", "reportedCurrency": "USD", "grossProfit": "216938000", "totalRevenue": "382100000", "costOfRevenue": "165162000", "costofGoodsAndServicesSold": "165162000", "operatingIncome": "82202000", "sellingGeneralAndAdministrative": "134618000", "researchAndDevelopment": "0", "operatingExpenses": "134618000", "investmentIncomeNet": "None", "netInterestIncome": "None", "interestIncome": "None", "interestExpense": "3612000", "nonInterestIncome": "None", "otherNonOperatingIncome": "-471000", "depreciation": "None", "depreciationAndAmortization": "12787000", "incomeBeforeTax": "78119000", "incomeTaxExpense": "23514000", "interestAndDebtExpense": "None", "netIncomeFromContinuingOperations": "54605000", "comprehensiveIncomeNetOfTax": "None", "ebit": "82084000", "ebitda": "94871000", "netIncome": "54605000"}, {"fiscalDateEnding": "2013-01-31", "reportedCurrency": "USD", "grossProfit": "197229000", "totalRevenue": "347043000", "costOfRevenue": "149814000", "costofGoodsAndServicesSold": "149814000", "operatingIncome": "57680000", "sellingGeneralAndAdministrative": "135079000", "researchAndDevelopment": "0", "operatingExpenses": "135665000", "investmentIncomeNet": "None", "netInterestIncome": "None", "interestIncome": "None", "interestExpense": "3982000", "nonInterestIncome": "None", "otherNonOperatingIncome": "-1102000", "depreciation": "None", "depreciationAndAmortization": "13049000", "incomeBeforeTax": "56382000", "incomeTaxExpense": "14371000", "interestAndDebtExpense": "None", "netIncomeFromContinuingOperations": "42011000", "comprehensiveIncomeNetOfTax": "None", "ebit": "60462000", "ebitda": "73511000", "netIncome": "42011000"}, {"fiscalDateEnding": "2012-10-31", "reportedCurrency": "USD", "grossProfit": "241073000", "totalRevenue": "438677000", "costOfRevenue": "197604000", "costofGoodsAndServicesSold": "197604000", "operatingIncome": "103598000", "sellingGeneralAndAdministrative": "137619000", "researchAndDevelopment": "36535000", "operatingExpenses": "137475000", "investmentIncomeNet": "None", "netInterestIncome": "None", "interestIncome": "None", "interestExpense": "4140000", "nonInterestIncome": "None", "otherNonOperatingIncome": "1138000", "depreciation": "None", "depreciationAndAmortization": "1050000", "incomeBeforeTax": "100508000", "incomeTaxExpense": "32822000", "interestAndDebtExpense": "None", "netIncomeFromContinuingOperations": "67686000", "comprehensiveIncomeNetOfTax": "None", "ebit": "117157000", "ebitda": "118207000", "netIncome": "67686000"}, {"fiscalDateEnding": "2012-07-31", "reportedCurrency": "USD", "grossProfit": "223214000", "totalRevenue": "379872000", "costOfRevenue": "156658000", "costofGoodsAndServicesSold": "156658000", "operatingIncome": "98538000", "sellingGeneralAndAdministrative": "124555000", "researchAndDevelopment": "0", "operatingExpenses": "124676000", "investmentIncomeNet": "None", "netInterestIncome": "None", "interestIncome": "None", "interestExpense": "2687000", "nonInterestIncome": "None", "otherNonOperatingIncome": "-607000", "depreciation": "None", "depreciationAndAmortization": "9560000", "incomeBeforeTax": "95135000", "incomeTaxExpense": "28441000", "interestAndDebtExpense": "None", "netIncomeFromContinuingOperations": "66694000", "comprehensiveIncomeNetOfTax": "None", "ebit": "97931000", "ebitda": "107491000", "netIncome": "66694000"}, {"fiscalDateEnding": "2012-04-30", "reportedCurrency": "USD", "grossProfit": "189656000", "totalRevenue": "315193000", "costOfRevenue": "125537000", "costofGoodsAndServicesSold": "125537000", "operatingIncome": "76857000", "sellingGeneralAndAdministrative": "111063000", "researchAndDevelopment": "0", "operatingExpenses": "112799000", "investmentIncomeNet": "None", "netInterestIncome": "None", "interestIncome": "None", "interestExpense": "2014000", "nonInterestIncome": "None", "otherNonOperatingIncome": "284000", "depreciation": "None", "depreciationAndAmortization": "7990000", "incomeBeforeTax": "74980000", "incomeTaxExpense": "22869000", "interestAndDebtExpense": "None", "netIncomeFromContinuingOperations": "52111000", "comprehensiveIncomeNetOfTax": "None", "ebit": "77141000", "ebitda": "85131000", "netIncome": "52111000"}, {"fiscalDateEnding": "2012-01-31", "reportedCurrency": "USD", "grossProfit": "169346000", "totalRevenue": "275836000", "costOfRevenue": "106490000", "costofGoodsAndServicesSold": "106490000", "operatingIncome": "56487000", "sellingGeneralAndAdministrative": "112048000", "researchAndDevelopment": "0", "operatingExpenses": "112859000", "investmentIncomeNet": "None", "netInterestIncome": "None", "interestIncome": "None", "interestExpense": "1849000", "nonInterestIncome": "None", "otherNonOperatingIncome": "1111000", "depreciation": "None", "depreciationAndAmortization": "7969000", "incomeBeforeTax": "55630000", "incomeTaxExpense": "17292000", "interestAndDebtExpense": "None", "netIncomeFromContinuingOperations": "38338000", "comprehensiveIncomeNetOfTax": "None", "ebit": "57598000", "ebitda": "65567000", "netIncome": "38338000"}, {"fiscalDateEnding": "2011-10-31", "reportedCurrency": "USD", "grossProfit": "196459000", "totalRevenue": "331018000", "costOfRevenue": "134559000", "costofGoodsAndServicesSold": "134559000", "operatingIncome": "78935000", "sellingGeneralAndAdministrative": "114124000", "researchAndDevelopment": "26997000", "operatingExpenses": "117524000", "investmentIncomeNet": "None", "netInterestIncome": "None", "interestIncome": "None", "interestExpense": "1370000", "nonInterestIncome": "None", "otherNonOperatingIncome": "761000", "depreciation": "None", "depreciationAndAmortization": "7971000", "incomeBeforeTax": "78187000", "incomeTaxExpense": "23512000", "interestAndDebtExpense": "None", "netIncomeFromContinuingOperations": "54675000", "comprehensiveIncomeNetOfTax": "None", "ebit": "79696000", "ebitda": "87667000", "netIncome": "54675000"}, {"fiscalDateEnding": "2011-07-31", "reportedCurrency": "USD", "grossProfit": "188050000", "totalRevenue": "312255000", "costOfRevenue": "124205000", "costofGoodsAndServicesSold": "124205000", "operatingIncome": "78656000", "sellingGeneralAndAdministrative": "109394000", "researchAndDevelopment": "0", "operatingExpenses": "109394000", "investmentIncomeNet": "None", "netInterestIncome": "None", "interestIncome": "None", "interestExpense": "637000", "nonInterestIncome": "None", "otherNonOperatingIncome": "359000", "depreciation": "None", "depreciationAndAmortization": "6559000", "incomeBeforeTax": "78188000", "incomeTaxExpense": "21638000", "interestAndDebtExpense": "None", "netIncomeFromContinuingOperations": "56550000", "comprehensiveIncomeNetOfTax": "None", "ebit": "79015000", "ebitda": "85574000", "netIncome": "56550000"}, {"fiscalDateEnding": "2011-04-30", "reportedCurrency": "USD", "grossProfit": "197752000", "totalRevenue": "318924000", "costOfRevenue": "121172000", "costofGoodsAndServicesSold": "121172000", "operatingIncome": "92428000", "sellingGeneralAndAdministrative": "105324000", "researchAndDevelopment": "0", "operatingExpenses": "105324000", "investmentIncomeNet": "None", "netInterestIncome": "None", "interestIncome": "None", "interestExpense": "1223000", "nonInterestIncome": "None", "otherNonOperatingIncome": "1906000", "depreciation": "None", "depreciationAndAmortization": "6931000", "incomeBeforeTax": "92996000", "incomeTaxExpense": "27754000", "interestAndDebtExpense": "None", "netIncomeFromContinuingOperations": "65242000", "comprehensiveIncomeNetOfTax": "None", "ebit": "94334000", "ebitda": "101265000", "netIncome": "65242000"}, {"fiscalDateEnding": "2011-01-31", "reportedCurrency": "USD", "grossProfit": "166171000", "totalRevenue": "270962000", "costOfRevenue": "104791000", "costofGoodsAndServicesSold": "104791000", "operatingIncome": "65524000", "sellingGeneralAndAdministrative": "100647000", "researchAndDevelopment": "0", "operatingExpenses": "100647000", "investmentIncomeNet": "None", "netInterestIncome": "None", "interestIncome": "None", "interestExpense": "1270000", "nonInterestIncome": "None", "otherNonOperatingIncome": "1061000", "depreciation": "None", "depreciationAndAmortization": "7315000", "incomeBeforeTax": "65190000", "incomeTaxExpense": "19293000", "interestAndDebtExpense": "None", "netIncomeFromContinuingOperations": "45897000", "comprehensiveIncomeNetOfTax": "None", "ebit": "66585000", "ebitda": "73900000", "netIncome": "45897000"}, {"fiscalDateEnding": "2010-10-31", "reportedCurrency": "USD", "grossProfit": "170271000", "totalRevenue": "290182000", "costOfRevenue": "119911000", "costofGoodsAndServicesSold": "119911000", "operatingIncome": "73278000", "sellingGeneralAndAdministrative": "96413000", "researchAndDevelopment": "23835000", "operatingExpenses": "96413000", "investmentIncomeNet": "None", "netInterestIncome": "None", "interestIncome": "None", "interestExpense": "1602000", "nonInterestIncome": "None", "otherNonOperatingIncome": "None", "depreciation": "None", "depreciationAndAmortization": "7293000", "incomeBeforeTax": "73076000", "incomeTaxExpense": "19520000", "interestAndDebtExpense": "None", "netIncomeFromContinuingOperations": "0", "comprehensiveIncomeNetOfTax": "None", "ebit": "73928000", "ebitda": "81221000", "netIncome": "53556000"}, {"fiscalDateEnding": "2010-07-31", "reportedCurrency": "USD", "grossProfit": "165801000", "totalRevenue": "279121000", "costOfRevenue": "113320000", "costofGoodsAndServicesSold": "113320000", "operatingIncome": "67695000", "sellingGeneralAndAdministrative": "97759000", "researchAndDevelopment": "0", "operatingExpenses": "98106000", "investmentIncomeNet": "None", "netInterestIncome": "None", "interestIncome": "None", "interestExpense": "1410000", "nonInterestIncome": "None", "otherNonOperatingIncome": "347000", "depreciation": "None", "depreciationAndAmortization": "7248000", "incomeBeforeTax": "66462000", "incomeTaxExpense": "11133000", "interestAndDebtExpense": "None", "netIncomeFromContinuingOperations": "55329000", "comprehensiveIncomeNetOfTax": "None", "ebit": "68042000", "ebitda": "75290000", "netIncome": "55329000"}, {"fiscalDateEnding": "2010-04-30", "reportedCurrency": "USD", "grossProfit": "153867000", "totalRevenue": "251659000", "costOfRevenue": "97792000", "costofGoodsAndServicesSold": "97792000", "operatingIncome": "57590000", "sellingGeneralAndAdministrative": "95706000", "researchAndDevelopment": "0", "operatingExpenses": "96277000", "investmentIncomeNet": "None", "netInterestIncome": "None", "interestIncome": "None", "interestExpense": "1421000", "nonInterestIncome": "None", "otherNonOperatingIncome": "None", "depreciation": "None", "depreciationAndAmortization": "7392000", "incomeBeforeTax": "56373000", "incomeTaxExpense": "23942000", "interestAndDebtExpense": "None", "netIncomeFromContinuingOperations": "0", "comprehensiveIncomeNetOfTax": "None", "ebit": "57998000", "ebitda": "65390000", "netIncome": "32431000"}, {"fiscalDateEnding": "2010-01-31", "reportedCurrency": "USD", "grossProfit": "131675000", "totalRevenue": "220589000", "costOfRevenue": "88914000", "costofGoodsAndServicesSold": "88914000", "operatingIncome": "35089000", "sellingGeneralAndAdministrative": "94874000", "researchAndDevelopment": "0", "operatingExpenses": "95405000", "investmentIncomeNet": "None", "netInterestIncome": "None", "interestIncome": "None", "interestExpense": "1456000", "nonInterestIncome": "None", "otherNonOperatingIncome": "None", "depreciation": "None", "depreciationAndAmortization": "7705000", "incomeBeforeTax": "35408000", "incomeTaxExpense": "8676000", "interestAndDebtExpense": "None", "netIncomeFromContinuingOperations": "0", "comprehensiveIncomeNetOfTax": "None", "ebit": "36864000", "ebitda": "44569000", "netIncome": "26732000"}, {"fiscalDateEnding": "2009-10-31", "reportedCurrency": "USD", "grossProfit": "137069000", "totalRevenue": "237444000", "costOfRevenue": "100375000", "costofGoodsAndServicesSold": "100375000", "operatingIncome": "48830000", "sellingGeneralAndAdministrative": "88364000", "researchAndDevelopment": "25528000", "operatingExpenses": "88364000", "investmentIncomeNet": "None", "netInterestIncome": "None", "interestIncome": "None", "interestExpense": "1595000", "nonInterestIncome": "None", "otherNonOperatingIncome": "None", "depreciation": "None", "depreciationAndAmortization": "7209000", "incomeBeforeTax": "-197491000", "incomeTaxExpense": "11542000", "interestAndDebtExpense": "None", "netIncomeFromContinuingOperations": "0", "comprehensiveIncomeNetOfTax": "None", "ebit": "-247921000", "ebitda": "-240712000", "netIncome": "-209033000"}, {"fiscalDateEnding": "2009-07-31", "reportedCurrency": "USD", "grossProfit": "121737000", "totalRevenue": "206273000", "costOfRevenue": "84536000", "costofGoodsAndServicesSold": "84536000", "operatingIncome": "35632000", "sellingGeneralAndAdministrative": "83582000", "researchAndDevelopment": "0", "operatingExpenses": "84559000", "investmentIncomeNet": "None", "netInterestIncome": "None", "interestIncome": "None", "interestExpense": "1639000", "nonInterestIncome": "None", "otherNonOperatingIncome": "None", "depreciation": "None", "depreciationAndAmortization": "7837000", "incomeBeforeTax": "35616000", "incomeTaxExpense": "11637000", "interestAndDebtExpense": "None", "netIncomeFromContinuingOperations": "0", "comprehensiveIncomeNetOfTax": "None", "ebit": "37348000", "ebitda": "45185000", "netIncome": "23979000"}, {"fiscalDateEnding": "2009-04-30", "reportedCurrency": "USD", "grossProfit": "102883000", "totalRevenue": "188840000", "costOfRevenue": "85957000", "costofGoodsAndServicesSold": "85957000", "operatingIncome": "18579000", "sellingGeneralAndAdministrative": "79250000", "researchAndDevelopment": "0", "operatingExpenses": "79250000", "investmentIncomeNet": "None", "netInterestIncome": "None", "interestIncome": "None", "interestExpense": "1691000", "nonInterestIncome": "None", "otherNonOperatingIncome": "None", "depreciation": "None", "depreciationAndAmortization": "13624000", "incomeBeforeTax": "17521000", "incomeTaxExpense": "3678000", "interestAndDebtExpense": "None", "netIncomeFromContinuingOperations": "0", "comprehensiveIncomeNetOfTax": "None", "ebit": "14046000", "ebitda": "27670000", "netIncome": "13843000"}, {"fiscalDateEnding": "2009-01-31", "reportedCurrency": "USD", "grossProfit": "107237000", "totalRevenue": "186608000", "costOfRevenue": "79371000", "costofGoodsAndServicesSold": "79371000", "operatingIncome": "-1510000", "sellingGeneralAndAdministrative": "86098000", "researchAndDevelopment": "0", "operatingExpenses": "94162000", "investmentIncomeNet": "None", "netInterestIncome": "None", "interestIncome": "None", "interestExpense": "2753000", "nonInterestIncome": "None", "otherNonOperatingIncome": "None", "depreciation": "None", "depreciationAndAmortization": "7906000", "incomeBeforeTax": "17163000", "incomeTaxExpense": "6007000", "interestAndDebtExpense": "None", "netIncomeFromContinuingOperations": "0", "comprehensiveIncomeNetOfTax": "None", "ebit": "-1510000", "ebitda": "6396000", "netIncome": "11156000"}, {"fiscalDateEnding": "2008-10-31", "reportedCurrency": "USD", "grossProfit": "162264000", "totalRevenue": "297662000", "costOfRevenue": "135398000", "costofGoodsAndServicesSold": "135398000", "operatingIncome": "48419000", "sellingGeneralAndAdministrative": "108524000", "researchAndDevelopment": "33566000", "operatingExpenses": "108524000", "investmentIncomeNet": "None", "netInterestIncome": "None", "interestIncome": "None", "interestExpense": "1529000", "nonInterestIncome": "None", "otherNonOperatingIncome": "None", "depreciation": "None", "depreciationAndAmortization": "19158000", "incomeBeforeTax": "45399000", "incomeTaxExpense": "14653000", "interestAndDebtExpense": "None", "netIncomeFromContinuingOperations": "0", "comprehensiveIncomeNetOfTax": "None", "ebit": "43174000", "ebitda": "62332000", "netIncome": "30746000"}, {"fiscalDateEnding": "2008-07-31", "reportedCurrency": "USD", "grossProfit": "162439000", "totalRevenue": "288362000", "costOfRevenue": "125923000", "costofGoodsAndServicesSold": "125923000", "operatingIncome": "51297000", "sellingGeneralAndAdministrative": "110902000", "researchAndDevelopment": "0", "operatingExpenses": "110902000", "investmentIncomeNet": "None", "netInterestIncome": "None", "interestIncome": "None", "interestExpense": "1933000", "nonInterestIncome": "None", "otherNonOperatingIncome": "None", "depreciation": "None", "depreciationAndAmortization": "5961000", "incomeBeforeTax": "50689000", "incomeTaxExpense": "18319000", "interestAndDebtExpense": "None", "netIncomeFromContinuingOperations": "0", "comprehensiveIncomeNetOfTax": "None", "ebit": "53674000", "ebitda": "59635000", "netIncome": "32370000"}, {"fiscalDateEnding": "2008-04-30", "reportedCurrency": "USD", "grossProfit": "165873000", "totalRevenue": "294116000", "costOfRevenue": "128243000", "costofGoodsAndServicesSold": "128243000", "operatingIncome": "54223000", "sellingGeneralAndAdministrative": "111682000", "researchAndDevelopment": "0", "operatingExpenses": "111682000", "investmentIncomeNet": "None", "netInterestIncome": "None", "interestIncome": "None", "interestExpense": "4240000", "nonInterestIncome": "None", "otherNonOperatingIncome": "None", "depreciation": "None", "depreciationAndAmortization": "6742000", "incomeBeforeTax": "51218000", "incomeTaxExpense": "18169000", "interestAndDebtExpense": "None", "netIncomeFromContinuingOperations": "0", "comprehensiveIncomeNetOfTax": "None", "ebit": "55263000", "ebitda": "62005000", "netIncome": "33049000"}, {"fiscalDateEnding": "2008-01-31", "reportedCurrency": "USD", "grossProfit": "139859000", "totalRevenue": "244689000", "costOfRevenue": "104830000", "costofGoodsAndServicesSold": "104830000", "operatingIncome": "36399000", "sellingGeneralAndAdministrative": "103368000", "researchAndDevelopment": "0", "operatingExpenses": "103368000", "investmentIncomeNet": "None", "netInterestIncome": "None", "interestIncome": "None", "interestExpense": "3171000", "nonInterestIncome": "None", "otherNonOperatingIncome": "None", "depreciation": "None", "depreciationAndAmortization": "6704000", "incomeBeforeTax": "32482000", "incomeTaxExpense": "11143000", "interestAndDebtExpense": "None", "netIncomeFromContinuingOperations": "0", "comprehensiveIncomeNetOfTax": "None", "ebit": "37520000", "ebitda": "44224000", "netIncome": "21339000"}, {"fiscalDateEnding": "2007-10-31", "reportedCurrency": "USD", "grossProfit": "159602000", "totalRevenue": "290768000", "costOfRevenue": "131166000", "costofGoodsAndServicesSold": "131166000", "operatingIncome": "48520000", "sellingGeneralAndAdministrative": "110941000", "researchAndDevelopment": "35432000", "operatingExpenses": "110941000", "investmentIncomeNet": "None", "netInterestIncome": "None", "interestIncome": "None", "interestExpense": "4943000", "nonInterestIncome": "None", "otherNonOperatingIncome": "None", "depreciation": "None", "depreciationAndAmortization": "6513000", "incomeBeforeTax": "44255000", "incomeTaxExpense": "14621000", "interestAndDebtExpense": "None", "netIncomeFromContinuingOperations": "0", "comprehensiveIncomeNetOfTax": "None", "ebit": "49755000", "ebitda": "56268000", "netIncome": "29634000"}, {"fiscalDateEnding": "2007-07-31", "reportedCurrency": "USD", "grossProfit": "144708000", "totalRevenue": "257713000", "costOfRevenue": "113005000", "costofGoodsAndServicesSold": "113005000", "operatingIncome": "40979000", "sellingGeneralAndAdministrative": "103516000", "researchAndDevelopment": "0", "operatingExpenses": "103516000", "investmentIncomeNet": "None", "netInterestIncome": "None", "interestIncome": "None", "interestExpense": "6032000", "nonInterestIncome": "None", "otherNonOperatingIncome": "None", "depreciation": "None", "depreciationAndAmortization": "7492000", "incomeBeforeTax": "35931000", "incomeTaxExpense": "11410000", "interestAndDebtExpense": "None", "netIncomeFromContinuingOperations": "0", "comprehensiveIncomeNetOfTax": "None", "ebit": "41297000", "ebitda": "48789000", "netIncome": "24521000"}, {"fiscalDateEnding": "2007-04-30", "reportedCurrency": "USD", "grossProfit": "131874000", "totalRevenue": "241293000", "costOfRevenue": "109419000", "costofGoodsAndServicesSold": "109419000", "operatingIncome": "34377000", "sellingGeneralAndAdministrative": "97442000", "researchAndDevelopment": "0", "operatingExpenses": "97442000", "investmentIncomeNet": "None", "netInterestIncome": "None", "interestIncome": "None", "interestExpense": "5952000", "nonInterestIncome": "None", "otherNonOperatingIncome": "None", "depreciation": "None", "depreciationAndAmortization": "3967000", "incomeBeforeTax": "32153000", "incomeTaxExpense": "11173000", "interestAndDebtExpense": "None", "netIncomeFromContinuingOperations": "0", "comprehensiveIncomeNetOfTax": "None", "ebit": "37101000", "ebitda": "41068000", "netIncome": "20980000"}, {"fiscalDateEnding": "2007-01-31", "reportedCurrency": "USD", "grossProfit": "117661000", "totalRevenue": "203875000", "costOfRevenue": "86214000", "costofGoodsAndServicesSold": "86214000", "operatingIncome": "28266000", "sellingGeneralAndAdministrative": "89395000", "researchAndDevelopment": "0", "operatingExpenses": "89395000", "investmentIncomeNet": "None", "netInterestIncome": "None", "interestIncome": "None", "interestExpense": "12932000", "nonInterestIncome": "None", "otherNonOperatingIncome": "None", "depreciation": "None", "depreciationAndAmortization": "7162000", "incomeBeforeTax": "23383000", "incomeTaxExpense": "7826000", "interestAndDebtExpense": "None", "netIncomeFromContinuingOperations": "0", "comprehensiveIncomeNetOfTax": "None", "ebit": "28266000", "ebitda": "35428000", "netIncome": "15557000"}, {"fiscalDateEnding": "2006-10-31", "reportedCurrency": "USD", "grossProfit": "141371000", "totalRevenue": "236974000", "costOfRevenue": "95603000", "costofGoodsAndServicesSold": "95603000", "operatingIncome": "49359000", "sellingGeneralAndAdministrative": "92116000", "researchAndDevelopment": "24467000", "operatingExpenses": "89385000", "investmentIncomeNet": "None", "netInterestIncome": "None", "interestIncome": "None", "interestExpense": "1759000", "nonInterestIncome": "None", "otherNonOperatingIncome": "None", "depreciation": "None", "depreciationAndAmortization": "7946000", "incomeBeforeTax": "46638000", "incomeTaxExpense": "11783000", "interestAndDebtExpense": "None", "netIncomeFromContinuingOperations": "0", "comprehensiveIncomeNetOfTax": "None", "ebit": "48844000", "ebitda": "56790000", "netIncome": "27786000"}, {"fiscalDateEnding": "2006-07-31", "reportedCurrency": "USD", "grossProfit": "127627000", "totalRevenue": "225965000", "costOfRevenue": "98338000", "costofGoodsAndServicesSold": "98338000", "operatingIncome": "34018000", "sellingGeneralAndAdministrative": "93053000", "researchAndDevelopment": "0", "operatingExpenses": "93609000", "investmentIncomeNet": "None", "netInterestIncome": "None", "interestIncome": "None", "interestExpense": "4860000", "nonInterestIncome": "None", "otherNonOperatingIncome": "None", "depreciation": "None", "depreciationAndAmortization": "6488000", "incomeBeforeTax": "32535000", "incomeTaxExpense": "7721000", "interestAndDebtExpense": "None", "netIncomeFromContinuingOperations": "0", "comprehensiveIncomeNetOfTax": "None", "ebit": "34018000", "ebitda": "40506000", "netIncome": "24814000"}, {"fiscalDateEnding": "2006-04-30", "reportedCurrency": "USD", "grossProfit": "129625000", "totalRevenue": "231830000", "costOfRevenue": "102205000", "costofGoodsAndServicesSold": "102205000", "operatingIncome": "36041000", "sellingGeneralAndAdministrative": "92642000", "researchAndDevelopment": "0", "operatingExpenses": "92642000", "investmentIncomeNet": "None", "netInterestIncome": "None", "interestIncome": "None", "interestExpense": "3313000", "nonInterestIncome": "None", "otherNonOperatingIncome": "None", "depreciation": "None", "depreciationAndAmortization": "8101000", "incomeBeforeTax": "33050000", "incomeTaxExpense": "11119000", "interestAndDebtExpense": "None", "netIncomeFromContinuingOperations": "0", "comprehensiveIncomeNetOfTax": "None", "ebit": "36041000", "ebitda": "44142000", "netIncome": "21931000"}, {"fiscalDateEnding": "2006-01-31", "reportedCurrency": "USD", "grossProfit": "113798000", "totalRevenue": "197452000", "costOfRevenue": "83654000", "costofGoodsAndServicesSold": "83654000", "operatingIncome": "28197000", "sellingGeneralAndAdministrative": "256922000", "researchAndDevelopment": "0", "operatingExpenses": "85601000", "investmentIncomeNet": "None", "netInterestIncome": "None", "interestIncome": "None", "interestExpense": "3127000", "nonInterestIncome": "None", "otherNonOperatingIncome": "None", "depreciation": "None", "depreciationAndAmortization": "6769000", "incomeBeforeTax": "24211000", "incomeTaxExpense": "8144000", "interestAndDebtExpense": "None", "netIncomeFromContinuingOperations": "0", "comprehensiveIncomeNetOfTax": "None", "ebit": "30374000", "ebitda": "37143000", "netIncome": "16067000"}, {"fiscalDateEnding": "2005-10-31", "reportedCurrency": "USD", "grossProfit": "131946000", "totalRevenue": "239803000", "costOfRevenue": "107857000", "costofGoodsAndServicesSold": "107857000", "operatingIncome": "41711000", "sellingGeneralAndAdministrative": "256922000", "researchAndDevelopment": "20946000", "operatingExpenses": "90235000", "investmentIncomeNet": "None", "netInterestIncome": "None", "interestIncome": "None", "interestExpense": "3047000", "nonInterestIncome": "None", "otherNonOperatingIncome": "None", "depreciation": "None", "depreciationAndAmortization": "6971000", "incomeBeforeTax": "38989000", "incomeTaxExpense": "11086000", "interestAndDebtExpense": "None", "netIncomeFromContinuingOperations": "0", "comprehensiveIncomeNetOfTax": "None", "ebit": "41711000", "ebitda": "48682000", "netIncome": "27903000"}, {"fiscalDateEnding": "2005-07-31", "reportedCurrency": "USD", "grossProfit": "113822000", "totalRevenue": "201570000", "costOfRevenue": "87748000", "costofGoodsAndServicesSold": "87748000", "operatingIncome": "28028000", "sellingGeneralAndAdministrative": "85794000", "researchAndDevelopment": "0", "operatingExpenses": "85794000", "investmentIncomeNet": "None", "netInterestIncome": "None", "interestIncome": "None", "interestExpense": "1538000", "nonInterestIncome": "None", "otherNonOperatingIncome": "None", "depreciation": "None", "depreciationAndAmortization": "6465000", "incomeBeforeTax": "25111000", "incomeTaxExpense": "6520000", "interestAndDebtExpense": "None", "netIncomeFromContinuingOperations": "0", "comprehensiveIncomeNetOfTax": "None", "ebit": "28028000", "ebitda": "34493000", "netIncome": "18591000"}, {"fiscalDateEnding": "2005-04-30", "reportedCurrency": "USD", "grossProfit": "115555000", "totalRevenue": "207623000", "costOfRevenue": "92068000", "costofGoodsAndServicesSold": "92068000", "operatingIncome": "28178000", "sellingGeneralAndAdministrative": "82768000", "researchAndDevelopment": "0", "operatingExpenses": "87377000", "investmentIncomeNet": "None", "netInterestIncome": "None", "interestIncome": "None", "interestExpense": "1984000", "nonInterestIncome": "None", "otherNonOperatingIncome": "None", "depreciation": "None", "depreciationAndAmortization": "5648000", "incomeBeforeTax": "25893000", "incomeTaxExpense": "8415000", "interestAndDebtExpense": "None", "netIncomeFromContinuingOperations": "0", "comprehensiveIncomeNetOfTax": "None", "ebit": "22530000", "ebitda": "28178000", "netIncome": "17478000"}, {"fiscalDateEnding": "2005-01-31", "reportedCurrency": "USD", "grossProfit": "106541000", "totalRevenue": "190166000", "costOfRevenue": "83625000", "costofGoodsAndServicesSold": "83625000", "operatingIncome": "23750000", "sellingGeneralAndAdministrative": "9000", "researchAndDevelopment": "0", "operatingExpenses": "82791000", "investmentIncomeNet": "None", "netInterestIncome": "None", "interestIncome": "None", "interestExpense": "10057000", "nonInterestIncome": "None", "otherNonOperatingIncome": "None", "depreciation": "None", "depreciationAndAmortization": "5904000", "incomeBeforeTax": "21283000", "incomeTaxExpense": "6917000", "interestAndDebtExpense": "None", "netIncomeFromContinuingOperations": "0", "comprehensiveIncomeNetOfTax": "None", "ebit": "23750000", "ebitda": "29654000", "netIncome": "14366000"}]}