{"symbol": "SRE", "annualReports": [{"fiscalDateEnding": "2024-12-31", "reportedCurrency": "USD", "grossProfit": "6092000000", "totalRevenue": "13185000000", "costOfRevenue": "7093000000", "costofGoodsAndServicesSold": "7093000000", "operatingIncome": "2962000000", "sellingGeneralAndAdministrative": "None", "researchAndDevelopment": "None", "operatingExpenses": "3130000000", "investmentIncomeNet": "None", "netInterestIncome": "-913000000", "interestIncome": "136000000", "interestExpense": "1049000000", "nonInterestIncome": "None", "otherNonOperatingIncome": "None", "depreciation": "None", "depreciationAndAmortization": "2437000000", "incomeBeforeTax": "2110000000", "incomeTaxExpense": "-219000000", "interestAndDebtExpense": "None", "netIncomeFromContinuingOperations": "3500000000", "comprehensiveIncomeNetOfTax": "None", "ebit": "3159000000", "ebitda": "5596000000", "netIncome": "3500000000"}, {"fiscalDateEnding": "2023-12-31", "reportedCurrency": "USD", "grossProfit": "5942000000", "totalRevenue": "16720000000", "costOfRevenue": "10778000000", "costofGoodsAndServicesSold": "10778000000", "operatingIncome": "5836000000", "sellingGeneralAndAdministrative": "None", "researchAndDevelopment": "None", "operatingExpenses": "106000000", "investmentIncomeNet": "None", "netInterestIncome": "-1106000000", "interestIncome": "147000000", "interestExpense": "1262000000", "nonInterestIncome": "None", "otherNonOperatingIncome": "None", "depreciation": "None", "depreciationAndAmortization": "2227000000", "incomeBeforeTax": "2627000000", "incomeTaxExpense": "490000000", "interestAndDebtExpense": "None", "netIncomeFromContinuingOperations": "3170000000", "comprehensiveIncomeNetOfTax": "None", "ebit": "3889000000", "ebitda": "6116000000", "netIncome": "3075000000"}, {"fiscalDateEnding": "2022-12-31", "reportedCurrency": "USD", "grossProfit": "5211000000", "totalRevenue": "14439000000", "costOfRevenue": "9228000000", "costofGoodsAndServicesSold": "9228000000", "operatingIncome": "3526000000", "sellingGeneralAndAdministrative": "None", "researchAndDevelopment": "None", "operatingExpenses": "5204350000", "investmentIncomeNet": "None", "netInterestIncome": "-953000000", "interestIncome": "1034000000", "interestExpense": "1054000000", "nonInterestIncome": "None", "otherNonOperatingIncome": "None", "depreciation": "None", "depreciationAndAmortization": "2019000000", "incomeBeforeTax": "1343000000", "incomeTaxExpense": "556000000", "interestAndDebtExpense": "None", "netIncomeFromContinuingOperations": "2285000000", "comprehensiveIncomeNetOfTax": "None", "ebit": "2398000000", "ebitda": "4417000000", "netIncome": "2138000000"}, {"fiscalDateEnding": "2021-12-31", "reportedCurrency": "USD", "grossProfit": "3440000000", "totalRevenue": "12857000000", "costOfRevenue": "9417000000", "costofGoodsAndServicesSold": "9417000000", "operatingIncome": "2977000000", "sellingGeneralAndAdministrative": "4934000000", "researchAndDevelopment": "None", "operatingExpenses": "596000000", "investmentIncomeNet": "None", "netInterestIncome": "-1123000000", "interestIncome": "1125000000", "interestExpense": "1198000000", "nonInterestIncome": "None", "otherNonOperatingIncome": "163000000", "depreciation": "None", "depreciationAndAmortization": "1855000000", "incomeBeforeTax": "219000000", "incomeTaxExpense": "99000000", "interestAndDebtExpense": "None", "netIncomeFromContinuingOperations": "1463000000", "comprehensiveIncomeNetOfTax": "None", "ebit": "1405000000", "ebitda": "3260000000", "netIncome": "1317000000"}, {"fiscalDateEnding": "2020-12-31", "reportedCurrency": "USD", "grossProfit": "5042000000", "totalRevenue": "11370000000", "costOfRevenue": "6328000000", "costofGoodsAndServicesSold": "6328000000", "operatingIncome": "2881000000", "sellingGeneralAndAdministrative": "4483000000", "researchAndDevelopment": "None", "operatingExpenses": "2209000000", "investmentIncomeNet": "None", "netInterestIncome": "-971000000", "interestIncome": "110000000", "interestExpense": "1081000000", "nonInterestIncome": "None", "otherNonOperatingIncome": "45000000", "depreciation": "None", "depreciationAndAmortization": "1666000000", "incomeBeforeTax": "1489000000", "incomeTaxExpense": "249000000", "interestAndDebtExpense": "None", "netIncomeFromContinuingOperations": "2255000000", "comprehensiveIncomeNetOfTax": "None", "ebit": "2560000000", "ebitda": "4226000000", "netIncome": "1240000000"}, {"fiscalDateEnding": "2019-12-31", "reportedCurrency": "USD", "grossProfit": "4692000000", "totalRevenue": "10829000000", "costOfRevenue": "6137000000", "costofGoodsAndServicesSold": "6137000000", "operatingIncome": "2791000000", "sellingGeneralAndAdministrative": "3962000000", "researchAndDevelopment": "None", "operatingExpenses": "2065000000", "investmentIncomeNet": "None", "netInterestIncome": "-976000000", "interestIncome": "101000000", "interestExpense": "1077000000", "nonInterestIncome": "None", "otherNonOperatingIncome": "227000000", "depreciation": "None", "depreciationAndAmortization": "1569000000", "incomeBeforeTax": "1734000000", "incomeTaxExpense": "315000000", "interestAndDebtExpense": "None", "netIncomeFromContinuingOperations": "1999000000", "comprehensiveIncomeNetOfTax": "None", "ebit": "2808000000", "ebitda": "4377000000", "netIncome": "1419000000"}, {"fiscalDateEnding": "2018-12-31", "reportedCurrency": "USD", "grossProfit": "4414000000", "totalRevenue": "11687000000", "costOfRevenue": "7273000000", "costofGoodsAndServicesSold": "7273000000", "operatingIncome": "2393000000", "sellingGeneralAndAdministrative": "3781000000", "researchAndDevelopment": "None", "operatingExpenses": "2021000000", "investmentIncomeNet": "None", "netInterestIncome": "-819000000", "interestIncome": "106000000", "interestExpense": "925000000", "nonInterestIncome": "None", "otherNonOperatingIncome": "700000000", "depreciation": "None", "depreciationAndAmortization": "1491000000", "incomeBeforeTax": "1046000000", "incomeTaxExpense": "96000000", "interestAndDebtExpense": "None", "netIncomeFromContinuingOperations": "950000000", "comprehensiveIncomeNetOfTax": "None", "ebit": "1600000000", "ebitda": "3091000000", "netIncome": "1050000000"}, {"fiscalDateEnding": "2017-12-31", "reportedCurrency": "USD", "grossProfit": "4256000000", "totalRevenue": "11207000000", "costOfRevenue": "6951000000", "costofGoodsAndServicesSold": "6951000000", "operatingIncome": "2330000000", "sellingGeneralAndAdministrative": "3553000000", "researchAndDevelopment": "0", "operatingExpenses": "1926000000", "investmentIncomeNet": "None", "netInterestIncome": "-610000000", "interestIncome": "49000000", "interestExpense": "659000000", "nonInterestIncome": "None", "otherNonOperatingIncome": "379000000", "depreciation": "None", "depreciationAndAmortization": "1490000000", "incomeBeforeTax": "1585000000", "incomeTaxExpense": "1276000000", "interestAndDebtExpense": "None", "netIncomeFromContinuingOperations": "309000000", "comprehensiveIncomeNetOfTax": "None", "ebit": "2206000000", "ebitda": "3696000000", "netIncome": "257000000"}, {"fiscalDateEnding": "2016-12-31", "reportedCurrency": "USD", "grossProfit": "3359000000", "totalRevenue": "10183000000", "costOfRevenue": "6824000000", "costofGoodsAndServicesSold": "6824000000", "operatingIncome": "1621000000", "sellingGeneralAndAdministrative": "3396000000", "researchAndDevelopment": "0", "operatingExpenses": "1738000000", "investmentIncomeNet": "None", "netInterestIncome": "-523000000", "interestIncome": "30000000", "interestExpense": "553000000", "nonInterestIncome": "None", "otherNonOperatingIncome": "993000000", "depreciation": "None", "depreciationAndAmortization": "1312000000", "incomeBeforeTax": "1830000000", "incomeTaxExpense": "389000000", "interestAndDebtExpense": "None", "netIncomeFromContinuingOperations": "1441000000", "comprehensiveIncomeNetOfTax": "None", "ebit": "1626000000", "ebitda": "2938000000", "netIncome": "1371000000"}, {"fiscalDateEnding": "2015-12-31", "reportedCurrency": "USD", "grossProfit": "3583000000", "totalRevenue": "10231000000", "costOfRevenue": "6648000000", "costofGoodsAndServicesSold": "6648000000", "operatingIncome": "1910000000", "sellingGeneralAndAdministrative": "3318000000", "researchAndDevelopment": "0", "operatingExpenses": "1673000000", "investmentIncomeNet": "None", "netInterestIncome": "None", "interestIncome": "256000000", "interestExpense": "561000000", "nonInterestIncome": "None", "otherNonOperatingIncome": "414000000", "depreciation": "None", "depreciationAndAmortization": "1250000000", "incomeBeforeTax": "1704000000", "incomeTaxExpense": "341000000", "interestAndDebtExpense": "None", "netIncomeFromContinuingOperations": "1363000000", "comprehensiveIncomeNetOfTax": "None", "ebit": "1920000000", "ebitda": "3170000000", "netIncome": "1350000000"}, {"fiscalDateEnding": "2014-12-31", "reportedCurrency": "USD", "grossProfit": "3346000000", "totalRevenue": "11035000000", "costOfRevenue": "7689000000", "costofGoodsAndServicesSold": "7689000000", "operatingIncome": "1782000000", "sellingGeneralAndAdministrative": "3343000000", "researchAndDevelopment": "0", "operatingExpenses": "1564000000", "investmentIncomeNet": "None", "netInterestIncome": "None", "interestIncome": "None", "interestExpense": "554000000", "nonInterestIncome": "None", "otherNonOperatingIncome": "340000000", "depreciation": "None", "depreciationAndAmortization": "1156000000", "incomeBeforeTax": "1524000000", "incomeTaxExpense": "300000000", "interestAndDebtExpense": "None", "netIncomeFromContinuingOperations": "1224000000", "comprehensiveIncomeNetOfTax": "None", "ebit": "1782000000", "ebitda": "2938000000", "netIncome": "1162000000"}, {"fiscalDateEnding": "2013-12-31", "reportedCurrency": "USD", "grossProfit": "3371000000", "totalRevenue": "10557000000", "costOfRevenue": "7186000000", "costofGoodsAndServicesSold": "7186000000", "operatingIncome": "1884000000", "sellingGeneralAndAdministrative": "3369000000", "researchAndDevelopment": "0", "operatingExpenses": "1487000000", "investmentIncomeNet": "None", "netInterestIncome": "None", "interestIncome": "None", "interestExpense": "559000000", "nonInterestIncome": "None", "otherNonOperatingIncome": "329000000", "depreciation": "None", "depreciationAndAmortization": "1113000000", "incomeBeforeTax": "1430000000", "incomeTaxExpense": "366000000", "interestAndDebtExpense": "None", "netIncomeFromContinuingOperations": "1064000000", "comprehensiveIncomeNetOfTax": "None", "ebit": "1884000000", "ebitda": "2997000000", "netIncome": "1009000000"}, {"fiscalDateEnding": "2012-12-31", "reportedCurrency": "USD", "grossProfit": "3034000000", "totalRevenue": "9647000000", "costOfRevenue": "6613000000", "costofGoodsAndServicesSold": "6613000000", "operatingIncome": "1585000000", "sellingGeneralAndAdministrative": "0", "researchAndDevelopment": "0", "operatingExpenses": "1449000000", "investmentIncomeNet": "None", "netInterestIncome": "None", "interestIncome": "None", "interestExpense": "493000000", "nonInterestIncome": "None", "otherNonOperatingIncome": "None", "depreciation": "None", "depreciationAndAmortization": "1090000000", "incomeBeforeTax": "943000000", "incomeTaxExpense": "59000000", "interestAndDebtExpense": "None", "netIncomeFromContinuingOperations": "None", "comprehensiveIncomeNetOfTax": "None", "ebit": "1433000000", "ebitda": "2523000000", "netIncome": "865000000"}, {"fiscalDateEnding": "2011-12-31", "reportedCurrency": "USD", "grossProfit": "5890000000", "totalRevenue": "10036000000", "costOfRevenue": "4146000000", "costofGoodsAndServicesSold": "4146000000", "operatingIncome": "1781000000", "sellingGeneralAndAdministrative": "None", "researchAndDevelopment": "None", "operatingExpenses": "4109000000", "investmentIncomeNet": "None", "netInterestIncome": "None", "interestIncome": "None", "interestExpense": "465000000", "nonInterestIncome": "None", "otherNonOperatingIncome": "None", "depreciation": "None", "depreciationAndAmortization": "978000000", "incomeBeforeTax": "1721000000", "incomeTaxExpense": "366000000", "interestAndDebtExpense": "None", "netIncomeFromContinuingOperations": "None", "comprehensiveIncomeNetOfTax": "None", "ebit": "2187000000", "ebitda": "3165000000", "netIncome": "1357000000"}, {"fiscalDateEnding": "2010-12-31", "reportedCurrency": "USD", "grossProfit": "5220000000", "totalRevenue": "9003000000", "costOfRevenue": "3783000000", "costofGoodsAndServicesSold": "3783000000", "operatingIncome": "1527000000", "sellingGeneralAndAdministrative": "0", "researchAndDevelopment": "0", "operatingExpenses": "3693000000", "investmentIncomeNet": "None", "netInterestIncome": "None", "interestIncome": "None", "interestExpense": "436000000", "nonInterestIncome": "None", "otherNonOperatingIncome": "None", "depreciation": "None", "depreciationAndAmortization": "867000000", "incomeBeforeTax": "786000000", "incomeTaxExpense": "102000000", "interestAndDebtExpense": "None", "netIncomeFromContinuingOperations": "None", "comprehensiveIncomeNetOfTax": "None", "ebit": "1220000000", "ebitda": "2087000000", "netIncome": "739000000"}, {"fiscalDateEnding": "2009-12-31", "reportedCurrency": "USD", "grossProfit": "4848000000", "totalRevenue": "8106000000", "costOfRevenue": "3258000000", "costofGoodsAndServicesSold": "3258000000", "operatingIncome": "1303000000", "sellingGeneralAndAdministrative": "0", "researchAndDevelopment": "0", "operatingExpenses": "3545000000", "investmentIncomeNet": "None", "netInterestIncome": "None", "interestIncome": "None", "interestExpense": "367000000", "nonInterestIncome": "None", "otherNonOperatingIncome": "None", "depreciation": "None", "depreciationAndAmortization": "775000000", "incomeBeforeTax": "1476000000", "incomeTaxExpense": "422000000", "interestAndDebtExpense": "None", "netIncomeFromContinuingOperations": "None", "comprehensiveIncomeNetOfTax": "None", "ebit": "1860000000", "ebitda": "2635000000", "netIncome": "1129000000"}, {"fiscalDateEnding": "2008-12-31", "reportedCurrency": "USD", "grossProfit": "4761000000", "totalRevenue": "10758000000", "costOfRevenue": "5997000000", "costofGoodsAndServicesSold": "5997000000", "operatingIncome": "1226000000", "sellingGeneralAndAdministrative": "None", "researchAndDevelopment": "None", "operatingExpenses": "687000000", "investmentIncomeNet": "None", "netInterestIncome": "None", "interestIncome": "None", "interestExpense": "253000000", "nonInterestIncome": "None", "otherNonOperatingIncome": "None", "depreciation": "None", "depreciationAndAmortization": "687000000", "incomeBeforeTax": "1488000000", "incomeTaxExpense": "438000000", "interestAndDebtExpense": "None", "netIncomeFromContinuingOperations": "None", "comprehensiveIncomeNetOfTax": "None", "ebit": "1751000000", "ebitda": "2438000000", "netIncome": "1113000000"}, {"fiscalDateEnding": "2007-12-31", "reportedCurrency": "USD", "grossProfit": "7976000000", "totalRevenue": "11438000000", "costOfRevenue": "3462000000", "costofGoodsAndServicesSold": "3462000000", "operatingIncome": "1673000000", "sellingGeneralAndAdministrative": "73000000", "researchAndDevelopment": "None", "operatingExpenses": "6303000000", "investmentIncomeNet": "None", "netInterestIncome": "None", "interestIncome": "None", "interestExpense": "272000000", "nonInterestIncome": "None", "otherNonOperatingIncome": "None", "depreciation": "None", "depreciationAndAmortization": "686000000", "incomeBeforeTax": "1649000000", "incomeTaxExpense": "524000000", "interestAndDebtExpense": "None", "netIncomeFromContinuingOperations": "None", "comprehensiveIncomeNetOfTax": "None", "ebit": "1832000000", "ebitda": "2518000000", "netIncome": "1099000000"}, {"fiscalDateEnding": "2006-12-31", "reportedCurrency": "USD", "grossProfit": "8284000000", "totalRevenue": "11761000000", "costOfRevenue": "3477000000", "costofGoodsAndServicesSold": "3477000000", "operatingIncome": "1784000000", "sellingGeneralAndAdministrative": "56000000", "researchAndDevelopment": "None", "operatingExpenses": "6500000000", "investmentIncomeNet": "None", "netInterestIncome": "None", "interestIncome": "None", "interestExpense": "351000000", "nonInterestIncome": "None", "otherNonOperatingIncome": "None", "depreciation": "None", "depreciationAndAmortization": "657000000", "incomeBeforeTax": "1732000000", "incomeTaxExpense": "641000000", "interestAndDebtExpense": "None", "netIncomeFromContinuingOperations": "None", "comprehensiveIncomeNetOfTax": "None", "ebit": "2275000000", "ebitda": "2932000000", "netIncome": "1406000000"}, {"fiscalDateEnding": "2005-12-31", "reportedCurrency": "USD", "grossProfit": "7881000000", "totalRevenue": "11737000000", "costOfRevenue": "3856000000", "costofGoodsAndServicesSold": "3856000000", "operatingIncome": "1084000000", "sellingGeneralAndAdministrative": "None", "researchAndDevelopment": "None", "operatingExpenses": "6797000000", "investmentIncomeNet": "None", "netInterestIncome": "None", "interestIncome": "None", "interestExpense": "311000000", "nonInterestIncome": "None", "otherNonOperatingIncome": "None", "depreciation": "None", "depreciationAndAmortization": "646000000", "incomeBeforeTax": "971000000", "incomeTaxExpense": "42000000", "interestAndDebtExpense": "None", "netIncomeFromContinuingOperations": "None", "comprehensiveIncomeNetOfTax": "None", "ebit": "1182000000", "ebitda": "1828000000", "netIncome": "920000000"}], "quarterlyReports": [{"fiscalDateEnding": "2024-12-31", "reportedCurrency": "USD", "grossProfit": "1850000000", "totalRevenue": "3758000000", "costOfRevenue": "1908000000", "costofGoodsAndServicesSold": "1908000000", "operatingIncome": "1046000000", "sellingGeneralAndAdministrative": "None", "researchAndDevelopment": "None", "operatingExpenses": "804000000", "investmentIncomeNet": "None", "netInterestIncome": "-84000000", "interestIncome": "21000000", "interestExpense": "105000000", "nonInterestIncome": "None", "otherNonOperatingIncome": "None", "depreciation": "None", "depreciationAndAmortization": "626000000", "incomeBeforeTax": "897000000", "incomeTaxExpense": "-282000000", "interestAndDebtExpense": "None", "netIncomeFromContinuingOperations": "989000000", "comprehensiveIncomeNetOfTax": "None", "ebit": "1002000000", "ebitda": "1628000000", "netIncome": "676000000"}, {"fiscalDateEnding": "2024-09-30", "reportedCurrency": "USD", "grossProfit": "1235000000", "totalRevenue": "2776000000", "costOfRevenue": "1541000000", "costofGoodsAndServicesSold": "1541000000", "operatingIncome": "446000000", "sellingGeneralAndAdministrative": "None", "researchAndDevelopment": "None", "operatingExpenses": "789000000", "investmentIncomeNet": "None", "netInterestIncome": "-285000000", "interestIncome": "43000000", "interestExpense": "328000000", "nonInterestIncome": "None", "otherNonOperatingIncome": "None", "depreciation": "None", "depreciationAndAmortization": "614000000", "incomeBeforeTax": "200000000", "incomeTaxExpense": "-105000000", "interestAndDebtExpense": "None", "netIncomeFromContinuingOperations": "759000000", "comprehensiveIncomeNetOfTax": "None", "ebit": "528000000", "ebitda": "1142000000", "netIncome": "649000000"}, {"fiscalDateEnding": "2024-06-30", "reportedCurrency": "USD", "grossProfit": "745000000", "totalRevenue": "3011000000", "costOfRevenue": "2266000000", "costofGoodsAndServicesSold": "2266000000", "operatingIncome": "572000000", "sellingGeneralAndAdministrative": "None", "researchAndDevelopment": "None", "operatingExpenses": "156000000", "investmentIncomeNet": "None", "netInterestIncome": "-270000000", "interestIncome": "41000000", "interestExpense": "311000000", "nonInterestIncome": "None", "otherNonOperatingIncome": "None", "depreciation": "None", "depreciationAndAmortization": "603000000", "incomeBeforeTax": "308000000", "incomeTaxExpense": "-130000000", "interestAndDebtExpense": "None", "netIncomeFromContinuingOperations": "871000000", "comprehensiveIncomeNetOfTax": "None", "ebit": "615000000", "ebitda": "1218000000", "netIncome": "725000000"}, {"fiscalDateEnding": "2024-03-31", "reportedCurrency": "USD", "grossProfit": "1111000000", "totalRevenue": "3640000000", "costOfRevenue": "2529000000", "costofGoodsAndServicesSold": "2529000000", "operatingIncome": "898000000", "sellingGeneralAndAdministrative": "None", "researchAndDevelopment": "None", "operatingExpenses": "184000000", "investmentIncomeNet": "None", "netInterestIncome": "-274000000", "interestIncome": "31000000", "interestExpense": "305000000", "nonInterestIncome": "None", "otherNonOperatingIncome": "None", "depreciation": "None", "depreciationAndAmortization": "594000000", "incomeBeforeTax": "705000000", "incomeTaxExpense": "172000000", "interestAndDebtExpense": "None", "netIncomeFromContinuingOperations": "881000000", "comprehensiveIncomeNetOfTax": "None", "ebit": "1007000000", "ebitda": "1601000000", "netIncome": "812000000"}, {"fiscalDateEnding": "2023-12-31", "reportedCurrency": "USD", "grossProfit": "822000000", "totalRevenue": "3358000000", "costOfRevenue": "2536000000", "costofGoodsAndServicesSold": "2536000000", "operatingIncome": "654000000", "sellingGeneralAndAdministrative": "None", "researchAndDevelopment": "None", "operatingExpenses": "168000000", "investmentIncomeNet": "None", "netInterestIncome": "-262000000", "interestIncome": "52000000", "interestExpense": "451000000", "nonInterestIncome": "None", "otherNonOperatingIncome": "None", "depreciation": "None", "depreciationAndAmortization": "576000000", "incomeBeforeTax": "452000000", "incomeTaxExpense": "-9000000", "interestAndDebtExpense": "None", "netIncomeFromContinuingOperations": "856000000", "comprehensiveIncomeNetOfTax": "None", "ebit": "653000000", "ebitda": "1229000000", "netIncome": "748000000"}, {"fiscalDateEnding": "2023-09-30", "reportedCurrency": "USD", "grossProfit": "1345000000", "totalRevenue": "3334000000", "costOfRevenue": "1989000000", "costofGoodsAndServicesSold": "1989000000", "operatingIncome": "594000000", "sellingGeneralAndAdministrative": "None", "researchAndDevelopment": "None", "operatingExpenses": "732000000", "investmentIncomeNet": "None", "netInterestIncome": "-293000000", "interestIncome": "293000000", "interestExpense": "312000000", "nonInterestIncome": "None", "otherNonOperatingIncome": "None", "depreciation": "None", "depreciationAndAmortization": "563000000", "incomeBeforeTax": "323000000", "incomeTaxExpense": "-52000000", "interestAndDebtExpense": "None", "netIncomeFromContinuingOperations": "854000000", "comprehensiveIncomeNetOfTax": "None", "ebit": "585000000", "ebitda": "1148000000", "netIncome": "732000000"}, {"fiscalDateEnding": "2023-06-30", "reportedCurrency": "USD", "grossProfit": "1489000000", "totalRevenue": "3335000000", "costOfRevenue": "1846000000", "costofGoodsAndServicesSold": "1846000000", "operatingIncome": "244000000", "sellingGeneralAndAdministrative": "1514000000", "researchAndDevelopment": "None", "operatingExpenses": "697000000", "investmentIncomeNet": "None", "netInterestIncome": "-300000000", "interestIncome": "17000000", "interestExpense": "317000000", "nonInterestIncome": "None", "otherNonOperatingIncome": "436000000", "depreciation": "None", "depreciationAndAmortization": "549000000", "incomeBeforeTax": "523000000", "incomeTaxExpense": "175000000", "interestAndDebtExpense": "None", "netIncomeFromContinuingOperations": "348000000", "comprehensiveIncomeNetOfTax": "None", "ebit": "766000000", "ebitda": "1315000000", "netIncome": "615000000"}, {"fiscalDateEnding": "2023-03-31", "reportedCurrency": "USD", "grossProfit": "2361000000", "totalRevenue": "6560000000", "costOfRevenue": "4199000000", "costofGoodsAndServicesSold": "4199000000", "operatingIncome": "1695000000", "sellingGeneralAndAdministrative": "1401000000", "researchAndDevelopment": "None", "operatingExpenses": "731000000", "investmentIncomeNet": "None", "netInterestIncome": "-342000000", "interestIncome": "324000000", "interestExpense": "366000000", "nonInterestIncome": "None", "otherNonOperatingIncome": "65000000", "depreciation": "None", "depreciationAndAmortization": "539000000", "incomeBeforeTax": "1329000000", "incomeTaxExpense": "376000000", "interestAndDebtExpense": "None", "netIncomeFromContinuingOperations": "953000000", "comprehensiveIncomeNetOfTax": "None", "ebit": "1605000000", "ebitda": "2144000000", "netIncome": "980000000"}, {"fiscalDateEnding": "2022-12-31", "reportedCurrency": "USD", "grossProfit": "1043000000", "totalRevenue": "3455000000", "costOfRevenue": "2412000000", "costofGoodsAndServicesSold": "2412000000", "operatingIncome": "407000000", "sellingGeneralAndAdministrative": "None", "researchAndDevelopment": "None", "operatingExpenses": "680000000", "investmentIncomeNet": "None", "netInterestIncome": "-227000000", "interestIncome": "220000000", "interestExpense": "258000000", "nonInterestIncome": "None", "otherNonOperatingIncome": "None", "depreciation": "None", "depreciationAndAmortization": "519000000", "incomeBeforeTax": "149000000", "incomeTaxExpense": "121000000", "interestAndDebtExpense": "None", "netIncomeFromContinuingOperations": "408000000", "comprehensiveIncomeNetOfTax": "None", "ebit": "349000000", "ebitda": "868000000", "netIncome": "28000000"}, {"fiscalDateEnding": "2022-09-30", "reportedCurrency": "USD", "grossProfit": "3277000000", "totalRevenue": "3617000000", "costOfRevenue": "340000000", "costofGoodsAndServicesSold": "340000000", "operatingIncome": "469000000", "sellingGeneralAndAdministrative": "1368000000", "researchAndDevelopment": "None", "operatingExpenses": "2808000000", "investmentIncomeNet": "None", "netInterestIncome": "-257000000", "interestIncome": "250000000", "interestExpense": "282000000", "nonInterestIncome": "None", "otherNonOperatingIncome": "-22000000", "depreciation": "None", "depreciationAndAmortization": "-506000000", "incomeBeforeTax": "165000000", "incomeTaxExpense": "21000000", "interestAndDebtExpense": "None", "netIncomeFromContinuingOperations": "144000000", "comprehensiveIncomeNetOfTax": "None", "ebit": "864000000", "ebitda": "358000000", "netIncome": "561000000"}, {"fiscalDateEnding": "2022-06-30", "reportedCurrency": "USD", "grossProfit": "3258000000", "totalRevenue": "3547000000", "costOfRevenue": "289000000", "costofGoodsAndServicesSold": "289000000", "operatingIncome": "621000000", "sellingGeneralAndAdministrative": "1312000000", "researchAndDevelopment": "None", "operatingExpenses": "2637000000", "investmentIncomeNet": "None", "netInterestIncome": "-252000000", "interestIncome": "19000000", "interestExpense": "271000000", "nonInterestIncome": "None", "otherNonOperatingIncome": "14000000", "depreciation": "None", "depreciationAndAmortization": "188000000", "incomeBeforeTax": "364000000", "incomeTaxExpense": "80000000", "interestAndDebtExpense": "None", "netIncomeFromContinuingOperations": "284000000", "comprehensiveIncomeNetOfTax": "None", "ebit": "1010000000", "ebitda": "1198000000", "netIncome": "659000000"}, {"fiscalDateEnding": "2022-03-31", "reportedCurrency": "USD", "grossProfit": "3685000000", "totalRevenue": "3820000000", "costOfRevenue": "135000000", "costofGoodsAndServicesSold": "135000000", "operatingIncome": "845000000", "sellingGeneralAndAdministrative": "1248000000", "researchAndDevelopment": "None", "operatingExpenses": "2840000000", "investmentIncomeNet": "None", "netInterestIncome": "-217000000", "interestIncome": "26000000", "interestExpense": "243000000", "nonInterestIncome": "None", "otherNonOperatingIncome": "63000000", "depreciation": "None", "depreciationAndAmortization": "187000000", "incomeBeforeTax": "665000000", "incomeTaxExpense": "334000000", "interestAndDebtExpense": "None", "netIncomeFromContinuingOperations": "331000000", "comprehensiveIncomeNetOfTax": "None", "ebit": "1234000000", "ebitda": "1421000000", "netIncome": "657000000"}, {"fiscalDateEnding": "2021-12-31", "reportedCurrency": "USD", "grossProfit": "3681000000", "totalRevenue": "3844000000", "costOfRevenue": "163000000", "costofGoodsAndServicesSold": "163000000", "operatingIncome": "921000000", "sellingGeneralAndAdministrative": "1394000000", "researchAndDevelopment": "None", "operatingExpenses": "2760000000", "investmentIncomeNet": "None", "netInterestIncome": "-402000000", "interestIncome": "391000000", "interestExpense": "422000000", "nonInterestIncome": "None", "otherNonOperatingIncome": "61000000", "depreciation": "None", "depreciationAndAmortization": "479000000", "incomeBeforeTax": "535000000", "incomeTaxExpense": "144000000", "interestAndDebtExpense": "None", "netIncomeFromContinuingOperations": "712000000", "comprehensiveIncomeNetOfTax": "None", "ebit": "1181000000", "ebitda": "1660000000", "netIncome": "615000000"}, {"fiscalDateEnding": "2021-09-30", "reportedCurrency": "USD", "grossProfit": "2793000000", "totalRevenue": "3013000000", "costOfRevenue": "220000000", "costofGoodsAndServicesSold": "220000000", "operatingIncome": "504000000", "sellingGeneralAndAdministrative": "1224000000", "researchAndDevelopment": "None", "operatingExpenses": "2289000000", "investmentIncomeNet": "None", "netInterestIncome": "-241000000", "interestIncome": "18000000", "interestExpense": "259000000", "nonInterestIncome": "None", "otherNonOperatingIncome": "-39000000", "depreciation": "None", "depreciationAndAmortization": "471000000", "incomeBeforeTax": "-1365000000", "incomeTaxExpense": "-342000000", "interestAndDebtExpense": "None", "netIncomeFromContinuingOperations": "-632000000", "comprehensiveIncomeNetOfTax": "None", "ebit": "-720000000", "ebitda": "-249000000", "netIncome": "-637000000"}, {"fiscalDateEnding": "2021-06-30", "reportedCurrency": "USD", "grossProfit": "2622000000", "totalRevenue": "2741000000", "costOfRevenue": "119000000", "costofGoodsAndServicesSold": "119000000", "operatingIncome": "452000000", "sellingGeneralAndAdministrative": "1162000000", "researchAndDevelopment": "None", "operatingExpenses": "2170000000", "investmentIncomeNet": "None", "netInterestIncome": "-241000000", "interestIncome": "17000000", "interestExpense": "258000000", "nonInterestIncome": "None", "otherNonOperatingIncome": "87000000", "depreciation": "None", "depreciationAndAmortization": "463000000", "incomeBeforeTax": "281000000", "incomeTaxExpense": "139000000", "interestAndDebtExpense": "None", "netIncomeFromContinuingOperations": "455000000", "comprehensiveIncomeNetOfTax": "None", "ebit": "842000000", "ebitda": "1305000000", "netIncome": "445000000"}, {"fiscalDateEnding": "2021-03-31", "reportedCurrency": "USD", "grossProfit": "3150000000", "totalRevenue": "3259000000", "costOfRevenue": "109000000", "costofGoodsAndServicesSold": "109000000", "operatingIncome": "973000000", "sellingGeneralAndAdministrative": "1154000000", "researchAndDevelopment": "None", "operatingExpenses": "2177000000", "investmentIncomeNet": "None", "netInterestIncome": "-239000000", "interestIncome": "240000000", "interestExpense": "259000000", "nonInterestIncome": "None", "otherNonOperatingIncome": "54000000", "depreciation": "None", "depreciationAndAmortization": "442000000", "incomeBeforeTax": "768000000", "incomeTaxExpense": "158000000", "interestAndDebtExpense": "None", "netIncomeFromContinuingOperations": "928000000", "comprehensiveIncomeNetOfTax": "None", "ebit": "1312000000", "ebitda": "1754000000", "netIncome": "928000000"}, {"fiscalDateEnding": "2020-12-31", "reportedCurrency": "USD", "grossProfit": "1309000000", "totalRevenue": "3171000000", "costOfRevenue": "1862000000", "costofGoodsAndServicesSold": "1862000000", "operatingIncome": "866000000", "sellingGeneralAndAdministrative": "1193000000", "researchAndDevelopment": "None", "operatingExpenses": "570000000", "investmentIncomeNet": "None", "netInterestIncome": "-242000000", "interestIncome": "21000000", "interestExpense": "263000000", "nonInterestIncome": "None", "otherNonOperatingIncome": "132000000", "depreciation": "None", "depreciationAndAmortization": "424000000", "incomeBeforeTax": "428000000", "incomeTaxExpense": "189000000", "interestAndDebtExpense": "None", "netIncomeFromContinuingOperations": "432000000", "comprehensiveIncomeNetOfTax": "None", "ebit": "688000000", "ebitda": "1112000000", "netIncome": "461000000"}, {"fiscalDateEnding": "2020-09-30", "reportedCurrency": "USD", "grossProfit": "967000000", "totalRevenue": "2644000000", "costOfRevenue": "1677000000", "costofGoodsAndServicesSold": "1677000000", "operatingIncome": "410000000", "sellingGeneralAndAdministrative": "1183000000", "researchAndDevelopment": "None", "operatingExpenses": "557000000", "investmentIncomeNet": "None", "netInterestIncome": "-237000000", "interestIncome": "237000000", "interestExpense": "264000000", "nonInterestIncome": "None", "otherNonOperatingIncome": "56000000", "depreciation": "None", "depreciationAndAmortization": "418000000", "incomeBeforeTax": "201000000", "incomeTaxExpense": "99000000", "interestAndDebtExpense": "None", "netIncomeFromContinuingOperations": "428000000", "comprehensiveIncomeNetOfTax": "None", "ebit": "388000000", "ebitda": "806000000", "netIncome": "399000000"}, {"fiscalDateEnding": "2020-06-30", "reportedCurrency": "USD", "grossProfit": "1186000000", "totalRevenue": "2526000000", "costOfRevenue": "1340000000", "costofGoodsAndServicesSold": "1340000000", "operatingIncome": "653000000", "sellingGeneralAndAdministrative": "1019000000", "researchAndDevelopment": "None", "operatingExpenses": "533000000", "investmentIncomeNet": "None", "netInterestIncome": "-241000000", "interestIncome": "33000000", "interestExpense": "274000000", "nonInterestIncome": "None", "otherNonOperatingIncome": "84000000", "depreciation": "None", "depreciationAndAmortization": "412000000", "incomeBeforeTax": "463000000", "incomeTaxExpense": "168000000", "interestAndDebtExpense": "None", "netIncomeFromContinuingOperations": "528000000", "comprehensiveIncomeNetOfTax": "None", "ebit": "630000000", "ebitda": "1042000000", "netIncome": "2277000000"}, {"fiscalDateEnding": "2020-03-31", "reportedCurrency": "USD", "grossProfit": "1453000000", "totalRevenue": "3029000000", "costOfRevenue": "1576000000", "costofGoodsAndServicesSold": "1576000000", "operatingIncome": "904000000", "sellingGeneralAndAdministrative": "1088000000", "researchAndDevelopment": "None", "operatingExpenses": "549000000", "investmentIncomeNet": "None", "netInterestIncome": "-251000000", "interestIncome": "29000000", "interestExpense": "280000000", "nonInterestIncome": "None", "otherNonOperatingIncome": "-227000000", "depreciation": "None", "depreciationAndAmortization": "412000000", "incomeBeforeTax": "397000000", "incomeTaxExpense": "-207000000", "interestAndDebtExpense": "None", "netIncomeFromContinuingOperations": "867000000", "comprehensiveIncomeNetOfTax": "None", "ebit": "1030000000", "ebitda": "1442000000", "netIncome": "796000000"}, {"fiscalDateEnding": "2019-12-31", "reportedCurrency": "USD", "grossProfit": "1304000000", "totalRevenue": "2943000000", "costOfRevenue": "1639000000", "costofGoodsAndServicesSold": "1639000000", "operatingIncome": "782000000", "sellingGeneralAndAdministrative": "1078000000", "researchAndDevelopment": "None", "operatingExpenses": "522000000", "investmentIncomeNet": "None", "netInterestIncome": "-252000000", "interestIncome": "28000000", "interestExpense": "280000000", "nonInterestIncome": "None", "otherNonOperatingIncome": "60000000", "depreciation": "None", "depreciationAndAmortization": "395000000", "incomeBeforeTax": "499000000", "incomeTaxExpense": "165000000", "interestAndDebtExpense": "None", "netIncomeFromContinuingOperations": "429000000", "comprehensiveIncomeNetOfTax": "None", "ebit": "778000000", "ebitda": "1173000000", "netIncome": "482000000"}, {"fiscalDateEnding": "2019-09-30", "reportedCurrency": "USD", "grossProfit": "1287000000", "totalRevenue": "2758000000", "costOfRevenue": "1471000000", "costofGoodsAndServicesSold": "1471000000", "operatingIncome": "758000000", "sellingGeneralAndAdministrative": "972000000", "researchAndDevelopment": "None", "operatingExpenses": "529000000", "investmentIncomeNet": "None", "netInterestIncome": "-253000000", "interestIncome": "26000000", "interestExpense": "279000000", "nonInterestIncome": "None", "otherNonOperatingIncome": "15000000", "depreciation": "None", "depreciationAndAmortization": "402000000", "incomeBeforeTax": "448000000", "incomeTaxExpense": "61000000", "interestAndDebtExpense": "None", "netIncomeFromContinuingOperations": "653000000", "comprehensiveIncomeNetOfTax": "None", "ebit": "745000000", "ebitda": "1147000000", "netIncome": "849000000"}, {"fiscalDateEnding": "2019-06-30", "reportedCurrency": "USD", "grossProfit": "930000000", "totalRevenue": "2230000000", "costOfRevenue": "1300000000", "costofGoodsAndServicesSold": "1300000000", "operatingIncome": "429000000", "sellingGeneralAndAdministrative": "950000000", "researchAndDevelopment": "None", "operatingExpenses": "501000000", "investmentIncomeNet": "None", "netInterestIncome": "-231000000", "interestIncome": "27000000", "interestExpense": "258000000", "nonInterestIncome": "None", "otherNonOperatingIncome": "49000000", "depreciation": "None", "depreciationAndAmortization": "772000000", "incomeBeforeTax": "286000000", "incomeTaxExpense": "47000000", "interestAndDebtExpense": "None", "netIncomeFromContinuingOperations": "357000000", "comprehensiveIncomeNetOfTax": "None", "ebit": "161000000", "ebitda": "933000000", "netIncome": "390000000"}, {"fiscalDateEnding": "2019-03-31", "reportedCurrency": "USD", "grossProfit": "1171000000", "totalRevenue": "2898000000", "costOfRevenue": "1727000000", "costofGoodsAndServicesSold": "1727000000", "operatingIncome": "658000000", "sellingGeneralAndAdministrative": "962000000", "researchAndDevelopment": "None", "operatingExpenses": "513000000", "investmentIncomeNet": "None", "netInterestIncome": "-240000000", "interestIncome": "225000000", "interestExpense": "260000000", "nonInterestIncome": "None", "otherNonOperatingIncome": "103000000", "depreciation": "None", "depreciationAndAmortization": "383000000", "incomeBeforeTax": "501000000", "incomeTaxExpense": "42000000", "interestAndDebtExpense": "None", "netIncomeFromContinuingOperations": "560000000", "comprehensiveIncomeNetOfTax": "None", "ebit": "682000000", "ebitda": "1065000000", "netIncome": "477000000"}, {"fiscalDateEnding": "2018-12-31", "reportedCurrency": "USD", "grossProfit": "1212000000", "totalRevenue": "3221000000", "costOfRevenue": "2009000000", "costofGoodsAndServicesSold": "2009000000", "operatingIncome": "691000000", "sellingGeneralAndAdministrative": "1046000000", "researchAndDevelopment": "0", "operatingExpenses": "511000000", "investmentIncomeNet": "None", "netInterestIncome": "None", "interestIncome": "None", "interestExpense": "240000000", "nonInterestIncome": "None", "otherNonOperatingIncome": "428000000", "depreciation": "None", "depreciationAndAmortization": "391000000", "incomeBeforeTax": "1061000000", "incomeTaxExpense": "223000000", "interestAndDebtExpense": "None", "netIncomeFromContinuingOperations": "838000000", "comprehensiveIncomeNetOfTax": "None", "ebit": "1301000000", "ebitda": "1692000000", "netIncome": "900000000"}, {"fiscalDateEnding": "2018-09-30", "reportedCurrency": "USD", "grossProfit": "1055000000", "totalRevenue": "2940000000", "costOfRevenue": "1885000000", "costofGoodsAndServicesSold": "1885000000", "operatingIncome": "544000000", "sellingGeneralAndAdministrative": "950000000", "researchAndDevelopment": "0", "operatingExpenses": "511000000", "investmentIncomeNet": "None", "netInterestIncome": "None", "interestIncome": "None", "interestExpense": "232000000", "nonInterestIncome": "None", "otherNonOperatingIncome": "119000000", "depreciation": "None", "depreciationAndAmortization": "380000000", "incomeBeforeTax": "427000000", "incomeTaxExpense": "167000000", "interestAndDebtExpense": "None", "netIncomeFromContinuingOperations": "260000000", "comprehensiveIncomeNetOfTax": "None", "ebit": "659000000", "ebitda": "1039000000", "netIncome": "310000000"}, {"fiscalDateEnding": "2018-06-30", "reportedCurrency": "USD", "grossProfit": "957000000", "totalRevenue": "2564000000", "costOfRevenue": "1607000000", "costofGoodsAndServicesSold": "1607000000", "operatingIncome": "461000000", "sellingGeneralAndAdministrative": "887000000", "researchAndDevelopment": "0", "operatingExpenses": "496000000", "investmentIncomeNet": "None", "netInterestIncome": "None", "interestIncome": "None", "interestExpense": "237000000", "nonInterestIncome": "None", "otherNonOperatingIncome": "-33000000", "depreciation": "None", "depreciationAndAmortization": "749000000", "incomeBeforeTax": "-1109000000", "incomeTaxExpense": "-583000000", "interestAndDebtExpense": "None", "netIncomeFromContinuingOperations": "-526000000", "comprehensiveIncomeNetOfTax": "None", "ebit": "-1229000000", "ebitda": "-480000000", "netIncome": "-535000000"}, {"fiscalDateEnding": "2018-03-31", "reportedCurrency": "USD", "grossProfit": "1200000000", "totalRevenue": "2962000000", "costOfRevenue": "1762000000", "costofGoodsAndServicesSold": "1762000000", "operatingIncome": "697000000", "sellingGeneralAndAdministrative": "898000000", "researchAndDevelopment": "0", "operatingExpenses": "503000000", "investmentIncomeNet": "None", "netInterestIncome": "None", "interestIncome": "None", "interestExpense": "216000000", "nonInterestIncome": "None", "otherNonOperatingIncome": "186000000", "depreciation": "None", "depreciationAndAmortization": "386000000", "incomeBeforeTax": "667000000", "incomeTaxExpense": "289000000", "interestAndDebtExpense": "None", "netIncomeFromContinuingOperations": "378000000", "comprehensiveIncomeNetOfTax": "None", "ebit": "883000000", "ebitda": "1269000000", "netIncome": "375000000"}, {"fiscalDateEnding": "2017-12-31", "reportedCurrency": "USD", "grossProfit": "1084000000", "totalRevenue": "2964000000", "costOfRevenue": "1880000000", "costofGoodsAndServicesSold": "1880000000", "operatingIncome": "589000000", "sellingGeneralAndAdministrative": "1021000000", "researchAndDevelopment": "0", "operatingExpenses": "495000000", "investmentIncomeNet": "None", "netInterestIncome": "None", "interestIncome": "None", "interestExpense": "166000000", "nonInterestIncome": "None", "otherNonOperatingIncome": "24000000", "depreciation": "None", "depreciationAndAmortization": "384000000", "incomeBeforeTax": "400000000", "incomeTaxExpense": "898000000", "interestAndDebtExpense": "None", "netIncomeFromContinuingOperations": "-498000000", "comprehensiveIncomeNetOfTax": "None", "ebit": "607000000", "ebitda": "991000000", "netIncome": "-501000000"}, {"fiscalDateEnding": "2017-09-30", "reportedCurrency": "USD", "grossProfit": "959000000", "totalRevenue": "2679000000", "costOfRevenue": "1720000000", "costofGoodsAndServicesSold": "1720000000", "operatingIncome": "467000000", "sellingGeneralAndAdministrative": "876000000", "researchAndDevelopment": "0", "operatingExpenses": "492000000", "investmentIncomeNet": "None", "netInterestIncome": "None", "interestIncome": "None", "interestExpense": "165000000", "nonInterestIncome": "None", "otherNonOperatingIncome": "68000000", "depreciation": "None", "depreciationAndAmortization": "378000000", "incomeBeforeTax": "15000000", "incomeTaxExpense": "-84000000", "interestAndDebtExpense": "None", "netIncomeFromContinuingOperations": "99000000", "comprehensiveIncomeNetOfTax": "None", "ebit": "469000000", "ebitda": "847000000", "netIncome": "57000000"}, {"fiscalDateEnding": "2017-06-30", "reportedCurrency": "USD", "grossProfit": "997000000", "totalRevenue": "2533000000", "costOfRevenue": "1536000000", "costofGoodsAndServicesSold": "1536000000", "operatingIncome": "528000000", "sellingGeneralAndAdministrative": "832000000", "researchAndDevelopment": "0", "operatingExpenses": "469000000", "investmentIncomeNet": "None", "netInterestIncome": "None", "interestIncome": "None", "interestExpense": "159000000", "nonInterestIncome": "None", "otherNonOperatingIncome": "117000000", "depreciation": "None", "depreciationAndAmortization": "368000000", "incomeBeforeTax": "415000000", "incomeTaxExpense": "167000000", "interestAndDebtExpense": "None", "netIncomeFromContinuingOperations": "248000000", "comprehensiveIncomeNetOfTax": "None", "ebit": "511000000", "ebitda": "879000000", "netIncome": "260000000"}, {"fiscalDateEnding": "2017-03-31", "reportedCurrency": "USD", "grossProfit": "1216000000", "totalRevenue": "3031000000", "costOfRevenue": "1815000000", "costofGoodsAndServicesSold": "1815000000", "operatingIncome": "746000000", "sellingGeneralAndAdministrative": "824000000", "researchAndDevelopment": "0", "operatingExpenses": "470000000", "investmentIncomeNet": "None", "netInterestIncome": "None", "interestIncome": "None", "interestExpense": "169000000", "nonInterestIncome": "None", "otherNonOperatingIncome": "170000000", "depreciation": "None", "depreciationAndAmortization": "360000000", "incomeBeforeTax": "755000000", "incomeTaxExpense": "295000000", "interestAndDebtExpense": "None", "netIncomeFromContinuingOperations": "460000000", "comprehensiveIncomeNetOfTax": "None", "ebit": "735000000", "ebitda": "1095000000", "netIncome": "441000000"}, {"fiscalDateEnding": "2016-12-31", "reportedCurrency": "USD", "grossProfit": "1043000000", "totalRevenue": "2870000000", "costOfRevenue": "1827000000", "costofGoodsAndServicesSold": "1827000000", "operatingIncome": "590000000", "sellingGeneralAndAdministrative": "950000000", "researchAndDevelopment": "0", "operatingExpenses": "453000000", "investmentIncomeNet": "None", "netInterestIncome": "None", "interestIncome": "None", "interestExpense": "132000000", "nonInterestIncome": "None", "otherNonOperatingIncome": "55000000", "depreciation": "None", "depreciationAndAmortization": "342000000", "incomeBeforeTax": "505000000", "incomeTaxExpense": "105000000", "interestAndDebtExpense": "None", "netIncomeFromContinuingOperations": "434000000", "comprehensiveIncomeNetOfTax": "None", "ebit": "595000000", "ebitda": "937000000", "netIncome": "379000000"}, {"fiscalDateEnding": "2016-09-30", "reportedCurrency": "USD", "grossProfit": "893000000", "totalRevenue": "2535000000", "costOfRevenue": "1642000000", "costofGoodsAndServicesSold": "1642000000", "operatingIncome": "457000000", "sellingGeneralAndAdministrative": "811000000", "researchAndDevelopment": "0", "operatingExpenses": "436000000", "investmentIncomeNet": "None", "netInterestIncome": "None", "interestIncome": "None", "interestExpense": "136000000", "nonInterestIncome": "None", "otherNonOperatingIncome": "812000000", "depreciation": "None", "depreciationAndAmortization": "328000000", "incomeBeforeTax": "982000000", "incomeTaxExpense": "282000000", "interestAndDebtExpense": "None", "netIncomeFromContinuingOperations": "700000000", "comprehensiveIncomeNetOfTax": "None", "ebit": "457000000", "ebitda": "785000000", "netIncome": "622000000"}, {"fiscalDateEnding": "2016-06-30", "reportedCurrency": "USD", "grossProfit": "397000000", "totalRevenue": "2156000000", "costOfRevenue": "1759000000", "costofGoodsAndServicesSold": "1759000000", "operatingIncome": "-13000000", "sellingGeneralAndAdministrative": "823000000", "researchAndDevelopment": "0", "operatingExpenses": "410000000", "investmentIncomeNet": "None", "netInterestIncome": "None", "interestIncome": "None", "interestExpense": "142000000", "nonInterestIncome": "None", "otherNonOperatingIncome": "76000000", "depreciation": "None", "depreciationAndAmortization": "314000000", "incomeBeforeTax": "-112000000", "incomeTaxExpense": "-106000000", "interestAndDebtExpense": "None", "netIncomeFromContinuingOperations": "-6000000", "comprehensiveIncomeNetOfTax": "None", "ebit": "8000000", "ebitda": "322000000", "netIncome": "17000000"}, {"fiscalDateEnding": "2016-03-31", "reportedCurrency": "USD", "grossProfit": "1004000000", "totalRevenue": "2622000000", "costOfRevenue": "1618000000", "costofGoodsAndServicesSold": "1618000000", "operatingIncome": "565000000", "sellingGeneralAndAdministrative": "812000000", "researchAndDevelopment": "0", "operatingExpenses": "439000000", "investmentIncomeNet": "None", "netInterestIncome": "None", "interestIncome": "None", "interestExpense": "143000000", "nonInterestIncome": "None", "otherNonOperatingIncome": "50000000", "depreciation": "None", "depreciationAndAmortization": "328000000", "incomeBeforeTax": "455000000", "incomeTaxExpense": "142000000", "interestAndDebtExpense": "None", "netIncomeFromContinuingOperations": "313000000", "comprehensiveIncomeNetOfTax": "None", "ebit": "565000000", "ebitda": "893000000", "netIncome": "319000000"}, {"fiscalDateEnding": "2015-12-31", "reportedCurrency": "USD", "grossProfit": "929000000", "totalRevenue": "2701000000", "costOfRevenue": "1772000000", "costofGoodsAndServicesSold": "1772000000", "operatingIncome": "495000000", "sellingGeneralAndAdministrative": "953000000", "researchAndDevelopment": "0", "operatingExpenses": "434000000", "investmentIncomeNet": "None", "netInterestIncome": "None", "interestIncome": "None", "interestExpense": "145000000", "nonInterestIncome": "None", "otherNonOperatingIncome": "98000000", "depreciation": "None", "depreciationAndAmortization": "325000000", "incomeBeforeTax": "432000000", "incomeTaxExpense": "65000000", "interestAndDebtExpense": "None", "netIncomeFromContinuingOperations": "367000000", "comprehensiveIncomeNetOfTax": "None", "ebit": "510000000", "ebitda": "835000000", "netIncome": "369000000"}, {"fiscalDateEnding": "2015-09-30", "reportedCurrency": "USD", "grossProfit": "788000000", "totalRevenue": "2481000000", "costOfRevenue": "1693000000", "costofGoodsAndServicesSold": "1693000000", "operatingIncome": "362000000", "sellingGeneralAndAdministrative": "812000000", "researchAndDevelopment": "0", "operatingExpenses": "426000000", "investmentIncomeNet": "None", "netInterestIncome": "None", "interestIncome": "None", "interestExpense": "143000000", "nonInterestIncome": "None", "otherNonOperatingIncome": "78000000", "depreciation": "None", "depreciationAndAmortization": "315000000", "incomeBeforeTax": "270000000", "incomeTaxExpense": "15000000", "interestAndDebtExpense": "None", "netIncomeFromContinuingOperations": "255000000", "comprehensiveIncomeNetOfTax": "None", "ebit": "363000000", "ebitda": "678000000", "netIncome": "248000000"}, {"fiscalDateEnding": "2015-06-30", "reportedCurrency": "USD", "grossProfit": "802000000", "totalRevenue": "2367000000", "costOfRevenue": "1565000000", "costofGoodsAndServicesSold": "1565000000", "operatingIncome": "399000000", "sellingGeneralAndAdministrative": "809000000", "researchAndDevelopment": "0", "operatingExpenses": "403000000", "investmentIncomeNet": "None", "netInterestIncome": "None", "interestIncome": "None", "interestExpense": "139000000", "nonInterestIncome": "None", "otherNonOperatingIncome": "158000000", "depreciation": "None", "depreciationAndAmortization": "307000000", "incomeBeforeTax": "396000000", "incomeTaxExpense": "98000000", "interestAndDebtExpense": "None", "netIncomeFromContinuingOperations": "298000000", "comprehensiveIncomeNetOfTax": "None", "ebit": "393000000", "ebitda": "700000000", "netIncome": "296000000"}, {"fiscalDateEnding": "2015-03-31", "reportedCurrency": "USD", "grossProfit": "1064000000", "totalRevenue": "2682000000", "costOfRevenue": "1618000000", "costofGoodsAndServicesSold": "1618000000", "operatingIncome": "654000000", "sellingGeneralAndAdministrative": "744000000", "researchAndDevelopment": "0", "operatingExpenses": "410000000", "investmentIncomeNet": "None", "netInterestIncome": "None", "interestIncome": "None", "interestExpense": "134000000", "nonInterestIncome": "None", "otherNonOperatingIncome": "80000000", "depreciation": "None", "depreciationAndAmortization": "303000000", "incomeBeforeTax": "606000000", "incomeTaxExpense": "163000000", "interestAndDebtExpense": "None", "netIncomeFromContinuingOperations": "443000000", "comprehensiveIncomeNetOfTax": "None", "ebit": "654000000", "ebitda": "957000000", "netIncome": "437000000"}, {"fiscalDateEnding": "2014-12-31", "reportedCurrency": "USD", "grossProfit": "807000000", "totalRevenue": "2747000000", "costOfRevenue": "1940000000", "costofGoodsAndServicesSold": "1940000000", "operatingIncome": "410000000", "sellingGeneralAndAdministrative": "911000000", "researchAndDevelopment": "0", "operatingExpenses": "397000000", "investmentIncomeNet": "None", "netInterestIncome": "None", "interestIncome": "None", "interestExpense": "136000000", "nonInterestIncome": "None", "otherNonOperatingIncome": "75000000", "depreciation": "None", "depreciationAndAmortization": "290000000", "incomeBeforeTax": "314000000", "incomeTaxExpense": "9000000", "interestAndDebtExpense": "None", "netIncomeFromContinuingOperations": "305000000", "comprehensiveIncomeNetOfTax": "None", "ebit": "410000000", "ebitda": "700000000", "netIncome": "297000000"}, {"fiscalDateEnding": "2014-09-30", "reportedCurrency": "USD", "grossProfit": "911000000", "totalRevenue": "2815000000", "costOfRevenue": "1904000000", "costofGoodsAndServicesSold": "1904000000", "operatingIncome": "515000000", "sellingGeneralAndAdministrative": "830000000", "researchAndDevelopment": "0", "operatingExpenses": "396000000", "investmentIncomeNet": "None", "netInterestIncome": "None", "interestIncome": "None", "interestExpense": "144000000", "nonInterestIncome": "None", "otherNonOperatingIncome": "83000000", "depreciation": "None", "depreciationAndAmortization": "292000000", "incomeBeforeTax": "447000000", "incomeTaxExpense": "71000000", "interestAndDebtExpense": "None", "netIncomeFromContinuingOperations": "376000000", "comprehensiveIncomeNetOfTax": "None", "ebit": "515000000", "ebitda": "807000000", "netIncome": "348000000"}, {"fiscalDateEnding": "2014-06-30", "reportedCurrency": "USD", "grossProfit": "815000000", "totalRevenue": "2678000000", "costOfRevenue": "1863000000", "costofGoodsAndServicesSold": "1863000000", "operatingIncome": "435000000", "sellingGeneralAndAdministrative": "821000000", "researchAndDevelopment": "0", "operatingExpenses": "380000000", "investmentIncomeNet": "None", "netInterestIncome": "None", "interestIncome": "None", "interestExpense": "138000000", "nonInterestIncome": "None", "otherNonOperatingIncome": "88000000", "depreciation": "None", "depreciationAndAmortization": "288000000", "incomeBeforeTax": "376000000", "incomeTaxExpense": "93000000", "interestAndDebtExpense": "None", "netIncomeFromContinuingOperations": "283000000", "comprehensiveIncomeNetOfTax": "None", "ebit": "435000000", "ebitda": "723000000", "netIncome": "270000000"}, {"fiscalDateEnding": "2014-03-31", "reportedCurrency": "USD", "grossProfit": "813000000", "totalRevenue": "2795000000", "costOfRevenue": "1982000000", "costofGoodsAndServicesSold": "1982000000", "operatingIncome": "422000000", "sellingGeneralAndAdministrative": "781000000", "researchAndDevelopment": "0", "operatingExpenses": "391000000", "investmentIncomeNet": "None", "netInterestIncome": "None", "interestIncome": "None", "interestExpense": "136000000", "nonInterestIncome": "None", "otherNonOperatingIncome": "94000000", "depreciation": "None", "depreciationAndAmortization": "286000000", "incomeBeforeTax": "387000000", "incomeTaxExpense": "127000000", "interestAndDebtExpense": "None", "netIncomeFromContinuingOperations": "260000000", "comprehensiveIncomeNetOfTax": "None", "ebit": "422000000", "ebitda": "708000000", "netIncome": "247000000"}, {"fiscalDateEnding": "2013-12-31", "reportedCurrency": "USD", "grossProfit": "793000000", "totalRevenue": "2705000000", "costOfRevenue": "1912000000", "costofGoodsAndServicesSold": "1912000000", "operatingIncome": "417000000", "sellingGeneralAndAdministrative": "0", "researchAndDevelopment": "0", "operatingExpenses": "376000000", "investmentIncomeNet": "None", "netInterestIncome": "None", "interestIncome": "None", "interestExpense": "146000000", "nonInterestIncome": "None", "otherNonOperatingIncome": "None", "depreciation": "None", "depreciationAndAmortization": "285000000", "incomeBeforeTax": "348000000", "incomeTaxExpense": "39000000", "interestAndDebtExpense": "None", "netIncomeFromContinuingOperations": "0", "comprehensiveIncomeNetOfTax": "None", "ebit": "424000000", "ebitda": "709000000", "netIncome": "282000000"}, {"fiscalDateEnding": "2013-09-30", "reportedCurrency": "USD", "grossProfit": "888000000", "totalRevenue": "2551000000", "costOfRevenue": "1663000000", "costofGoodsAndServicesSold": "1663000000", "operatingIncome": "506000000", "sellingGeneralAndAdministrative": "794000000", "researchAndDevelopment": "0", "operatingExpenses": "382000000", "investmentIncomeNet": "None", "netInterestIncome": "None", "interestIncome": "None", "interestExpense": "137000000", "nonInterestIncome": "None", "otherNonOperatingIncome": "68000000", "depreciation": "None", "depreciationAndAmortization": "286000000", "incomeBeforeTax": "432000000", "incomeTaxExpense": "117000000", "interestAndDebtExpense": "None", "netIncomeFromContinuingOperations": "315000000", "comprehensiveIncomeNetOfTax": "None", "ebit": "499000000", "ebitda": "785000000", "netIncome": "301000000"}, {"fiscalDateEnding": "2013-06-30", "reportedCurrency": "USD", "grossProfit": "926000000", "totalRevenue": "2651000000", "costOfRevenue": "1725000000", "costofGoodsAndServicesSold": "1725000000", "operatingIncome": "598000000", "sellingGeneralAndAdministrative": "0", "researchAndDevelopment": "0", "operatingExpenses": "328000000", "investmentIncomeNet": "None", "netInterestIncome": "None", "interestIncome": "None", "interestExpense": "138000000", "nonInterestIncome": "None", "otherNonOperatingIncome": "None", "depreciation": "None", "depreciationAndAmortization": "247000000", "incomeBeforeTax": "298000000", "incomeTaxExpense": "32000000", "interestAndDebtExpense": "None", "netIncomeFromContinuingOperations": "0", "comprehensiveIncomeNetOfTax": "None", "ebit": "436000000", "ebitda": "683000000", "netIncome": "246000000"}, {"fiscalDateEnding": "2013-03-31", "reportedCurrency": "USD", "grossProfit": "764000000", "totalRevenue": "2650000000", "costOfRevenue": "1886000000", "costofGoodsAndServicesSold": "1886000000", "operatingIncome": "363000000", "sellingGeneralAndAdministrative": "0", "researchAndDevelopment": "0", "operatingExpenses": "401000000", "investmentIncomeNet": "None", "netInterestIncome": "None", "interestIncome": "None", "interestExpense": "138000000", "nonInterestIncome": "None", "otherNonOperatingIncome": "None", "depreciation": "None", "depreciationAndAmortization": "295000000", "incomeBeforeTax": "352000000", "incomeTaxExpense": "178000000", "interestAndDebtExpense": "None", "netIncomeFromContinuingOperations": "0", "comprehensiveIncomeNetOfTax": "None", "ebit": "490000000", "ebitda": "785000000", "netIncome": "180000000"}, {"fiscalDateEnding": "2012-12-31", "reportedCurrency": "USD", "grossProfit": "-1366000000", "totalRevenue": "2668000000", "costOfRevenue": "4034000000", "costofGoodsAndServicesSold": "4034000000", "operatingIncome": "375000000", "sellingGeneralAndAdministrative": "0", "researchAndDevelopment": "0", "operatingExpenses": "-1741000000", "investmentIncomeNet": "None", "netInterestIncome": "None", "interestIncome": "None", "interestExpense": "141000000", "nonInterestIncome": "None", "otherNonOperatingIncome": "None", "depreciation": "None", "depreciationAndAmortization": "287000000", "incomeBeforeTax": "309000000", "incomeTaxExpense": "11000000", "interestAndDebtExpense": "None", "netIncomeFromContinuingOperations": "0", "comprehensiveIncomeNetOfTax": "None", "ebit": "450000000", "ebitda": "737000000", "netIncome": "299000000"}, {"fiscalDateEnding": "2012-09-30", "reportedCurrency": "USD", "grossProfit": "1601000000", "totalRevenue": "2507000000", "costOfRevenue": "906000000", "costofGoodsAndServicesSold": "906000000", "operatingIncome": "500000000", "sellingGeneralAndAdministrative": "0", "researchAndDevelopment": "0", "operatingExpenses": "1101000000", "investmentIncomeNet": "None", "netInterestIncome": "None", "interestIncome": "None", "interestExpense": "126000000", "nonInterestIncome": "None", "otherNonOperatingIncome": "None", "depreciation": "None", "depreciationAndAmortization": "280000000", "incomeBeforeTax": "329000000", "incomeTaxExpense": "49000000", "interestAndDebtExpense": "None", "netIncomeFromContinuingOperations": "0", "comprehensiveIncomeNetOfTax": "None", "ebit": "455000000", "ebitda": "735000000", "netIncome": "268000000"}, {"fiscalDateEnding": "2012-06-30", "reportedCurrency": "USD", "grossProfit": "1397000000", "totalRevenue": "2089000000", "costOfRevenue": "692000000", "costofGoodsAndServicesSold": "692000000", "operatingIncome": "332000000", "sellingGeneralAndAdministrative": "0", "researchAndDevelopment": "0", "operatingExpenses": "1065000000", "investmentIncomeNet": "None", "netInterestIncome": "None", "interestIncome": "None", "interestExpense": "113000000", "nonInterestIncome": "None", "otherNonOperatingIncome": "None", "depreciation": "None", "depreciationAndAmortization": "266000000", "incomeBeforeTax": "-52000000", "incomeTaxExpense": "-118000000", "interestAndDebtExpense": "None", "netIncomeFromContinuingOperations": "0", "comprehensiveIncomeNetOfTax": "None", "ebit": "61000000", "ebitda": "327000000", "netIncome": "62000000"}, {"fiscalDateEnding": "2012-03-31", "reportedCurrency": "USD", "grossProfit": "1402000000", "totalRevenue": "2383000000", "costOfRevenue": "981000000", "costofGoodsAndServicesSold": "981000000", "operatingIncome": "378000000", "sellingGeneralAndAdministrative": "0", "researchAndDevelopment": "0", "operatingExpenses": "1024000000", "investmentIncomeNet": "None", "netInterestIncome": "None", "interestIncome": "None", "interestExpense": "113000000", "nonInterestIncome": "None", "otherNonOperatingIncome": "None", "depreciation": "None", "depreciationAndAmortization": "257000000", "incomeBeforeTax": "357000000", "incomeTaxExpense": "117000000", "interestAndDebtExpense": "None", "netIncomeFromContinuingOperations": "0", "comprehensiveIncomeNetOfTax": "None", "ebit": "470000000", "ebitda": "727000000", "netIncome": "238000000"}, {"fiscalDateEnding": "2011-12-31", "reportedCurrency": "USD", "grossProfit": "1618000000", "totalRevenue": "2604000000", "costOfRevenue": "986000000", "costofGoodsAndServicesSold": "986000000", "operatingIncome": "471000000", "sellingGeneralAndAdministrative": "0", "researchAndDevelopment": "0", "operatingExpenses": "1147000000", "investmentIncomeNet": "None", "netInterestIncome": "None", "interestIncome": "None", "interestExpense": "121000000", "nonInterestIncome": "None", "otherNonOperatingIncome": "None", "depreciation": "None", "depreciationAndAmortization": "248000000", "incomeBeforeTax": "405000000", "incomeTaxExpense": "97000000", "interestAndDebtExpense": "None", "netIncomeFromContinuingOperations": "0", "comprehensiveIncomeNetOfTax": "None", "ebit": "526000000", "ebitda": "774000000", "netIncome": "292000000"}, {"fiscalDateEnding": "2011-09-30", "reportedCurrency": "USD", "grossProfit": "1526000000", "totalRevenue": "2576000000", "costOfRevenue": "1050000000", "costofGoodsAndServicesSold": "1050000000", "operatingIncome": "517000000", "sellingGeneralAndAdministrative": "0", "researchAndDevelopment": "0", "operatingExpenses": "1009000000", "investmentIncomeNet": "None", "netInterestIncome": "None", "interestIncome": "None", "interestExpense": "118000000", "nonInterestIncome": "None", "otherNonOperatingIncome": "None", "depreciation": "None", "depreciationAndAmortization": "251000000", "incomeBeforeTax": "388000000", "incomeTaxExpense": "68000000", "interestAndDebtExpense": "None", "netIncomeFromContinuingOperations": "0", "comprehensiveIncomeNetOfTax": "None", "ebit": "511000000", "ebitda": "762000000", "netIncome": "296000000"}, {"fiscalDateEnding": "2011-06-30", "reportedCurrency": "USD", "grossProfit": "1378000000", "totalRevenue": "2422000000", "costOfRevenue": "1044000000", "costofGoodsAndServicesSold": "1044000000", "operatingIncome": "383000000", "sellingGeneralAndAdministrative": "0", "researchAndDevelopment": "0", "operatingExpenses": "995000000", "investmentIncomeNet": "None", "netInterestIncome": "None", "interestIncome": "None", "interestExpense": "118000000", "nonInterestIncome": "None", "otherNonOperatingIncome": "None", "depreciation": "None", "depreciationAndAmortization": "248000000", "incomeBeforeTax": "586000000", "incomeTaxExpense": "92000000", "interestAndDebtExpense": "None", "netIncomeFromContinuingOperations": "0", "comprehensiveIncomeNetOfTax": "None", "ebit": "704000000", "ebitda": "952000000", "netIncome": "511000000"}, {"fiscalDateEnding": "2011-03-31", "reportedCurrency": "USD", "grossProfit": "1368000000", "totalRevenue": "2434000000", "costOfRevenue": "1066000000", "costofGoodsAndServicesSold": "1066000000", "operatingIncome": "410000000", "sellingGeneralAndAdministrative": "0", "researchAndDevelopment": "0", "operatingExpenses": "958000000", "investmentIncomeNet": "None", "netInterestIncome": "None", "interestIncome": "None", "interestExpense": "108000000", "nonInterestIncome": "None", "otherNonOperatingIncome": "None", "depreciation": "None", "depreciationAndAmortization": "231000000", "incomeBeforeTax": "342000000", "incomeTaxExpense": "109000000", "interestAndDebtExpense": "None", "netIncomeFromContinuingOperations": "0", "comprehensiveIncomeNetOfTax": "None", "ebit": "450000000", "ebitda": "681000000", "netIncome": "258000000"}, {"fiscalDateEnding": "2010-12-31", "reportedCurrency": "USD", "grossProfit": "1399000000", "totalRevenue": "2345000000", "costOfRevenue": "946000000", "costofGoodsAndServicesSold": "946000000", "operatingIncome": "374000000", "sellingGeneralAndAdministrative": "168000000", "researchAndDevelopment": "0", "operatingExpenses": "1025000000", "investmentIncomeNet": "None", "netInterestIncome": "None", "interestIncome": "None", "interestExpense": "113000000", "nonInterestIncome": "None", "otherNonOperatingIncome": "None", "depreciation": "None", "depreciationAndAmortization": "224000000", "incomeBeforeTax": "311000000", "incomeTaxExpense": "17000000", "interestAndDebtExpense": "None", "netIncomeFromContinuingOperations": "0", "comprehensiveIncomeNetOfTax": "None", "ebit": "424000000", "ebitda": "648000000", "netIncome": "280000000"}, {"fiscalDateEnding": "2010-09-30", "reportedCurrency": "USD", "grossProfit": "1313000000", "totalRevenue": "2116000000", "costOfRevenue": "803000000", "costofGoodsAndServicesSold": "803000000", "operatingIncome": "429000000", "sellingGeneralAndAdministrative": "0", "researchAndDevelopment": "0", "operatingExpenses": "884000000", "investmentIncomeNet": "None", "netInterestIncome": "None", "interestIncome": "None", "interestExpense": "111000000", "nonInterestIncome": "None", "otherNonOperatingIncome": "None", "depreciation": "None", "depreciationAndAmortization": "218000000", "incomeBeforeTax": "99000000", "incomeTaxExpense": "-32000000", "interestAndDebtExpense": "None", "netIncomeFromContinuingOperations": "0", "comprehensiveIncomeNetOfTax": "None", "ebit": "210000000", "ebitda": "428000000", "netIncome": "131000000"}, {"fiscalDateEnding": "2010-06-30", "reportedCurrency": "USD", "grossProfit": "1243000000", "totalRevenue": "2008000000", "costOfRevenue": "765000000", "costofGoodsAndServicesSold": "765000000", "operatingIncome": "335000000", "sellingGeneralAndAdministrative": "0", "researchAndDevelopment": "0", "operatingExpenses": "908000000", "investmentIncomeNet": "None", "netInterestIncome": "None", "interestIncome": "None", "interestExpense": "103000000", "nonInterestIncome": "None", "otherNonOperatingIncome": "None", "depreciation": "None", "depreciationAndAmortization": "215000000", "incomeBeforeTax": "237000000", "incomeTaxExpense": "59000000", "interestAndDebtExpense": "None", "netIncomeFromContinuingOperations": "0", "comprehensiveIncomeNetOfTax": "None", "ebit": "340000000", "ebitda": "555000000", "netIncome": "222000000"}, {"fiscalDateEnding": "2010-03-31", "reportedCurrency": "USD", "grossProfit": "1265000000", "totalRevenue": "2534000000", "costOfRevenue": "1269000000", "costofGoodsAndServicesSold": "1269000000", "operatingIncome": "389000000", "sellingGeneralAndAdministrative": "168000000", "researchAndDevelopment": "0", "operatingExpenses": "1044000000", "investmentIncomeNet": "None", "netInterestIncome": "None", "interestIncome": "None", "interestExpense": "109000000", "nonInterestIncome": "None", "otherNonOperatingIncome": "None", "depreciation": "None", "depreciationAndAmortization": "210000000", "incomeBeforeTax": "139000000", "incomeTaxExpense": "58000000", "interestAndDebtExpense": "None", "netIncomeFromContinuingOperations": "0", "comprehensiveIncomeNetOfTax": "None", "ebit": "248000000", "ebitda": "458000000", "netIncome": "108000000"}, {"fiscalDateEnding": "2009-12-31", "reportedCurrency": "USD", "grossProfit": "1430000000", "totalRevenue": "2456000000", "costOfRevenue": "1026000000", "costofGoodsAndServicesSold": "1026000000", "operatingIncome": "357000000", "sellingGeneralAndAdministrative": "0", "researchAndDevelopment": "0", "operatingExpenses": "1073000000", "investmentIncomeNet": "None", "netInterestIncome": "None", "interestIncome": "None", "interestExpense": "110000000", "nonInterestIncome": "None", "otherNonOperatingIncome": "None", "depreciation": "None", "depreciationAndAmortization": "207000000", "incomeBeforeTax": "392000000", "incomeTaxExpense": "95000000", "interestAndDebtExpense": "None", "netIncomeFromContinuingOperations": "0", "comprehensiveIncomeNetOfTax": "None", "ebit": "502000000", "ebitda": "709000000", "netIncome": "288000000"}, {"fiscalDateEnding": "2009-09-30", "reportedCurrency": "USD", "grossProfit": "1198000000", "totalRevenue": "1853000000", "costOfRevenue": "655000000", "costofGoodsAndServicesSold": "655000000", "operatingIncome": "354000000", "sellingGeneralAndAdministrative": "0", "researchAndDevelopment": "0", "operatingExpenses": "844000000", "investmentIncomeNet": "None", "netInterestIncome": "None", "interestIncome": "None", "interestExpense": "96000000", "nonInterestIncome": "None", "otherNonOperatingIncome": "None", "depreciation": "None", "depreciationAndAmortization": "196000000", "incomeBeforeTax": "410000000", "incomeTaxExpense": "128000000", "interestAndDebtExpense": "None", "netIncomeFromContinuingOperations": "0", "comprehensiveIncomeNetOfTax": "None", "ebit": "506000000", "ebitda": "702000000", "netIncome": "317000000"}, {"fiscalDateEnding": "2009-06-30", "reportedCurrency": "USD", "grossProfit": "1108000000", "totalRevenue": "1689000000", "costOfRevenue": "581000000", "costofGoodsAndServicesSold": "581000000", "operatingIncome": "261000000", "sellingGeneralAndAdministrative": "0", "researchAndDevelopment": "0", "operatingExpenses": "847000000", "investmentIncomeNet": "None", "netInterestIncome": "None", "interestIncome": "None", "interestExpense": "79000000", "nonInterestIncome": "None", "otherNonOperatingIncome": "None", "depreciation": "None", "depreciationAndAmortization": "189000000", "incomeBeforeTax": "256000000", "incomeTaxExpense": "90000000", "interestAndDebtExpense": "None", "netIncomeFromContinuingOperations": "0", "comprehensiveIncomeNetOfTax": "None", "ebit": "335000000", "ebitda": "524000000", "netIncome": "198000000"}, {"fiscalDateEnding": "2009-03-31", "reportedCurrency": "USD", "grossProfit": "1112000000", "totalRevenue": "2108000000", "costOfRevenue": "996000000", "costofGoodsAndServicesSold": "996000000", "operatingIncome": "331000000", "sellingGeneralAndAdministrative": "0", "researchAndDevelopment": "0", "operatingExpenses": "781000000", "investmentIncomeNet": "None", "netInterestIncome": "None", "interestIncome": "None", "interestExpense": "82000000", "nonInterestIncome": "None", "otherNonOperatingIncome": "None", "depreciation": "None", "depreciationAndAmortization": "183000000", "incomeBeforeTax": "418000000", "incomeTaxExpense": "109000000", "interestAndDebtExpense": "None", "netIncomeFromContinuingOperations": "0", "comprehensiveIncomeNetOfTax": "None", "ebit": "500000000", "ebitda": "683000000", "netIncome": "316000000"}, {"fiscalDateEnding": "2008-12-31", "reportedCurrency": "USD", "grossProfit": "1051000000", "totalRevenue": "2293000000", "costOfRevenue": "1242000000", "costofGoodsAndServicesSold": "1242000000", "operatingIncome": "238000000", "sellingGeneralAndAdministrative": "0", "researchAndDevelopment": "0", "operatingExpenses": "813000000", "investmentIncomeNet": "None", "netInterestIncome": "None", "interestIncome": "None", "interestExpense": "197000000", "nonInterestIncome": "None", "otherNonOperatingIncome": "None", "depreciation": "None", "depreciationAndAmortization": "179000000", "incomeBeforeTax": "344000000", "incomeTaxExpense": "15000000", "interestAndDebtExpense": "None", "netIncomeFromContinuingOperations": "0", "comprehensiveIncomeNetOfTax": "None", "ebit": "826000000", "ebitda": "1005000000", "netIncome": "319000000"}, {"fiscalDateEnding": "2008-09-30", "reportedCurrency": "USD", "grossProfit": "1261000000", "totalRevenue": "2692000000", "costOfRevenue": "1431000000", "costofGoodsAndServicesSold": "1431000000", "operatingIncome": "444000000", "sellingGeneralAndAdministrative": "0", "researchAndDevelopment": "0", "operatingExpenses": "817000000", "investmentIncomeNet": "None", "netInterestIncome": "None", "interestIncome": "None", "interestExpense": "67000000", "nonInterestIncome": "None", "otherNonOperatingIncome": "None", "depreciation": "None", "depreciationAndAmortization": "162000000", "incomeBeforeTax": "402000000", "incomeTaxExpense": "94000000", "interestAndDebtExpense": "None", "netIncomeFromContinuingOperations": "0", "comprehensiveIncomeNetOfTax": "None", "ebit": "445000000", "ebitda": "607000000", "netIncome": "308000000"}, {"fiscalDateEnding": "2008-06-30", "reportedCurrency": "USD", "grossProfit": "986000000", "totalRevenue": "2503000000", "costOfRevenue": "1517000000", "costofGoodsAndServicesSold": "1517000000", "operatingIncome": "178000000", "sellingGeneralAndAdministrative": "0", "researchAndDevelopment": "0", "operatingExpenses": "808000000", "investmentIncomeNet": "None", "netInterestIncome": "None", "interestIncome": "None", "interestExpense": "38000000", "nonInterestIncome": "None", "otherNonOperatingIncome": "None", "depreciation": "None", "depreciationAndAmortization": "171000000", "incomeBeforeTax": "446000000", "incomeTaxExpense": "202000000", "interestAndDebtExpense": "None", "netIncomeFromContinuingOperations": "0", "comprehensiveIncomeNetOfTax": "None", "ebit": "-121000000", "ebitda": "50000000", "netIncome": "244000000"}, {"fiscalDateEnding": "2008-03-31", "reportedCurrency": "USD", "grossProfit": "1463000000", "totalRevenue": "3270000000", "costOfRevenue": "1807000000", "costofGoodsAndServicesSold": "1807000000", "operatingIncome": "371000000", "sellingGeneralAndAdministrative": "0", "researchAndDevelopment": "0", "operatingExpenses": "1092000000", "investmentIncomeNet": "None", "netInterestIncome": "None", "interestIncome": "None", "interestExpense": "60000000", "nonInterestIncome": "None", "otherNonOperatingIncome": "None", "depreciation": "None", "depreciationAndAmortization": "175000000", "incomeBeforeTax": "369000000", "incomeTaxExpense": "127000000", "interestAndDebtExpense": "None", "netIncomeFromContinuingOperations": "0", "comprehensiveIncomeNetOfTax": "None", "ebit": "410000000", "ebitda": "585000000", "netIncome": "242000000"}, {"fiscalDateEnding": "2007-12-31", "reportedCurrency": "USD", "grossProfit": "3131000000", "totalRevenue": "3110000000", "costOfRevenue": "-21000000", "costofGoodsAndServicesSold": "-21000000", "operatingIncome": "493000000", "sellingGeneralAndAdministrative": "0", "researchAndDevelopment": "0", "operatingExpenses": "2638000000", "investmentIncomeNet": "None", "netInterestIncome": "None", "interestIncome": "None", "interestExpense": "247000000", "nonInterestIncome": "None", "otherNonOperatingIncome": "None", "depreciation": "None", "depreciationAndAmortization": "172000000", "incomeBeforeTax": "471000000", "incomeTaxExpense": "183000000", "interestAndDebtExpense": "None", "netIncomeFromContinuingOperations": "0", "comprehensiveIncomeNetOfTax": "None", "ebit": "493000000", "ebitda": "665000000", "netIncome": "289000000"}, {"fiscalDateEnding": "2007-09-30", "reportedCurrency": "USD", "grossProfit": "1759000000", "totalRevenue": "2663000000", "costOfRevenue": "904000000", "costofGoodsAndServicesSold": "904000000", "operatingIncome": "499000000", "sellingGeneralAndAdministrative": "0", "researchAndDevelopment": "0", "operatingExpenses": "1260000000", "investmentIncomeNet": "None", "netInterestIncome": "None", "interestIncome": "None", "interestExpense": "68000000", "nonInterestIncome": "None", "otherNonOperatingIncome": "None", "depreciation": "None", "depreciationAndAmortization": "174000000", "incomeBeforeTax": "465000000", "incomeTaxExpense": "135000000", "interestAndDebtExpense": "None", "netIncomeFromContinuingOperations": "0", "comprehensiveIncomeNetOfTax": "None", "ebit": "499000000", "ebitda": "673000000", "netIncome": "305000000"}, {"fiscalDateEnding": "2007-06-30", "reportedCurrency": "USD", "grossProfit": "1617000000", "totalRevenue": "2661000000", "costOfRevenue": "1044000000", "costofGoodsAndServicesSold": "1044000000", "operatingIncome": "414000000", "sellingGeneralAndAdministrative": "0", "researchAndDevelopment": "0", "operatingExpenses": "1203000000", "investmentIncomeNet": "None", "netInterestIncome": "None", "interestIncome": "None", "interestExpense": "69000000", "nonInterestIncome": "None", "otherNonOperatingIncome": "None", "depreciation": "None", "depreciationAndAmortization": "171000000", "incomeBeforeTax": "423000000", "incomeTaxExpense": "143000000", "interestAndDebtExpense": "None", "netIncomeFromContinuingOperations": "0", "comprehensiveIncomeNetOfTax": "None", "ebit": "414000000", "ebitda": "585000000", "netIncome": "277000000"}, {"fiscalDateEnding": "2007-03-31", "reportedCurrency": "USD", "grossProfit": "2519000000", "totalRevenue": "3004000000", "costOfRevenue": "485000000", "costofGoodsAndServicesSold": "485000000", "operatingIncome": "267000000", "sellingGeneralAndAdministrative": "0", "researchAndDevelopment": "0", "operatingExpenses": "2252000000", "investmentIncomeNet": "None", "netInterestIncome": "None", "interestIncome": "None", "interestExpense": "70000000", "nonInterestIncome": "None", "otherNonOperatingIncome": "None", "depreciation": "None", "depreciationAndAmortization": "169000000", "incomeBeforeTax": "290000000", "incomeTaxExpense": "63000000", "interestAndDebtExpense": "None", "netIncomeFromContinuingOperations": "0", "comprehensiveIncomeNetOfTax": "None", "ebit": "267000000", "ebitda": "436000000", "netIncome": "228000000"}, {"fiscalDateEnding": "2006-12-31", "reportedCurrency": "USD", "grossProfit": "2411000000", "totalRevenue": "3245000000", "costOfRevenue": "834000000", "costofGoodsAndServicesSold": "834000000", "operatingIncome": "568000000", "sellingGeneralAndAdministrative": "0", "researchAndDevelopment": "0", "operatingExpenses": "1843000000", "investmentIncomeNet": "None", "netInterestIncome": "None", "interestIncome": "None", "interestExpense": "78000000", "nonInterestIncome": "None", "otherNonOperatingIncome": "None", "depreciation": "None", "depreciationAndAmortization": "166000000", "incomeBeforeTax": "309000000", "incomeTaxExpense": "180000000", "interestAndDebtExpense": "None", "netIncomeFromContinuingOperations": "0", "comprehensiveIncomeNetOfTax": "None", "ebit": "568000000", "ebitda": "734000000", "netIncome": "125000000"}, {"fiscalDateEnding": "2006-09-30", "reportedCurrency": "USD", "grossProfit": "2079000000", "totalRevenue": "2694000000", "costOfRevenue": "615000000", "costofGoodsAndServicesSold": "615000000", "operatingIncome": "464000000", "sellingGeneralAndAdministrative": "0", "researchAndDevelopment": "0", "operatingExpenses": "1615000000", "investmentIncomeNet": "None", "netInterestIncome": "None", "interestIncome": "None", "interestExpense": "90000000", "nonInterestIncome": "None", "otherNonOperatingIncome": "None", "depreciation": "None", "depreciationAndAmortization": "163000000", "incomeBeforeTax": "800000000", "incomeTaxExpense": "257000000", "interestAndDebtExpense": "None", "netIncomeFromContinuingOperations": "0", "comprehensiveIncomeNetOfTax": "None", "ebit": "464000000", "ebitda": "627000000", "netIncome": "653000000"}, {"fiscalDateEnding": "2006-06-30", "reportedCurrency": "USD", "grossProfit": "1798000000", "totalRevenue": "2486000000", "costOfRevenue": "688000000", "costofGoodsAndServicesSold": "688000000", "operatingIncome": "337000000", "sellingGeneralAndAdministrative": "0", "researchAndDevelopment": "0", "operatingExpenses": "1461000000", "investmentIncomeNet": "None", "netInterestIncome": "None", "interestIncome": "None", "interestExpense": "87000000", "nonInterestIncome": "None", "otherNonOperatingIncome": "None", "depreciation": "None", "depreciationAndAmortization": "169000000", "incomeBeforeTax": "281000000", "incomeTaxExpense": "96000000", "interestAndDebtExpense": "None", "netIncomeFromContinuingOperations": "0", "comprehensiveIncomeNetOfTax": "None", "ebit": "339000000", "ebitda": "508000000", "netIncome": "373000000"}, {"fiscalDateEnding": "2006-03-31", "reportedCurrency": "USD", "grossProfit": "2009000000", "totalRevenue": "3349000000", "costOfRevenue": "1340000000", "costofGoodsAndServicesSold": "1340000000", "operatingIncome": "416000000", "sellingGeneralAndAdministrative": "0", "researchAndDevelopment": "0", "operatingExpenses": "1593000000", "investmentIncomeNet": "None", "netInterestIncome": "None", "interestIncome": "None", "interestExpense": "96000000", "nonInterestIncome": "None", "otherNonOperatingIncome": "None", "depreciation": "None", "depreciationAndAmortization": "159000000", "incomeBeforeTax": "348000000", "incomeTaxExpense": "110000000", "interestAndDebtExpense": "None", "netIncomeFromContinuingOperations": "0", "comprehensiveIncomeNetOfTax": "None", "ebit": "410000000", "ebitda": "569000000", "netIncome": "257000000"}, {"fiscalDateEnding": "2005-12-31", "reportedCurrency": "USD", "grossProfit": "2688000000", "totalRevenue": "4047000000", "costOfRevenue": "1359000000", "costofGoodsAndServicesSold": "1359000000", "operatingIncome": "513000000", "sellingGeneralAndAdministrative": "0", "researchAndDevelopment": "0", "operatingExpenses": "2175000000", "investmentIncomeNet": "None", "netInterestIncome": "None", "interestIncome": "None", "interestExpense": "83000000", "nonInterestIncome": "None", "otherNonOperatingIncome": "None", "depreciation": "None", "depreciationAndAmortization": "165000000", "incomeBeforeTax": "419000000", "incomeTaxExpense": "58000000", "interestAndDebtExpense": "None", "netIncomeFromContinuingOperations": "0", "comprehensiveIncomeNetOfTax": "None", "ebit": "513000000", "ebitda": "678000000", "netIncome": "355000000"}, {"fiscalDateEnding": "2005-09-30", "reportedCurrency": "USD", "grossProfit": "2033000000", "totalRevenue": "2726000000", "costOfRevenue": "693000000", "costofGoodsAndServicesSold": "693000000", "operatingIncome": "79000000", "sellingGeneralAndAdministrative": "0", "researchAndDevelopment": "0", "operatingExpenses": "1954000000", "investmentIncomeNet": "None", "netInterestIncome": "None", "interestIncome": "None", "interestExpense": "83000000", "nonInterestIncome": "None", "otherNonOperatingIncome": "None", "depreciation": "None", "depreciationAndAmortization": "157000000", "incomeBeforeTax": "162000000", "incomeTaxExpense": "-60000000", "interestAndDebtExpense": "None", "netIncomeFromContinuingOperations": "0", "comprehensiveIncomeNetOfTax": "None", "ebit": "62000000", "ebitda": "219000000", "netIncome": "222000000"}, {"fiscalDateEnding": "2005-06-30", "reportedCurrency": "USD", "grossProfit": "1526000000", "totalRevenue": "2272000000", "costOfRevenue": "746000000", "costofGoodsAndServicesSold": "746000000", "operatingIncome": "213000000", "sellingGeneralAndAdministrative": "0", "researchAndDevelopment": "0", "operatingExpenses": "1313000000", "investmentIncomeNet": "None", "netInterestIncome": "None", "interestIncome": "None", "interestExpense": "72000000", "nonInterestIncome": "None", "otherNonOperatingIncome": "None", "depreciation": "None", "depreciationAndAmortization": "163000000", "incomeBeforeTax": "159000000", "incomeTaxExpense": "36000000", "interestAndDebtExpense": "None", "netIncomeFromContinuingOperations": "0", "comprehensiveIncomeNetOfTax": "None", "ebit": "204000000", "ebitda": "367000000", "netIncome": "121000000"}, {"fiscalDateEnding": "2005-03-31", "reportedCurrency": "USD", "grossProfit": "1634000000", "totalRevenue": "2692000000", "costOfRevenue": "1058000000", "costofGoodsAndServicesSold": "1058000000", "operatingIncome": "279000000", "sellingGeneralAndAdministrative": "0", "researchAndDevelopment": "0", "operatingExpenses": "1355000000", "investmentIncomeNet": "None", "netInterestIncome": "None", "interestIncome": "None", "interestExpense": "79000000", "nonInterestIncome": "None", "otherNonOperatingIncome": "None", "depreciation": "None", "depreciationAndAmortization": "161000000", "incomeBeforeTax": "231000000", "incomeTaxExpense": "8000000", "interestAndDebtExpense": "None", "netIncomeFromContinuingOperations": "0", "comprehensiveIncomeNetOfTax": "None", "ebit": "274000000", "ebitda": "435000000", "netIncome": "223000000"}, {"fiscalDateEnding": "2004-12-31", "reportedCurrency": "USD", "grossProfit": "1889000000", "totalRevenue": "2889000000", "costOfRevenue": "1000000000", "costofGoodsAndServicesSold": "1000000000", "operatingIncome": "375000000", "sellingGeneralAndAdministrative": "0", "researchAndDevelopment": "0", "operatingExpenses": "1514000000", "investmentIncomeNet": "None", "netInterestIncome": "None", "interestIncome": "None", "interestExpense": "90000000", "nonInterestIncome": "None", "otherNonOperatingIncome": "None", "depreciation": "None", "depreciationAndAmortization": "120000000", "incomeBeforeTax": "341000000", "incomeTaxExpense": "2000000", "interestAndDebtExpense": "None", "netIncomeFromContinuingOperations": "0", "comprehensiveIncomeNetOfTax": "None", "ebit": "375000000", "ebitda": "495000000", "netIncome": "346000000"}]}