{"symbol": "WAB", "annualReports": [{"fiscalDateEnding": "2024-12-31", "reportedCurrency": "USD", "grossProfit": "3366000000", "totalRevenue": "10387000000", "costOfRevenue": "7021000000", "costofGoodsAndServicesSold": "7021000000", "operatingIncome": "1609000000", "sellingGeneralAndAdministrative": "1248000000", "researchAndDevelopment": "206000000", "operatingExpenses": "1757000000", "investmentIncomeNet": "None", "netInterestIncome": "-201000000", "interestIncome": "None", "interestExpense": "201000000", "nonInterestIncome": "None", "otherNonOperatingIncome": "None", "depreciation": "None", "depreciationAndAmortization": "-2000000", "incomeBeforeTax": "1410000000", "incomeTaxExpense": "343000000", "interestAndDebtExpense": "None", "netIncomeFromContinuingOperations": "1067000000", "comprehensiveIncomeNetOfTax": "None", "ebit": "1611000000", "ebitda": "1609000000", "netIncome": "1056000000"}, {"fiscalDateEnding": "2023-12-31", "reportedCurrency": "USD", "grossProfit": "2944000000", "totalRevenue": "9677000000", "costOfRevenue": "6733000000", "costofGoodsAndServicesSold": "6733000000", "operatingIncome": "1266000000", "sellingGeneralAndAdministrative": "1139000000", "researchAndDevelopment": "218000000", "operatingExpenses": "1716000000", "investmentIncomeNet": "None", "netInterestIncome": "-218000000", "interestIncome": "None", "interestExpense": "218000000", "nonInterestIncome": "None", "otherNonOperatingIncome": "None", "depreciation": "None", "depreciationAndAmortization": "477000000", "incomeBeforeTax": "1092000000", "incomeTaxExpense": "267000000", "interestAndDebtExpense": "None", "netIncomeFromContinuingOperations": "825000000", "comprehensiveIncomeNetOfTax": "None", "ebit": "1310000000", "ebitda": "1787000000", "netIncome": "815000000"}, {"fiscalDateEnding": "2022-12-31", "reportedCurrency": "USD", "grossProfit": "2292000000", "totalRevenue": "8362000000", "costOfRevenue": "6070000000", "costofGoodsAndServicesSold": "6070000000", "operatingIncome": "1063000000", "sellingGeneralAndAdministrative": "1029000000", "researchAndDevelopment": "209000000", "operatingExpenses": "1229000000", "investmentIncomeNet": "None", "netInterestIncome": "-186000000", "interestIncome": "186000000", "interestExpense": "186000000", "nonInterestIncome": "None", "otherNonOperatingIncome": "29000000", "depreciation": "None", "depreciationAndAmortization": "479000000", "incomeBeforeTax": "854000000", "incomeTaxExpense": "213000000", "interestAndDebtExpense": "None", "netIncomeFromContinuingOperations": "641000000", "comprehensiveIncomeNetOfTax": "None", "ebit": "1040000000", "ebitda": "1519000000", "netIncome": "633000000"}, {"fiscalDateEnding": "2021-12-31", "reportedCurrency": "USD", "grossProfit": "2135000000", "totalRevenue": "7822000000", "costOfRevenue": "5687000000", "costofGoodsAndServicesSold": "5687000000", "operatingIncome": "954000000", "sellingGeneralAndAdministrative": "1030000000", "researchAndDevelopment": "176000000", "operatingExpenses": "1181000000", "investmentIncomeNet": "None", "netInterestIncome": "-177000000", "interestIncome": "149000000", "interestExpense": "177000000", "nonInterestIncome": "None", "otherNonOperatingIncome": "38000000", "depreciation": "None", "depreciationAndAmortization": "491000000", "incomeBeforeTax": "737000000", "incomeTaxExpense": "172000000", "interestAndDebtExpense": "None", "netIncomeFromContinuingOperations": "565000000", "comprehensiveIncomeNetOfTax": "None", "ebit": "914000000", "ebitda": "1405000000", "netIncome": "558000000"}, {"fiscalDateEnding": "2020-12-31", "reportedCurrency": "USD", "grossProfit": "1898700000", "totalRevenue": "7556100000", "costOfRevenue": "5657400000", "costofGoodsAndServicesSold": "5657400000", "operatingIncome": "859500000", "sellingGeneralAndAdministrative": "948000000", "researchAndDevelopment": "162100000", "operatingExpenses": "1039200000", "investmentIncomeNet": "None", "netInterestIncome": "-198900000", "interestIncome": "198900000", "interestExpense": "198900000", "nonInterestIncome": "None", "otherNonOperatingIncome": "11600000", "depreciation": "None", "depreciationAndAmortization": "473300000", "incomeBeforeTax": "557200000", "incomeTaxExpense": "144900000", "interestAndDebtExpense": "None", "netIncomeFromContinuingOperations": "412300000", "comprehensiveIncomeNetOfTax": "None", "ebit": "756100000", "ebitda": "1229400000", "netIncome": "414000000"}, {"fiscalDateEnding": "2019-12-31", "reportedCurrency": "USD", "grossProfit": "2077600000", "totalRevenue": "8200000000", "costOfRevenue": "6122400000", "costofGoodsAndServicesSold": "6122400000", "operatingIncome": "931100000", "sellingGeneralAndAdministrative": "1166600000", "researchAndDevelopment": "209900000", "operatingExpenses": "1146500000", "investmentIncomeNet": "None", "netInterestIncome": "-219100000", "interestIncome": "224500000", "interestExpense": "219100000", "nonInterestIncome": "None", "otherNonOperatingIncome": "2800000", "depreciation": "None", "depreciationAndAmortization": "401400000", "incomeBeforeTax": "446800000", "incomeTaxExpense": "120300000", "interestAndDebtExpense": "None", "netIncomeFromContinuingOperations": "326500000", "comprehensiveIncomeNetOfTax": "None", "ebit": "665900000", "ebitda": "1067300000", "netIncome": "326700000"}, {"fiscalDateEnding": "2018-12-31", "reportedCurrency": "USD", "grossProfit": "1211731000", "totalRevenue": "4363547000", "costOfRevenue": "3151816000", "costofGoodsAndServicesSold": "3151816000", "operatingIncome": "550637000", "sellingGeneralAndAdministrative": "633244000", "researchAndDevelopment": "87450000", "operatingExpenses": "661094000", "investmentIncomeNet": "None", "netInterestIncome": "-112235000", "interestIncome": "116049000", "interestExpense": "107320000", "nonInterestIncome": "None", "otherNonOperatingIncome": "None", "depreciation": "None", "depreciationAndAmortization": "109297000", "incomeBeforeTax": "367582000", "incomeTaxExpense": "75879000", "interestAndDebtExpense": "None", "netIncomeFromContinuingOperations": "291703000", "comprehensiveIncomeNetOfTax": "None", "ebit": "474902000", "ebitda": "584199000", "netIncome": "294944000"}, {"fiscalDateEnding": "2017-12-31", "reportedCurrency": "USD", "grossProfit": "1040597000", "totalRevenue": "3881756000", "costOfRevenue": "2841159000", "costofGoodsAndServicesSold": "2841159000", "operatingIncome": "462579000", "sellingGeneralAndAdministrative": "511898000", "researchAndDevelopment": "95166000", "operatingExpenses": "578018000", "investmentIncomeNet": "None", "netInterestIncome": "-68704000", "interestIncome": "77884000", "interestExpense": "77484000", "nonInterestIncome": "None", "otherNonOperatingIncome": "None", "depreciation": "None", "depreciationAndAmortization": "103248000", "incomeBeforeTax": "352063000", "incomeTaxExpense": "89773000", "interestAndDebtExpense": "None", "netIncomeFromContinuingOperations": "262290000", "comprehensiveIncomeNetOfTax": "None", "ebit": "429547000", "ebitda": "532795000", "netIncome": "262261000"}, {"fiscalDateEnding": "2016-12-31", "reportedCurrency": "USD", "grossProfit": "901541000", "totalRevenue": "2931188000", "costOfRevenue": "2029647000", "costofGoodsAndServicesSold": "2029647000", "operatingIncome": "502661000", "sellingGeneralAndAdministrative": "371805000", "researchAndDevelopment": "71375000", "operatingExpenses": "398880000", "investmentIncomeNet": "None", "netInterestIncome": "-42561000", "interestIncome": "46562000", "interestExpense": "44434000", "nonInterestIncome": "None", "otherNonOperatingIncome": "None", "depreciation": "None", "depreciationAndAmortization": "69795000", "incomeBeforeTax": "412837000", "incomeTaxExpense": "99433000", "interestAndDebtExpense": "None", "netIncomeFromContinuingOperations": "313404000", "comprehensiveIncomeNetOfTax": "None", "ebit": "466098000", "ebitda": "535893000", "netIncome": "304887000"}, {"fiscalDateEnding": "2015-12-31", "reportedCurrency": "USD", "grossProfit": "1026153000", "totalRevenue": "3307998000", "costOfRevenue": "2281845000", "costofGoodsAndServicesSold": "2281845000", "operatingIncome": "635767000", "sellingGeneralAndAdministrative": "347373000", "researchAndDevelopment": "71213000", "operatingExpenses": "390386000", "investmentIncomeNet": "None", "netInterestIncome": "None", "interestIncome": "21547000", "interestExpense": "15085000", "nonInterestIncome": "None", "otherNonOperatingIncome": "-5311000", "depreciation": "None", "depreciationAndAmortization": "64733999", "incomeBeforeTax": "585368000", "incomeTaxExpense": "186740000", "interestAndDebtExpense": "None", "netIncomeFromContinuingOperations": "398628000", "comprehensiveIncomeNetOfTax": "None", "ebit": "607567001", "ebitda": "672301000", "netIncome": "398628000"}, {"fiscalDateEnding": "2014-12-31", "reportedCurrency": "USD", "grossProfit": "913534000", "totalRevenue": "3044454000", "costOfRevenue": "2130920000", "costofGoodsAndServicesSold": "2130920000", "operatingIncome": "527109000", "sellingGeneralAndAdministrative": "324539000", "researchAndDevelopment": "61886000", "operatingExpenses": "386425000", "investmentIncomeNet": "None", "netInterestIncome": "None", "interestIncome": "None", "interestExpense": "19742000", "nonInterestIncome": "None", "otherNonOperatingIncome": "-1680000", "depreciation": "None", "depreciationAndAmortization": "61261000", "incomeBeforeTax": "507855000", "incomeTaxExpense": "156175000", "interestAndDebtExpense": "None", "netIncomeFromContinuingOperations": "351680000", "comprehensiveIncomeNetOfTax": "None", "ebit": "527109000", "ebitda": "588370000", "netIncome": "351680000"}, {"fiscalDateEnding": "2013-12-31", "reportedCurrency": "USD", "grossProfit": "746317000", "totalRevenue": "2566392000", "costOfRevenue": "1820075000", "costofGoodsAndServicesSold": "1820075000", "operatingIncome": "437310000", "sellingGeneralAndAdministrative": "262718000", "researchAndDevelopment": "46289000", "operatingExpenses": "309007000", "investmentIncomeNet": "None", "netInterestIncome": "None", "interestIncome": "None", "interestExpense": "15341000", "nonInterestIncome": "None", "otherNonOperatingIncome": "-882000", "depreciation": "None", "depreciationAndAmortization": "51193000", "incomeBeforeTax": "421087000", "incomeTaxExpense": "128852000", "interestAndDebtExpense": "None", "netIncomeFromContinuingOperations": "292235000", "comprehensiveIncomeNetOfTax": "None", "ebit": "436428000", "ebitda": "487621000", "netIncome": "292235000"}, {"fiscalDateEnding": "2012-12-31", "reportedCurrency": "USD", "grossProfit": "679295000", "totalRevenue": "2391122000", "costOfRevenue": "1711827000", "costofGoodsAndServicesSold": "1711827000", "operatingIncome": "392279000", "sellingGeneralAndAdministrative": "245709000", "researchAndDevelopment": "41307000", "operatingExpenses": "287016000", "investmentIncomeNet": "None", "netInterestIncome": "None", "interestIncome": "None", "interestExpense": "14251000", "nonInterestIncome": "None", "otherNonOperatingIncome": "-670000", "depreciation": "None", "depreciationAndAmortization": "44136000", "incomeBeforeTax": "377358000", "incomeTaxExpense": "125626000", "interestAndDebtExpense": "None", "netIncomeFromContinuingOperations": "251732000", "comprehensiveIncomeNetOfTax": "None", "ebit": "391609000", "ebitda": "435745000", "netIncome": "251732000"}, {"fiscalDateEnding": "2011-12-31", "reportedCurrency": "USD", "grossProfit": "518235000", "totalRevenue": "1967637000", "costOfRevenue": "1449402000", "costofGoodsAndServicesSold": "1449402000", "operatingIncome": "309401000", "sellingGeneralAndAdministrative": "247534000", "researchAndDevelopment": "37193000", "operatingExpenses": "208834000", "investmentIncomeNet": "None", "netInterestIncome": "None", "interestIncome": "None", "interestExpense": "15007000", "nonInterestIncome": "None", "otherNonOperatingIncome": "None", "depreciation": "None", "depreciationAndAmortization": "44849000", "incomeBeforeTax": "255314000", "incomeTaxExpense": "85165000", "interestAndDebtExpense": "None", "netIncomeFromContinuingOperations": "None", "comprehensiveIncomeNetOfTax": "None", "ebit": "270321000", "ebitda": "315170000", "netIncome": "170149000"}, {"fiscalDateEnding": "2010-12-31", "reportedCurrency": "USD", "grossProfit": "398702000", "totalRevenue": "1507012000", "costOfRevenue": "1108310000", "costofGoodsAndServicesSold": "1108310000", "operatingIncome": "202810000", "sellingGeneralAndAdministrative": "195892000", "researchAndDevelopment": "40203000", "operatingExpenses": "195892000", "investmentIncomeNet": "None", "netInterestIncome": "None", "interestIncome": "None", "interestExpense": "15923000", "nonInterestIncome": "None", "otherNonOperatingIncome": "-60000", "depreciation": "None", "depreciationAndAmortization": "38586000", "incomeBeforeTax": "186827000", "incomeTaxExpense": "63728000", "interestAndDebtExpense": "None", "netIncomeFromContinuingOperations": "123099000", "comprehensiveIncomeNetOfTax": "None", "ebit": "202750000", "ebitda": "241336000", "netIncome": "123099000"}, {"fiscalDateEnding": "2009-12-31", "reportedCurrency": "USD", "grossProfit": "345230000", "totalRevenue": "1401616000", "costOfRevenue": "1056386000", "costofGoodsAndServicesSold": "1056386000", "operatingIncome": "184232000", "sellingGeneralAndAdministrative": "160998000", "researchAndDevelopment": "42447000", "operatingExpenses": "160998000", "investmentIncomeNet": "None", "netInterestIncome": "None", "interestIncome": "None", "interestExpense": "16674000", "nonInterestIncome": "None", "otherNonOperatingIncome": "None", "depreciation": "None", "depreciationAndAmortization": "35519000", "incomeBeforeTax": "163359000", "incomeTaxExpense": "48304000", "interestAndDebtExpense": "None", "netIncomeFromContinuingOperations": "None", "comprehensiveIncomeNetOfTax": "None", "ebit": "180033000", "ebitda": "215552000", "netIncome": "115055000"}, {"fiscalDateEnding": "2008-12-31", "reportedCurrency": "USD", "grossProfit": "388513000", "totalRevenue": "1574749000", "costOfRevenue": "1186236000", "costofGoodsAndServicesSold": "1186236000", "operatingIncome": "217916000", "sellingGeneralAndAdministrative": "170597000", "researchAndDevelopment": "38981000", "operatingExpenses": "170597000", "investmentIncomeNet": "None", "netInterestIncome": "None", "interestIncome": "None", "interestExpense": "8508000", "nonInterestIncome": "None", "otherNonOperatingIncome": "None", "depreciation": "None", "depreciationAndAmortization": "29826000", "incomeBeforeTax": "204300000", "incomeTaxExpense": "73746000", "interestAndDebtExpense": "None", "netIncomeFromContinuingOperations": "None", "comprehensiveIncomeNetOfTax": "None", "ebit": "212808000", "ebitda": "242634000", "netIncome": "130551000"}, {"fiscalDateEnding": "2007-12-31", "reportedCurrency": "USD", "grossProfit": "333678000", "totalRevenue": "1360088000", "costOfRevenue": "1026410000", "costofGoodsAndServicesSold": "1026410000", "operatingIncome": "189641000", "sellingGeneralAndAdministrative": "148437000", "researchAndDevelopment": "37434000", "operatingExpenses": "144037000", "investmentIncomeNet": "None", "netInterestIncome": "None", "interestIncome": "None", "interestExpense": "3637000", "nonInterestIncome": "None", "otherNonOperatingIncome": "None", "depreciation": "None", "depreciationAndAmortization": "29140000", "incomeBeforeTax": "172454000", "incomeTaxExpense": "63067000", "interestAndDebtExpense": "None", "netIncomeFromContinuingOperations": "None", "comprehensiveIncomeNetOfTax": "None", "ebit": "176091000", "ebitda": "205231000", "netIncome": "109570000"}, {"fiscalDateEnding": "2006-12-31", "reportedCurrency": "USD", "grossProfit": "266695000", "totalRevenue": "1087620000", "costOfRevenue": "820925000", "costofGoodsAndServicesSold": "820925000", "operatingIncome": "136401000", "sellingGeneralAndAdministrative": "130294000", "researchAndDevelopment": "32701000", "operatingExpenses": "130294000", "investmentIncomeNet": "None", "netInterestIncome": "None", "interestIncome": "None", "interestExpense": "1586000", "nonInterestIncome": "None", "otherNonOperatingIncome": "None", "depreciation": "None", "depreciationAndAmortization": "25894000", "incomeBeforeTax": "126557000", "incomeTaxExpense": "40063000", "interestAndDebtExpense": "None", "netIncomeFromContinuingOperations": "None", "comprehensiveIncomeNetOfTax": "None", "ebit": "128143000", "ebitda": "154037000", "netIncome": "84804000"}, {"fiscalDateEnding": "2005-12-31", "reportedCurrency": "USD", "grossProfit": "225883000", "totalRevenue": "1034024000", "costOfRevenue": "808141000", "costofGoodsAndServicesSold": "808141000", "operatingIncome": "105387000", "sellingGeneralAndAdministrative": "154458000", "researchAndDevelopment": "32762000", "operatingExpenses": "120496000", "investmentIncomeNet": "None", "netInterestIncome": "None", "interestIncome": "None", "interestExpense": "8686000", "nonInterestIncome": "None", "otherNonOperatingIncome": "None", "depreciation": "None", "depreciationAndAmortization": "25670000", "incomeBeforeTax": "89516000", "incomeTaxExpense": "31831000", "interestAndDebtExpense": "None", "netIncomeFromContinuingOperations": "None", "comprehensiveIncomeNetOfTax": "None", "ebit": "98202000", "ebitda": "123872000", "netIncome": "55776000"}], "quarterlyReports": [{"fiscalDateEnding": "2024-12-31", "reportedCurrency": "USD", "grossProfit": "797000000", "totalRevenue": "2583000000", "costOfRevenue": "1786000000", "costofGoodsAndServicesSold": "1786000000", "operatingIncome": "334000000", "sellingGeneralAndAdministrative": "333000000", "researchAndDevelopment": "51000000", "operatingExpenses": "463000000", "investmentIncomeNet": "None", "netInterestIncome": "-53000000", "interestIncome": "None", "interestExpense": "53000000", "nonInterestIncome": "None", "otherNonOperatingIncome": "None", "depreciation": "None", "depreciationAndAmortization": "-3000000", "incomeBeforeTax": "284000000", "incomeTaxExpense": "71000000", "interestAndDebtExpense": "None", "netIncomeFromContinuingOperations": "213000000", "comprehensiveIncomeNetOfTax": "None", "ebit": "337000000", "ebitda": "334000000", "netIncome": "212000000"}, {"fiscalDateEnding": "2024-09-30", "reportedCurrency": "USD", "grossProfit": "808000000", "totalRevenue": "2663000000", "costOfRevenue": "1855000000", "costofGoodsAndServicesSold": "1855000000", "operatingIncome": "443000000", "sellingGeneralAndAdministrative": "318000000", "researchAndDevelopment": "50000000", "operatingExpenses": "365000000", "investmentIncomeNet": "None", "netInterestIncome": "-52000000", "interestIncome": "None", "interestExpense": "52000000", "nonInterestIncome": "None", "otherNonOperatingIncome": "None", "depreciation": "None", "depreciationAndAmortization": "123000000", "incomeBeforeTax": "378000000", "incomeTaxExpense": "92000000", "interestAndDebtExpense": "None", "netIncomeFromContinuingOperations": "286000000", "comprehensiveIncomeNetOfTax": "None", "ebit": "430000000", "ebitda": "553000000", "netIncome": "283000000"}, {"fiscalDateEnding": "2024-06-30", "reportedCurrency": "USD", "grossProfit": "808000000", "totalRevenue": "2644000000", "costOfRevenue": "1836000000", "costofGoodsAndServicesSold": "1836000000", "operatingIncome": "438000000", "sellingGeneralAndAdministrative": "314000000", "researchAndDevelopment": "57000000", "operatingExpenses": "370000000", "investmentIncomeNet": "None", "netInterestIncome": "-49000000", "interestIncome": "None", "interestExpense": "49000000", "nonInterestIncome": "None", "otherNonOperatingIncome": "None", "depreciation": "None", "depreciationAndAmortization": "117000000", "incomeBeforeTax": "385000000", "incomeTaxExpense": "94000000", "interestAndDebtExpense": "None", "netIncomeFromContinuingOperations": "291000000", "comprehensiveIncomeNetOfTax": "None", "ebit": "434000000", "ebitda": "551000000", "netIncome": "289000000"}, {"fiscalDateEnding": "2024-03-31", "reportedCurrency": "USD", "grossProfit": "747000000", "totalRevenue": "2497000000", "costOfRevenue": "1750000000", "costofGoodsAndServicesSold": "1750000000", "operatingIncome": "422000000", "sellingGeneralAndAdministrative": "281000000", "researchAndDevelopment": "48000000", "operatingExpenses": "325000000", "investmentIncomeNet": "None", "netInterestIncome": "-47000000", "interestIncome": "None", "interestExpense": "47000000", "nonInterestIncome": "None", "otherNonOperatingIncome": "None", "depreciation": "None", "depreciationAndAmortization": "123000000", "incomeBeforeTax": "363000000", "incomeTaxExpense": "86000000", "interestAndDebtExpense": "None", "netIncomeFromContinuingOperations": "277000000", "comprehensiveIncomeNetOfTax": "None", "ebit": "410000000", "ebitda": "533000000", "netIncome": "272000000"}, {"fiscalDateEnding": "2023-12-31", "reportedCurrency": "USD", "grossProfit": "678000000", "totalRevenue": "2526000000", "costOfRevenue": "1848000000", "costofGoodsAndServicesSold": "1848000000", "operatingIncome": "332000000", "sellingGeneralAndAdministrative": "296000000", "researchAndDevelopment": "61000000", "operatingExpenses": "346000000", "investmentIncomeNet": "None", "netInterestIncome": "-55000000", "interestIncome": "None", "interestExpense": "55000000", "nonInterestIncome": "None", "otherNonOperatingIncome": "None", "depreciation": "None", "depreciationAndAmortization": "160000000", "incomeBeforeTax": "280000000", "incomeTaxExpense": "63000000", "interestAndDebtExpense": "None", "netIncomeFromContinuingOperations": "217000000", "comprehensiveIncomeNetOfTax": "None", "ebit": "335000000", "ebitda": "495000000", "netIncome": "215000000"}, {"fiscalDateEnding": "2023-09-30", "reportedCurrency": "USD", "grossProfit": "731000000", "totalRevenue": "2550000000", "costOfRevenue": "1819000000", "costofGoodsAndServicesSold": "1819000000", "operatingIncome": "383000000", "sellingGeneralAndAdministrative": "295000000", "researchAndDevelopment": "53000000", "operatingExpenses": "348000000", "investmentIncomeNet": "None", "netInterestIncome": "-60000000", "interestIncome": "60000000", "interestExpense": "60000000", "nonInterestIncome": "None", "otherNonOperatingIncome": "None", "depreciation": "None", "depreciationAndAmortization": "125000000", "incomeBeforeTax": "320000000", "incomeTaxExpense": "78000000", "interestAndDebtExpense": "None", "netIncomeFromContinuingOperations": "242000000", "comprehensiveIncomeNetOfTax": "None", "ebit": "380000000", "ebitda": "505000000", "netIncome": "240000000"}, {"fiscalDateEnding": "2023-06-30", "reportedCurrency": "USD", "grossProfit": "654000000", "totalRevenue": "2407000000", "costOfRevenue": "1753000000", "costofGoodsAndServicesSold": "1753000000", "operatingIncome": "320000000", "sellingGeneralAndAdministrative": "284000000", "researchAndDevelopment": "53000000", "operatingExpenses": "334000000", "investmentIncomeNet": "None", "netInterestIncome": "-55000000", "interestIncome": "53000000", "interestExpense": "55000000", "nonInterestIncome": "None", "otherNonOperatingIncome": "2000000", "depreciation": "None", "depreciationAndAmortization": "123000000", "incomeBeforeTax": "259000000", "incomeTaxExpense": "66000000", "interestAndDebtExpense": "None", "netIncomeFromContinuingOperations": "193000000", "comprehensiveIncomeNetOfTax": "None", "ebit": "314000000", "ebitda": "437000000", "netIncome": "191000000"}, {"fiscalDateEnding": "2023-03-31", "reportedCurrency": "USD", "grossProfit": "665000000", "totalRevenue": "2194000000", "costOfRevenue": "1529000000", "costofGoodsAndServicesSold": "1529000000", "operatingIncome": "276000000", "sellingGeneralAndAdministrative": "263000000", "researchAndDevelopment": "51000000", "operatingExpenses": "389000000", "investmentIncomeNet": "None", "netInterestIncome": "-48000000", "interestIncome": "45000000", "interestExpense": "48000000", "nonInterestIncome": "None", "otherNonOperatingIncome": "5000000", "depreciation": "None", "depreciationAndAmortization": "111000000", "incomeBeforeTax": "233000000", "incomeTaxExpense": "60000000", "interestAndDebtExpense": "None", "netIncomeFromContinuingOperations": "173000000", "comprehensiveIncomeNetOfTax": "None", "ebit": "281000000", "ebitda": "392000000", "netIncome": "169000000"}, {"fiscalDateEnding": "2022-12-31", "reportedCurrency": "USD", "grossProfit": "652000000", "totalRevenue": "2306000000", "costOfRevenue": "1654000000", "costofGoodsAndServicesSold": "1654000000", "operatingIncome": "247000000", "sellingGeneralAndAdministrative": "272000000", "researchAndDevelopment": "60000000", "operatingExpenses": "405000000", "investmentIncomeNet": "None", "netInterestIncome": "-51000000", "interestIncome": "51000000", "interestExpense": "51000000", "nonInterestIncome": "None", "otherNonOperatingIncome": "14000000", "depreciation": "None", "depreciationAndAmortization": "106000000", "incomeBeforeTax": "210000000", "incomeTaxExpense": "51000000", "interestAndDebtExpense": "None", "netIncomeFromContinuingOperations": "159000000", "comprehensiveIncomeNetOfTax": "None", "ebit": "261000000", "ebitda": "367000000", "netIncome": "158000000"}, {"fiscalDateEnding": "2022-09-30", "reportedCurrency": "USD", "grossProfit": "580000000", "totalRevenue": "2081000000", "costOfRevenue": "1501000000", "costofGoodsAndServicesSold": "1501000000", "operatingIncome": "270000000", "sellingGeneralAndAdministrative": "256000000", "researchAndDevelopment": "54000000", "operatingExpenses": "310000000", "investmentIncomeNet": "None", "netInterestIncome": "-48000000", "interestIncome": "48000000", "interestExpense": "48000000", "nonInterestIncome": "None", "otherNonOperatingIncome": "4000000", "depreciation": "None", "depreciationAndAmortization": "119000000", "incomeBeforeTax": "217000000", "incomeTaxExpense": "54000000", "interestAndDebtExpense": "None", "netIncomeFromContinuingOperations": "163000000", "comprehensiveIncomeNetOfTax": "None", "ebit": "265000000", "ebitda": "384000000", "netIncome": "160000000"}, {"fiscalDateEnding": "2022-06-30", "reportedCurrency": "USD", "grossProfit": "575000000", "totalRevenue": "2048000000", "costOfRevenue": "1473000000", "costofGoodsAndServicesSold": "1473000000", "operatingIncome": "268000000", "sellingGeneralAndAdministrative": "259000000", "researchAndDevelopment": "50000000", "operatingExpenses": "307000000", "investmentIncomeNet": "None", "netInterestIncome": "-44000000", "interestIncome": "39000000", "interestExpense": "44000000", "nonInterestIncome": "None", "otherNonOperatingIncome": "7000000", "depreciation": "None", "depreciationAndAmortization": "118000000", "incomeBeforeTax": "227000000", "incomeTaxExpense": "58000000", "interestAndDebtExpense": "None", "netIncomeFromContinuingOperations": "169000000", "comprehensiveIncomeNetOfTax": "None", "ebit": "271000000", "ebitda": "389000000", "netIncome": "166000000"}, {"fiscalDateEnding": "2022-03-31", "reportedCurrency": "USD", "grossProfit": "527000000", "totalRevenue": "1927000000", "costOfRevenue": "1400000000", "costofGoodsAndServicesSold": "1400000000", "operatingIncome": "246000000", "sellingGeneralAndAdministrative": "238000000", "researchAndDevelopment": "45000000", "operatingExpenses": "281000000", "investmentIncomeNet": "None", "netInterestIncome": "-43000000", "interestIncome": "40000000", "interestExpense": "43000000", "nonInterestIncome": "None", "otherNonOperatingIncome": "4000000", "depreciation": "None", "depreciationAndAmortization": "122000000", "incomeBeforeTax": "200000000", "incomeTaxExpense": "50000000", "interestAndDebtExpense": "None", "netIncomeFromContinuingOperations": "150000000", "comprehensiveIncomeNetOfTax": "None", "ebit": "243000000", "ebitda": "365000000", "netIncome": "149000000"}, {"fiscalDateEnding": "2021-12-31", "reportedCurrency": "USD", "grossProfit": "585000000", "totalRevenue": "2073000000", "costOfRevenue": "1488000000", "costofGoodsAndServicesSold": "1488000000", "operatingIncome": "262000000", "sellingGeneralAndAdministrative": "263500000", "researchAndDevelopment": "52000000", "operatingExpenses": "323000000", "investmentIncomeNet": "None", "netInterestIncome": "-42300000", "interestIncome": "32200000", "interestExpense": "42000000", "nonInterestIncome": "None", "otherNonOperatingIncome": "13000000", "depreciation": "None", "depreciationAndAmortization": "122400000", "incomeBeforeTax": "235000000", "incomeTaxExpense": "42000000", "interestAndDebtExpense": "None", "netIncomeFromContinuingOperations": "193300000", "comprehensiveIncomeNetOfTax": "None", "ebit": "277000000", "ebitda": "399400000", "netIncome": "190200000"}, {"fiscalDateEnding": "2021-09-30", "reportedCurrency": "USD", "grossProfit": "552800000", "totalRevenue": "1906900000", "costOfRevenue": "1354100000", "costofGoodsAndServicesSold": "1354100000", "operatingIncome": "252000000", "sellingGeneralAndAdministrative": "269000000", "researchAndDevelopment": "43800000", "operatingExpenses": "300800000", "investmentIncomeNet": "None", "netInterestIncome": "-42200000", "interestIncome": "42500000", "interestExpense": "42200000", "nonInterestIncome": "None", "otherNonOperatingIncome": "500000", "depreciation": "None", "depreciationAndAmortization": "122300000", "incomeBeforeTax": "175300000", "incomeTaxExpense": "43500000", "interestAndDebtExpense": "None", "netIncomeFromContinuingOperations": "131800000", "comprehensiveIncomeNetOfTax": "None", "ebit": "94700000", "ebitda": "217000000", "netIncome": "130800000"}, {"fiscalDateEnding": "2021-06-30", "reportedCurrency": "USD", "grossProfit": "528400000", "totalRevenue": "2012300000", "costOfRevenue": "1483900000", "costofGoodsAndServicesSold": "1483900000", "operatingIncome": "233300000", "sellingGeneralAndAdministrative": "262100000", "researchAndDevelopment": "42000000", "operatingExpenses": "295100000", "investmentIncomeNet": "None", "netInterestIncome": "-44900000", "interestIncome": "42600000", "interestExpense": "44900000", "nonInterestIncome": "None", "otherNonOperatingIncome": "10300000", "depreciation": "None", "depreciationAndAmortization": "126300000", "incomeBeforeTax": "168700000", "incomeTaxExpense": "43500000", "interestAndDebtExpense": "None", "netIncomeFromContinuingOperations": "125200000", "comprehensiveIncomeNetOfTax": "None", "ebit": "213600000", "ebitda": "339900000", "netIncome": "124700000"}, {"fiscalDateEnding": "2021-03-31", "reportedCurrency": "USD", "grossProfit": "468700000", "totalRevenue": "1830200000", "costOfRevenue": "1361500000", "costofGoodsAndServicesSold": "1361500000", "operatingIncome": "206600000", "sellingGeneralAndAdministrative": "235400000", "researchAndDevelopment": "37700000", "operatingExpenses": "262100000", "investmentIncomeNet": "None", "netInterestIncome": "-47600000", "interestIncome": "58900000", "interestExpense": "47600000", "nonInterestIncome": "None", "otherNonOperatingIncome": "14200000", "depreciation": "None", "depreciationAndAmortization": "120000000", "incomeBeforeTax": "158200000", "incomeTaxExpense": "43500000", "interestAndDebtExpense": "None", "netIncomeFromContinuingOperations": "114700000", "comprehensiveIncomeNetOfTax": "None", "ebit": "205800000", "ebitda": "325800000", "netIncome": "111700000"}, {"fiscalDateEnding": "2020-12-31", "reportedCurrency": "USD", "grossProfit": "455700000", "totalRevenue": "2023700000", "costOfRevenue": "1568000000", "costofGoodsAndServicesSold": "1568000000", "operatingIncome": "212100000", "sellingGeneralAndAdministrative": "948000000", "researchAndDevelopment": "38400000", "operatingExpenses": "243600000", "investmentIncomeNet": "None", "netInterestIncome": "-48600000", "interestIncome": "48600000", "interestExpense": "48600000", "nonInterestIncome": "None", "otherNonOperatingIncome": "5800000", "depreciation": "None", "depreciationAndAmortization": "120000000", "incomeBeforeTax": "118300000", "incomeTaxExpense": "31500000", "interestAndDebtExpense": "None", "netIncomeFromContinuingOperations": "86800000", "comprehensiveIncomeNetOfTax": "None", "ebit": "166900000", "ebitda": "286900000", "netIncome": "87900000"}, {"fiscalDateEnding": "2020-09-30", "reportedCurrency": "USD", "grossProfit": "500900000", "totalRevenue": "1865100000", "costOfRevenue": "1364200000", "costofGoodsAndServicesSold": "1364200000", "operatingIncome": "223700000", "sellingGeneralAndAdministrative": "252000000", "researchAndDevelopment": "36500000", "operatingExpenses": "277200000", "investmentIncomeNet": "None", "netInterestIncome": "-45600000", "interestIncome": "57600000", "interestExpense": "45600000", "nonInterestIncome": "None", "otherNonOperatingIncome": "14300000", "depreciation": "None", "depreciationAndAmortization": "119600000", "incomeBeforeTax": "175400000", "incomeTaxExpense": "46900000", "interestAndDebtExpense": "None", "netIncomeFromContinuingOperations": "128500000", "comprehensiveIncomeNetOfTax": "None", "ebit": "221000000", "ebitda": "340600000", "netIncome": "127900000"}, {"fiscalDateEnding": "2020-06-30", "reportedCurrency": "USD", "grossProfit": "431400000", "totalRevenue": "1737400000", "costOfRevenue": "1306000000", "costofGoodsAndServicesSold": "1306000000", "operatingIncome": "189400000", "sellingGeneralAndAdministrative": "216800000", "researchAndDevelopment": "38200000", "operatingExpenses": "242000000", "investmentIncomeNet": "None", "netInterestIncome": "-51400000", "interestIncome": "49700000", "interestExpense": "51400000", "nonInterestIncome": "None", "otherNonOperatingIncome": "6300000", "depreciation": "None", "depreciationAndAmortization": "117900000", "incomeBeforeTax": "114300000", "incomeTaxExpense": "28500000", "interestAndDebtExpense": "None", "netIncomeFromContinuingOperations": "85800000", "comprehensiveIncomeNetOfTax": "None", "ebit": "165700000", "ebitda": "283600000", "netIncome": "86600000"}, {"fiscalDateEnding": "2020-03-31", "reportedCurrency": "USD", "grossProfit": "509700000", "totalRevenue": "1929900000", "costOfRevenue": "1420200000", "costofGoodsAndServicesSold": "1420200000", "operatingIncome": "233300000", "sellingGeneralAndAdministrative": "243400000", "researchAndDevelopment": "49000000", "operatingExpenses": "276400000", "investmentIncomeNet": "None", "netInterestIncome": "-53300000", "interestIncome": "68000000", "interestExpense": "53300000", "nonInterestIncome": "None", "otherNonOperatingIncome": "-14800000", "depreciation": "None", "depreciationAndAmortization": "115800000", "incomeBeforeTax": "149200000", "incomeTaxExpense": "38000000", "interestAndDebtExpense": "None", "netIncomeFromContinuingOperations": "111200000", "comprehensiveIncomeNetOfTax": "None", "ebit": "202500000", "ebitda": "318300000", "netIncome": "111200000"}, {"fiscalDateEnding": "2019-12-31", "reportedCurrency": "USD", "grossProfit": "619400000", "totalRevenue": "2368400000", "costOfRevenue": "1749000000", "costofGoodsAndServicesSold": "1749000000", "operatingIncome": "407700000", "sellingGeneralAndAdministrative": "323700000", "researchAndDevelopment": "59600000", "operatingExpenses": "211700000", "investmentIncomeNet": "None", "netInterestIncome": "-58300000", "interestIncome": "50500000", "interestExpense": "58300000", "nonInterestIncome": "None", "otherNonOperatingIncome": "2800000", "depreciation": "None", "depreciationAndAmortization": "112100000", "incomeBeforeTax": "174700000", "incomeTaxExpense": "37700000", "interestAndDebtExpense": "None", "netIncomeFromContinuingOperations": "137059000", "comprehensiveIncomeNetOfTax": "None", "ebit": "233000000", "ebitda": "345100000", "netIncome": "134800000"}, {"fiscalDateEnding": "2019-09-30", "reportedCurrency": "USD", "grossProfit": "546900000", "totalRevenue": "2001700000", "costOfRevenue": "1454800000", "costofGoodsAndServicesSold": "1454800000", "operatingIncome": "199200000", "sellingGeneralAndAdministrative": "292200000", "researchAndDevelopment": "58600000", "operatingExpenses": "347700000", "investmentIncomeNet": "None", "netInterestIncome": "-57700000", "interestIncome": "59100000", "interestExpense": "57700000", "nonInterestIncome": "None", "otherNonOperatingIncome": "None", "depreciation": "None", "depreciationAndAmortization": "124236000", "incomeBeforeTax": "113300000", "incomeTaxExpense": "22700000", "interestAndDebtExpense": "None", "netIncomeFromContinuingOperations": "90600000", "comprehensiveIncomeNetOfTax": "None", "ebit": "171000000", "ebitda": "295236000", "netIncome": "91100000"}, {"fiscalDateEnding": "2019-06-30", "reportedCurrency": "USD", "grossProfit": "548716000", "totalRevenue": "2236284000", "costOfRevenue": "1687568000", "costofGoodsAndServicesSold": "1687568000", "operatingIncome": "197037000", "sellingGeneralAndAdministrative": "290959000", "researchAndDevelopment": "57120000", "operatingExpenses": "351679000", "investmentIncomeNet": "None", "netInterestIncome": "-58560000", "interestIncome": "58659000", "interestExpense": "58560000", "nonInterestIncome": "None", "otherNonOperatingIncome": "None", "depreciation": "None", "depreciationAndAmortization": "109102000", "incomeBeforeTax": "144254000", "incomeTaxExpense": "41400000", "interestAndDebtExpense": "None", "netIncomeFromContinuingOperations": "102854000", "comprehensiveIncomeNetOfTax": "None", "ebit": "202814000", "ebitda": "311916000", "netIncome": "103365000"}, {"fiscalDateEnding": "2019-03-31", "reportedCurrency": "USD", "grossProfit": "361575000", "totalRevenue": "1593617000", "costOfRevenue": "1232042000", "costofGoodsAndServicesSold": "1232042000", "operatingIncome": "126207000", "sellingGeneralAndAdministrative": "259723000", "researchAndDevelopment": "34545000", "operatingExpenses": "235368000", "investmentIncomeNet": "None", "netInterestIncome": "-44569000", "interestIncome": "56322000", "interestExpense": "44569000", "nonInterestIncome": "None", "otherNonOperatingIncome": "None", "depreciation": "None", "depreciationAndAmortization": "55962000", "incomeBeforeTax": "14510000", "incomeTaxExpense": "18523000", "interestAndDebtExpense": "None", "netIncomeFromContinuingOperations": "-4013000", "comprehensiveIncomeNetOfTax": "None", "ebit": "59079000", "ebitda": "115041000", "netIncome": "-4472000"}, {"fiscalDateEnding": "2018-12-31", "reportedCurrency": "USD", "grossProfit": "287384000", "totalRevenue": "1117876000", "costOfRevenue": "830492000", "costofGoodsAndServicesSold": "830492000", "operatingIncome": "116856000", "sellingGeneralAndAdministrative": "168047000", "researchAndDevelopment": "25881000", "operatingExpenses": "170528000", "investmentIncomeNet": "None", "netInterestIncome": "None", "interestIncome": "None", "interestExpense": "10633000", "nonInterestIncome": "None", "otherNonOperatingIncome": "None", "depreciation": "None", "depreciationAndAmortization": "26323000", "incomeBeforeTax": "57560000", "incomeTaxExpense": "22654000", "interestAndDebtExpense": "None", "netIncomeFromContinuingOperations": "34906000", "comprehensiveIncomeNetOfTax": "None", "ebit": "68193000", "ebitda": "94516000", "netIncome": "34354000"}, {"fiscalDateEnding": "2018-09-30", "reportedCurrency": "USD", "grossProfit": "292150000", "totalRevenue": "1077814000", "costOfRevenue": "785664000", "costofGoodsAndServicesSold": "785664000", "operatingIncome": "134279000", "sellingGeneralAndAdministrative": "146839000", "researchAndDevelopment": "20132000", "operatingExpenses": "157871000", "investmentIncomeNet": "None", "netInterestIncome": "None", "interestIncome": "None", "interestExpense": "28628000", "nonInterestIncome": "None", "otherNonOperatingIncome": "None", "depreciation": "None", "depreciationAndAmortization": "29747000", "incomeBeforeTax": "102667000", "incomeTaxExpense": "16598000", "interestAndDebtExpense": "None", "netIncomeFromContinuingOperations": "86069000", "comprehensiveIncomeNetOfTax": "None", "ebit": "131295000", "ebitda": "161042000", "netIncome": "87700000"}, {"fiscalDateEnding": "2018-06-30", "reportedCurrency": "USD", "grossProfit": "314068000", "totalRevenue": "1111680000", "costOfRevenue": "797612000", "costofGoodsAndServicesSold": "797612000", "operatingIncome": "135523000", "sellingGeneralAndAdministrative": "171157000", "researchAndDevelopment": "19388000", "operatingExpenses": "178545000", "investmentIncomeNet": "None", "netInterestIncome": "None", "interestIncome": "None", "interestExpense": "32095999", "nonInterestIncome": "None", "otherNonOperatingIncome": "None", "depreciation": "None", "depreciationAndAmortization": "25373000", "incomeBeforeTax": "93774000", "incomeTaxExpense": "10503000", "interestAndDebtExpense": "None", "netIncomeFromContinuingOperations": "83271000", "comprehensiveIncomeNetOfTax": "None", "ebit": "126550000", "ebitda": "151923000", "netIncome": "84163000"}, {"fiscalDateEnding": "2018-03-31", "reportedCurrency": "USD", "grossProfit": "300529000", "totalRevenue": "1056177000", "costOfRevenue": "755648000", "costofGoodsAndServicesSold": "755648000", "operatingIncome": "136179000", "sellingGeneralAndAdministrative": "147201000", "researchAndDevelopment": "22049000", "operatingExpenses": "164350000", "investmentIncomeNet": "None", "netInterestIncome": "None", "interestIncome": "None", "interestExpense": "19605000", "nonInterestIncome": "None", "otherNonOperatingIncome": "None", "depreciation": "None", "depreciationAndAmortization": "27854000", "incomeBeforeTax": "113581000", "incomeTaxExpense": "26124000", "interestAndDebtExpense": "None", "netIncomeFromContinuingOperations": "87457000", "comprehensiveIncomeNetOfTax": "None", "ebit": "134302000", "ebitda": "162156000", "netIncome": "88101000"}, {"fiscalDateEnding": "2017-12-31", "reportedCurrency": "USD", "grossProfit": "258963000", "totalRevenue": "1075538000", "costOfRevenue": "816575000", "costofGoodsAndServicesSold": "816575000", "operatingIncome": "102463000", "sellingGeneralAndAdministrative": "144145000", "researchAndDevelopment": "23655000", "operatingExpenses": "156500000", "investmentIncomeNet": "None", "netInterestIncome": "None", "interestIncome": "None", "interestExpense": "18932000", "nonInterestIncome": "None", "otherNonOperatingIncome": "None", "depreciation": "None", "depreciationAndAmortization": "26278000", "incomeBeforeTax": "74684000", "incomeTaxExpense": "24997000", "interestAndDebtExpense": "None", "netIncomeFromContinuingOperations": "49687000", "comprehensiveIncomeNetOfTax": "None", "ebit": "117408000", "ebitda": "143686000", "netIncome": "49443000"}, {"fiscalDateEnding": "2017-09-30", "reportedCurrency": "USD", "grossProfit": "244558000", "totalRevenue": "957931000", "costOfRevenue": "713373000", "costofGoodsAndServicesSold": "713373000", "operatingIncome": "163411000", "sellingGeneralAndAdministrative": "117838000", "researchAndDevelopment": "24709000", "operatingExpenses": "81147000", "investmentIncomeNet": "None", "netInterestIncome": "None", "interestIncome": "None", "interestExpense": "17396000", "nonInterestIncome": "None", "otherNonOperatingIncome": "None", "depreciation": "None", "depreciationAndAmortization": "25919000", "incomeBeforeTax": "81185000", "incomeTaxExpense": "12746000", "interestAndDebtExpense": "None", "netIncomeFromContinuingOperations": "68439000", "comprehensiveIncomeNetOfTax": "None", "ebit": "108856000", "ebitda": "134775000", "netIncome": "67198000"}, {"fiscalDateEnding": "2017-06-30", "reportedCurrency": "USD", "grossProfit": "264613000", "totalRevenue": "932253000", "costOfRevenue": "667640000", "costofGoodsAndServicesSold": "667640000", "operatingIncome": "165601000", "sellingGeneralAndAdministrative": "127574000", "researchAndDevelopment": "23338000", "operatingExpenses": "99012000", "investmentIncomeNet": "None", "netInterestIncome": "None", "interestIncome": "None", "interestExpense": "14854000", "nonInterestIncome": "None", "otherNonOperatingIncome": "None", "depreciation": "None", "depreciationAndAmortization": "25822000", "incomeBeforeTax": "96729000", "incomeTaxExpense": "24569000", "interestAndDebtExpense": "None", "netIncomeFromContinuingOperations": "72160000", "comprehensiveIncomeNetOfTax": "None", "ebit": "123745000", "ebitda": "149567000", "netIncome": "71809000"}, {"fiscalDateEnding": "2017-03-31", "reportedCurrency": "USD", "grossProfit": "260663000", "totalRevenue": "916034000", "costOfRevenue": "655371000", "costofGoodsAndServicesSold": "655371000", "operatingIncome": "172558000", "sellingGeneralAndAdministrative": "122341000", "researchAndDevelopment": "23464000", "operatingExpenses": "88105000", "investmentIncomeNet": "None", "netInterestIncome": "None", "interestIncome": "None", "interestExpense": "17123000", "nonInterestIncome": "None", "otherNonOperatingIncome": "2319000", "depreciation": "None", "depreciationAndAmortization": "25229000", "incomeBeforeTax": "99465000", "incomeTaxExpense": "27461000", "interestAndDebtExpense": "None", "netIncomeFromContinuingOperations": "72004000", "comprehensiveIncomeNetOfTax": "None", "ebit": "118204000", "ebitda": "143433000", "netIncome": "73666000"}, {"fiscalDateEnding": "2016-12-31", "reportedCurrency": "USD", "grossProfit": "212591000", "totalRevenue": "759982000", "costOfRevenue": "547391000", "costofGoodsAndServicesSold": "547391000", "operatingIncome": "92300000", "sellingGeneralAndAdministrative": "130687000", "researchAndDevelopment": "19104000", "operatingExpenses": "120291000", "investmentIncomeNet": "None", "netInterestIncome": "None", "interestIncome": "None", "interestExpense": "27272000", "nonInterestIncome": "None", "otherNonOperatingIncome": "None", "depreciation": "None", "depreciationAndAmortization": "20420000", "incomeBeforeTax": "33060000", "incomeTaxExpense": "-13268000", "interestAndDebtExpense": "None", "netIncomeFromContinuingOperations": "46328000", "comprehensiveIncomeNetOfTax": "None", "ebit": "107100000", "ebitda": "127520000", "netIncome": "37699000"}, {"fiscalDateEnding": "2016-09-30", "reportedCurrency": "USD", "grossProfit": "207142000", "totalRevenue": "675574000", "costOfRevenue": "468432000", "costofGoodsAndServicesSold": "468432000", "operatingIncome": "123696000", "sellingGeneralAndAdministrative": "70757000", "researchAndDevelopment": "16289000", "operatingExpenses": "83446000", "investmentIncomeNet": "None", "netInterestIncome": "None", "interestIncome": "None", "interestExpense": "6395000", "nonInterestIncome": "None", "otherNonOperatingIncome": "1188000", "depreciation": "None", "depreciationAndAmortization": "16282000", "incomeBeforeTax": "115227000", "incomeTaxExpense": "32799000", "interestAndDebtExpense": "None", "netIncomeFromContinuingOperations": "82428000", "comprehensiveIncomeNetOfTax": "None", "ebit": "120096000", "ebitda": "136378000", "netIncome": "82183000"}, {"fiscalDateEnding": "2016-06-30", "reportedCurrency": "USD", "grossProfit": "237389000", "totalRevenue": "723601000", "costOfRevenue": "486212000", "costofGoodsAndServicesSold": "486212000", "operatingIncome": "133284000", "sellingGeneralAndAdministrative": "80610000", "researchAndDevelopment": "18029000", "operatingExpenses": "104105000", "investmentIncomeNet": "None", "netInterestIncome": "None", "interestIncome": "None", "interestExpense": "4969000", "nonInterestIncome": "None", "otherNonOperatingIncome": "-1229000", "depreciation": "None", "depreciationAndAmortization": "5466000", "incomeBeforeTax": "127086000", "incomeTaxExpense": "36601000", "interestAndDebtExpense": "None", "netIncomeFromContinuingOperations": "90485000", "comprehensiveIncomeNetOfTax": "None", "ebit": "144679000", "ebitda": "150145000", "netIncome": "90215000"}, {"fiscalDateEnding": "2016-03-31", "reportedCurrency": "USD", "grossProfit": "255180000", "totalRevenue": "772031000", "costOfRevenue": "516851000", "costofGoodsAndServicesSold": "516851000", "operatingIncome": "142181000", "sellingGeneralAndAdministrative": "89751000", "researchAndDevelopment": "17953000", "operatingExpenses": "112999000", "investmentIncomeNet": "None", "netInterestIncome": "None", "interestIncome": "None", "interestExpense": "4871000", "nonInterestIncome": "None", "otherNonOperatingIncome": "154000", "depreciation": "None", "depreciationAndAmortization": "5295000", "incomeBeforeTax": "137464000", "incomeTaxExpense": "43301000", "interestAndDebtExpense": "None", "netIncomeFromContinuingOperations": "94163000", "comprehensiveIncomeNetOfTax": "None", "ebit": "153118000", "ebitda": "158413000", "netIncome": "93880000"}, {"fiscalDateEnding": "2015-12-31", "reportedCurrency": "USD", "grossProfit": "267628000", "totalRevenue": "832849000", "costOfRevenue": "565221000", "costofGoodsAndServicesSold": "565221000", "operatingIncome": "151209000", "sellingGeneralAndAdministrative": "91404000", "researchAndDevelopment": "19361000", "operatingExpenses": "116419000", "investmentIncomeNet": "None", "netInterestIncome": "None", "interestIncome": "None", "interestExpense": "4190000", "nonInterestIncome": "None", "otherNonOperatingIncome": "2379000", "depreciation": "None", "depreciationAndAmortization": "5654000", "incomeBeforeTax": "149398000", "incomeTaxExpense": "47619000", "interestAndDebtExpense": "None", "netIncomeFromContinuingOperations": "101779000", "comprehensiveIncomeNetOfTax": "None", "ebit": "162122000", "ebitda": "167776000", "netIncome": "101474000"}, {"fiscalDateEnding": "2015-09-30", "reportedCurrency": "USD", "grossProfit": "257069000", "totalRevenue": "809527000", "costOfRevenue": "552458000", "costofGoodsAndServicesSold": "552458000", "operatingIncome": "152078000", "sellingGeneralAndAdministrative": "82206000", "researchAndDevelopment": "17239000", "operatingExpenses": "104991000", "investmentIncomeNet": "None", "netInterestIncome": "None", "interestIncome": "None", "interestExpense": "4351000", "nonInterestIncome": "None", "otherNonOperatingIncome": "-2937000", "depreciation": "None", "depreciationAndAmortization": "5546000", "incomeBeforeTax": "144790000", "incomeTaxExpense": "45609000", "interestAndDebtExpense": "None", "netIncomeFromContinuingOperations": "99181000", "comprehensiveIncomeNetOfTax": "None", "ebit": "163087000", "ebitda": "168633000", "netIncome": "98885000"}, {"fiscalDateEnding": "2015-06-30", "reportedCurrency": "USD", "grossProfit": "267764000", "totalRevenue": "847028000", "costOfRevenue": "579264000", "costofGoodsAndServicesSold": "579264000", "operatingIncome": "155860000", "sellingGeneralAndAdministrative": "88992000", "researchAndDevelopment": "17750000", "operatingExpenses": "111904000", "investmentIncomeNet": "None", "netInterestIncome": "None", "interestIncome": "None", "interestExpense": "4041000", "nonInterestIncome": "None", "otherNonOperatingIncome": "-1887000", "depreciation": "None", "depreciationAndAmortization": "16043000", "incomeBeforeTax": "149932000", "incomeTaxExpense": "48428000", "interestAndDebtExpense": "None", "netIncomeFromContinuingOperations": "101504000", "comprehensiveIncomeNetOfTax": "None", "ebit": "155860000", "ebitda": "171903000", "netIncome": "101200000"}, {"fiscalDateEnding": "2015-03-31", "reportedCurrency": "USD", "grossProfit": "255355000", "totalRevenue": "818594000", "costOfRevenue": "563239000", "costofGoodsAndServicesSold": "563239000", "operatingIncome": "148420000", "sellingGeneralAndAdministrative": "84771000", "researchAndDevelopment": "16863000", "operatingExpenses": "106935000", "investmentIncomeNet": "None", "netInterestIncome": "None", "interestIncome": "None", "interestExpense": "4306000", "nonInterestIncome": "None", "otherNonOperatingIncome": "-2866000", "depreciation": "None", "depreciationAndAmortization": "5301000", "incomeBeforeTax": "141248000", "incomeTaxExpense": "45084000", "interestAndDebtExpense": "None", "netIncomeFromContinuingOperations": "96164000", "comprehensiveIncomeNetOfTax": "None", "ebit": "158688000", "ebitda": "163989000", "netIncome": "95780000"}, {"fiscalDateEnding": "2014-12-31", "reportedCurrency": "USD", "grossProfit": "254297000", "totalRevenue": "820866000", "costOfRevenue": "566569000", "costofGoodsAndServicesSold": "566569000", "operatingIncome": "136963000", "sellingGeneralAndAdministrative": "93117000", "researchAndDevelopment": "18328000", "operatingExpenses": "117334000", "investmentIncomeNet": "None", "netInterestIncome": "None", "interestIncome": "None", "interestExpense": "4005000", "nonInterestIncome": "None", "otherNonOperatingIncome": "-1752000", "depreciation": "None", "depreciationAndAmortization": "5889000", "incomeBeforeTax": "131206000", "incomeTaxExpense": "38520000", "interestAndDebtExpense": "None", "netIncomeFromContinuingOperations": "92686000", "comprehensiveIncomeNetOfTax": "None", "ebit": "147358000", "ebitda": "153247000", "netIncome": "92686000"}, {"fiscalDateEnding": "2014-09-30", "reportedCurrency": "USD", "grossProfit": "247458000", "totalRevenue": "797271000", "costOfRevenue": "549813000", "costofGoodsAndServicesSold": "549813000", "operatingIncome": "135977000", "sellingGeneralAndAdministrative": "88359000", "researchAndDevelopment": "16391000", "operatingExpenses": "111481000", "investmentIncomeNet": "None", "netInterestIncome": "None", "interestIncome": "None", "interestExpense": "4594000", "nonInterestIncome": "None", "otherNonOperatingIncome": "-154000", "depreciation": "None", "depreciationAndAmortization": "17115000", "incomeBeforeTax": "131229000", "incomeTaxExpense": "41074000", "interestAndDebtExpense": "None", "netIncomeFromContinuingOperations": "90155000", "comprehensiveIncomeNetOfTax": "None", "ebit": "135977000", "ebitda": "153092000", "netIncome": "89797000"}, {"fiscalDateEnding": "2014-06-30", "reportedCurrency": "USD", "grossProfit": "224658000", "totalRevenue": "731068000", "costOfRevenue": "506410000", "costofGoodsAndServicesSold": "506410000", "operatingIncome": "132323000", "sellingGeneralAndAdministrative": "72982000", "researchAndDevelopment": "14221000", "operatingExpenses": "92335000", "investmentIncomeNet": "None", "netInterestIncome": "None", "interestIncome": "None", "interestExpense": "4525000", "nonInterestIncome": "None", "otherNonOperatingIncome": "243000", "depreciation": "None", "depreciationAndAmortization": "5132000", "incomeBeforeTax": "128041000", "incomeTaxExpense": "39336000", "interestAndDebtExpense": "None", "netIncomeFromContinuingOperations": "88705000", "comprehensiveIncomeNetOfTax": "None", "ebit": "141475000", "ebitda": "146607000", "netIncome": "88352000"}, {"fiscalDateEnding": "2014-03-31", "reportedCurrency": "USD", "grossProfit": "209569000", "totalRevenue": "695249000", "costOfRevenue": "485680000", "costofGoodsAndServicesSold": "485680000", "operatingIncome": "121846000", "sellingGeneralAndAdministrative": "70081000", "researchAndDevelopment": "12946000", "operatingExpenses": "87723000", "investmentIncomeNet": "None", "netInterestIncome": "None", "interestIncome": "None", "interestExpense": "4450000", "nonInterestIncome": "None", "otherNonOperatingIncome": "-17000", "depreciation": "None", "depreciationAndAmortization": "4696000", "incomeBeforeTax": "117379000", "incomeTaxExpense": "37245000", "interestAndDebtExpense": "None", "netIncomeFromContinuingOperations": "80134000", "comprehensiveIncomeNetOfTax": "None", "ebit": "130728000", "ebitda": "135424000", "netIncome": "79734000"}, {"fiscalDateEnding": "2013-12-31", "reportedCurrency": "USD", "grossProfit": "200125000", "totalRevenue": "681482000", "costOfRevenue": "481357000", "costofGoodsAndServicesSold": "481357000", "operatingIncome": "111218000", "sellingGeneralAndAdministrative": "71142000", "researchAndDevelopment": "12754000", "operatingExpenses": "88907000", "investmentIncomeNet": "None", "netInterestIncome": "None", "interestIncome": "None", "interestExpense": "4627000", "nonInterestIncome": "None", "otherNonOperatingIncome": "None", "depreciation": "None", "depreciationAndAmortization": "5011000", "incomeBeforeTax": "107542000", "incomeTaxExpense": "33501000", "interestAndDebtExpense": "None", "netIncomeFromContinuingOperations": "0", "comprehensiveIncomeNetOfTax": "None", "ebit": "116365000", "ebitda": "121376000", "netIncome": "73671000"}, {"fiscalDateEnding": "2013-09-30", "reportedCurrency": "USD", "grossProfit": "188133000", "totalRevenue": "631398000", "costOfRevenue": "443265000", "costofGoodsAndServicesSold": "443265000", "operatingIncome": "109871000", "sellingGeneralAndAdministrative": "63402000", "researchAndDevelopment": "10921000", "operatingExpenses": "78262000", "investmentIncomeNet": "None", "netInterestIncome": "None", "interestIncome": "None", "interestExpense": "3829000", "nonInterestIncome": "None", "otherNonOperatingIncome": "None", "depreciation": "None", "depreciationAndAmortization": "3939000", "incomeBeforeTax": "104384000", "incomeTaxExpense": "30441000", "interestAndDebtExpense": "None", "netIncomeFromContinuingOperations": "0", "comprehensiveIncomeNetOfTax": "None", "ebit": "118048000", "ebitda": "121987000", "netIncome": "73646000"}, {"fiscalDateEnding": "2013-06-30", "reportedCurrency": "USD", "grossProfit": "192881000", "totalRevenue": "638002000", "costOfRevenue": "445121000", "costofGoodsAndServicesSold": "445121000", "operatingIncome": "112554000", "sellingGeneralAndAdministrative": "63874000", "researchAndDevelopment": "11280000", "operatingExpenses": "80327000", "investmentIncomeNet": "None", "netInterestIncome": "None", "interestIncome": "None", "interestExpense": "3271000", "nonInterestIncome": "None", "otherNonOperatingIncome": "None", "depreciation": "None", "depreciationAndAmortization": "5173000", "incomeBeforeTax": "109689000", "incomeTaxExpense": "35051000", "interestAndDebtExpense": "None", "netIncomeFromContinuingOperations": "0", "comprehensiveIncomeNetOfTax": "None", "ebit": "112960000", "ebitda": "118133000", "netIncome": "74338000"}, {"fiscalDateEnding": "2013-03-31", "reportedCurrency": "USD", "grossProfit": "182888000", "totalRevenue": "615510000", "costOfRevenue": "432622000", "costofGoodsAndServicesSold": "432622000", "operatingIncome": "103667000", "sellingGeneralAndAdministrative": "64300000", "researchAndDevelopment": "11334000", "operatingExpenses": "79221000", "investmentIncomeNet": "None", "netInterestIncome": "None", "interestIncome": "None", "interestExpense": "3614000", "nonInterestIncome": "None", "otherNonOperatingIncome": "-581000", "depreciation": "None", "depreciationAndAmortization": "3587000", "incomeBeforeTax": "99472000", "incomeTaxExpense": "29859000", "interestAndDebtExpense": "None", "netIncomeFromContinuingOperations": "69613000", "comprehensiveIncomeNetOfTax": "None", "ebit": "110669000", "ebitda": "114256000", "netIncome": "69265000"}, {"fiscalDateEnding": "2012-12-31", "reportedCurrency": "USD", "grossProfit": "180480000", "totalRevenue": "610400000", "costOfRevenue": "429920000", "costofGoodsAndServicesSold": "429920000", "operatingIncome": "100462000", "sellingGeneralAndAdministrative": "64774000", "researchAndDevelopment": "10260000", "operatingExpenses": "80018000", "investmentIncomeNet": "None", "netInterestIncome": "None", "interestIncome": "None", "interestExpense": "3948000", "nonInterestIncome": "None", "otherNonOperatingIncome": "None", "depreciation": "None", "depreciationAndAmortization": "4984000", "incomeBeforeTax": "97128000", "incomeTaxExpense": "32363000", "interestAndDebtExpense": "None", "netIncomeFromContinuingOperations": "0", "comprehensiveIncomeNetOfTax": "None", "ebit": "101076000", "ebitda": "106060000", "netIncome": "64765000"}, {"fiscalDateEnding": "2012-09-30", "reportedCurrency": "USD", "grossProfit": "171279000", "totalRevenue": "587593000", "costOfRevenue": "416314000", "costofGoodsAndServicesSold": "416314000", "operatingIncome": "96842000", "sellingGeneralAndAdministrative": "59743000", "researchAndDevelopment": "10753000", "operatingExpenses": "74437000", "investmentIncomeNet": "None", "netInterestIncome": "None", "interestIncome": "None", "interestExpense": "3070000", "nonInterestIncome": "None", "otherNonOperatingIncome": "None", "depreciation": "None", "depreciationAndAmortization": "3941000", "incomeBeforeTax": "92379000", "incomeTaxExpense": "29385000", "interestAndDebtExpense": "None", "netIncomeFromContinuingOperations": "0", "comprehensiveIncomeNetOfTax": "None", "ebit": "98235000", "ebitda": "102176000", "netIncome": "62685000"}, {"fiscalDateEnding": "2012-06-30", "reportedCurrency": "USD", "grossProfit": "173427000", "totalRevenue": "609820000", "costOfRevenue": "436393000", "costofGoodsAndServicesSold": "436393000", "operatingIncome": "100865000", "sellingGeneralAndAdministrative": "59163000", "researchAndDevelopment": "10145000", "operatingExpenses": "72562000", "investmentIncomeNet": "None", "netInterestIncome": "None", "interestIncome": "None", "interestExpense": "3509000", "nonInterestIncome": "None", "otherNonOperatingIncome": "None", "depreciation": "None", "depreciationAndAmortization": "3254000", "incomeBeforeTax": "97579000", "incomeTaxExpense": "32867000", "interestAndDebtExpense": "None", "netIncomeFromContinuingOperations": "0", "comprehensiveIncomeNetOfTax": "None", "ebit": "100642000", "ebitda": "103896000", "netIncome": "64389000"}, {"fiscalDateEnding": "2012-03-31", "reportedCurrency": "USD", "grossProfit": "169381000", "totalRevenue": "583309000", "costOfRevenue": "413928000", "costofGoodsAndServicesSold": "413928000", "operatingIncome": "94110000", "sellingGeneralAndAdministrative": "62029000", "researchAndDevelopment": "10149000", "operatingExpenses": "75271000", "investmentIncomeNet": "None", "netInterestIncome": "None", "interestIncome": "None", "interestExpense": "3724000", "nonInterestIncome": "None", "otherNonOperatingIncome": "None", "depreciation": "None", "depreciationAndAmortization": "3093000", "incomeBeforeTax": "90272000", "incomeTaxExpense": "31011000", "interestAndDebtExpense": "None", "netIncomeFromContinuingOperations": "0", "comprehensiveIncomeNetOfTax": "None", "ebit": "94224000", "ebitda": "97317000", "netIncome": "58964000"}, {"fiscalDateEnding": "2011-12-31", "reportedCurrency": "USD", "grossProfit": "147334000", "totalRevenue": "534639000", "costOfRevenue": "387305000", "costofGoodsAndServicesSold": "387305000", "operatingIncome": "72509000", "sellingGeneralAndAdministrative": "61099000", "researchAndDevelopment": "9279000", "operatingExpenses": "74825000", "investmentIncomeNet": "None", "netInterestIncome": "None", "interestIncome": "None", "interestExpense": "15007000", "nonInterestIncome": "None", "otherNonOperatingIncome": "None", "depreciation": "None", "depreciationAndAmortization": "11171000", "incomeBeforeTax": "69842000", "incomeTaxExpense": "23579000", "interestAndDebtExpense": "None", "netIncomeFromContinuingOperations": "0", "comprehensiveIncomeNetOfTax": "None", "ebit": "72509000", "ebitda": "83680000", "netIncome": "46263000"}, {"fiscalDateEnding": "2011-09-30", "reportedCurrency": "USD", "grossProfit": "147151000", "totalRevenue": "498840000", "costOfRevenue": "351689000", "costofGoodsAndServicesSold": "351689000", "operatingIncome": "75453000", "sellingGeneralAndAdministrative": "57676000", "researchAndDevelopment": "9894000", "operatingExpenses": "71698000", "investmentIncomeNet": "None", "netInterestIncome": "None", "interestIncome": "None", "interestExpense": "3764000", "nonInterestIncome": "None", "otherNonOperatingIncome": "-1529000", "depreciation": "None", "depreciationAndAmortization": "4128000", "incomeBeforeTax": "70160000", "incomeTaxExpense": "23560000", "interestAndDebtExpense": "None", "netIncomeFromContinuingOperations": "46600000", "comprehensiveIncomeNetOfTax": "None", "ebit": "76982000", "ebitda": "81110000", "netIncome": "46600000"}, {"fiscalDateEnding": "2011-06-30", "reportedCurrency": "USD", "grossProfit": "142744000", "totalRevenue": "478899000", "costOfRevenue": "336155000", "costofGoodsAndServicesSold": "336155000", "operatingIncome": "56362000", "sellingGeneralAndAdministrative": "73943000", "researchAndDevelopment": "9132000", "operatingExpenses": "86382000", "investmentIncomeNet": "None", "netInterestIncome": "None", "interestIncome": "None", "interestExpense": "3793000", "nonInterestIncome": "None", "otherNonOperatingIncome": "-410000", "depreciation": "None", "depreciationAndAmortization": "3307000", "incomeBeforeTax": "52159000", "incomeTaxExpense": "15825000", "interestAndDebtExpense": "None", "netIncomeFromContinuingOperations": "36334000", "comprehensiveIncomeNetOfTax": "None", "ebit": "56772000", "ebitda": "60079000", "netIncome": "36334000"}, {"fiscalDateEnding": "2011-03-31", "reportedCurrency": "USD", "grossProfit": "133195000", "totalRevenue": "455259000", "costOfRevenue": "322064000", "costofGoodsAndServicesSold": "322064000", "operatingIncome": "66377000", "sellingGeneralAndAdministrative": "54816000", "researchAndDevelopment": "8888000", "operatingExpenses": "66818000", "investmentIncomeNet": "None", "netInterestIncome": "None", "interestIncome": "None", "interestExpense": "3684000", "nonInterestIncome": "None", "otherNonOperatingIncome": "460000", "depreciation": "None", "depreciationAndAmortization": "3114000", "incomeBeforeTax": "63153000", "incomeTaxExpense": "22201000", "interestAndDebtExpense": "None", "netIncomeFromContinuingOperations": "40952000", "comprehensiveIncomeNetOfTax": "None", "ebit": "63263000", "ebitda": "66377000", "netIncome": "40952000"}, {"fiscalDateEnding": "2010-12-31", "reportedCurrency": "USD", "grossProfit": "117988000", "totalRevenue": "393241000", "costOfRevenue": "275253000", "costofGoodsAndServicesSold": "275253000", "operatingIncome": "51349000", "sellingGeneralAndAdministrative": "53414000", "researchAndDevelopment": "9721000", "operatingExpenses": "66639000", "investmentIncomeNet": "None", "netInterestIncome": "None", "interestIncome": "None", "interestExpense": "19835000", "nonInterestIncome": "None", "otherNonOperatingIncome": "None", "depreciation": "None", "depreciationAndAmortization": "11699000", "incomeBeforeTax": "47792000", "incomeTaxExpense": "16812000", "interestAndDebtExpense": "None", "netIncomeFromContinuingOperations": "0", "comprehensiveIncomeNetOfTax": "None", "ebit": "51349000", "ebitda": "63048000", "netIncome": "30980000"}, {"fiscalDateEnding": "2010-09-30", "reportedCurrency": "USD", "grossProfit": "109237000", "totalRevenue": "375707000", "costOfRevenue": "266470000", "costofGoodsAndServicesSold": "266470000", "operatingIncome": "50633000", "sellingGeneralAndAdministrative": "46604000", "researchAndDevelopment": "9362000", "operatingExpenses": "58604000", "investmentIncomeNet": "None", "netInterestIncome": "None", "interestIncome": "None", "interestExpense": "3996000", "nonInterestIncome": "None", "otherNonOperatingIncome": "None", "depreciation": "None", "depreciationAndAmortization": "2638000", "incomeBeforeTax": "45846000", "incomeTaxExpense": "15302000", "interestAndDebtExpense": "None", "netIncomeFromContinuingOperations": "0", "comprehensiveIncomeNetOfTax": "None", "ebit": "47995000", "ebitda": "50633000", "netIncome": "30544000"}, {"fiscalDateEnding": "2010-06-30", "reportedCurrency": "USD", "grossProfit": "113464000", "totalRevenue": "374137000", "costOfRevenue": "260673000", "costofGoodsAndServicesSold": "260673000", "operatingIncome": "49652000", "sellingGeneralAndAdministrative": "51243000", "researchAndDevelopment": "10425000", "operatingExpenses": "63812000", "investmentIncomeNet": "None", "netInterestIncome": "None", "interestIncome": "None", "interestExpense": "4092000", "nonInterestIncome": "None", "otherNonOperatingIncome": "None", "depreciation": "None", "depreciationAndAmortization": "2144000", "incomeBeforeTax": "46646000", "incomeTaxExpense": "15435000", "interestAndDebtExpense": "None", "netIncomeFromContinuingOperations": "0", "comprehensiveIncomeNetOfTax": "None", "ebit": "47508000", "ebitda": "49652000", "netIncome": "31211000"}, {"fiscalDateEnding": "2010-03-31", "reportedCurrency": "USD", "grossProfit": "108389000", "totalRevenue": "363927000", "costOfRevenue": "255538000", "costofGoodsAndServicesSold": "255538000", "operatingIncome": "51176000", "sellingGeneralAndAdministrative": "44631000", "researchAndDevelopment": "10695000", "operatingExpenses": "57213000", "investmentIncomeNet": "None", "netInterestIncome": "None", "interestIncome": "None", "interestExpense": "3912000", "nonInterestIncome": "None", "otherNonOperatingIncome": "None", "depreciation": "None", "depreciationAndAmortization": "1887000", "incomeBeforeTax": "46543000", "incomeTaxExpense": "16179000", "interestAndDebtExpense": "None", "netIncomeFromContinuingOperations": "0", "comprehensiveIncomeNetOfTax": "None", "ebit": "49289000", "ebitda": "51176000", "netIncome": "30364000"}, {"fiscalDateEnding": "2009-12-31", "reportedCurrency": "USD", "grossProfit": "100382000", "totalRevenue": "359188000", "costOfRevenue": "258806000", "costofGoodsAndServicesSold": "258806000", "operatingIncome": "41798000", "sellingGeneralAndAdministrative": "42470000", "researchAndDevelopment": "10966000", "operatingExpenses": "58584000", "investmentIncomeNet": "None", "netInterestIncome": "None", "interestIncome": "None", "interestExpense": "28822000", "nonInterestIncome": "None", "otherNonOperatingIncome": "None", "depreciation": "None", "depreciationAndAmortization": "11666000", "incomeBeforeTax": "36624000", "incomeTaxExpense": "12419000", "interestAndDebtExpense": "None", "netIncomeFromContinuingOperations": "0", "comprehensiveIncomeNetOfTax": "None", "ebit": "41149000", "ebitda": "52815000", "netIncome": "24205000"}, {"fiscalDateEnding": "2009-09-30", "reportedCurrency": "USD", "grossProfit": "94826000", "totalRevenue": "330455000", "costOfRevenue": "235629000", "costofGoodsAndServicesSold": "235629000", "operatingIncome": "45759000", "sellingGeneralAndAdministrative": "37395000", "researchAndDevelopment": "10157000", "operatingExpenses": "49067000", "investmentIncomeNet": "None", "netInterestIncome": "None", "interestIncome": "None", "interestExpense": "3687000", "nonInterestIncome": "None", "otherNonOperatingIncome": "None", "depreciation": "None", "depreciationAndAmortization": "6816000", "incomeBeforeTax": "42466000", "incomeTaxExpense": "15118000", "interestAndDebtExpense": "None", "netIncomeFromContinuingOperations": "0", "comprehensiveIncomeNetOfTax": "None", "ebit": "38943000", "ebitda": "45759000", "netIncome": "27348000"}, {"fiscalDateEnding": "2009-06-30", "reportedCurrency": "USD", "grossProfit": "91633000", "totalRevenue": "334013000", "costOfRevenue": "242380000", "costofGoodsAndServicesSold": "242380000", "operatingIncome": "36727000", "sellingGeneralAndAdministrative": "42346000", "researchAndDevelopment": "10765000", "operatingExpenses": "54906000", "investmentIncomeNet": "None", "netInterestIncome": "None", "interestIncome": "None", "interestExpense": "3525000", "nonInterestIncome": "None", "otherNonOperatingIncome": "None", "depreciation": "None", "depreciationAndAmortization": "8635000", "incomeBeforeTax": "33068000", "incomeTaxExpense": "2232000", "interestAndDebtExpense": "None", "netIncomeFromContinuingOperations": "0", "comprehensiveIncomeNetOfTax": "None", "ebit": "28092000", "ebitda": "36727000", "netIncome": "30836000"}, {"fiscalDateEnding": "2009-03-31", "reportedCurrency": "USD", "grossProfit": "106485000", "totalRevenue": "377960000", "costOfRevenue": "271475000", "costofGoodsAndServicesSold": "271475000", "operatingIncome": "55748000", "sellingGeneralAndAdministrative": "38787000", "researchAndDevelopment": "10559000", "operatingExpenses": "50737000", "investmentIncomeNet": "None", "netInterestIncome": "None", "interestIncome": "None", "interestExpense": "4936000", "nonInterestIncome": "None", "otherNonOperatingIncome": "None", "depreciation": "None", "depreciationAndAmortization": "8402000", "incomeBeforeTax": "51201000", "incomeTaxExpense": "18535000", "interestAndDebtExpense": "None", "netIncomeFromContinuingOperations": "0", "comprehensiveIncomeNetOfTax": "None", "ebit": "57061000", "ebitda": "65463000", "netIncome": "32666000"}, {"fiscalDateEnding": "2008-12-31", "reportedCurrency": "USD", "grossProfit": "105796000", "totalRevenue": "405211000", "costOfRevenue": "299415000", "costofGoodsAndServicesSold": "299415000", "operatingIncome": "50254000", "sellingGeneralAndAdministrative": "44275000", "researchAndDevelopment": "9656000", "operatingExpenses": "55542000", "investmentIncomeNet": "None", "netInterestIncome": "None", "interestIncome": "None", "interestExpense": "8508000", "nonInterestIncome": "None", "otherNonOperatingIncome": "None", "depreciation": "None", "depreciationAndAmortization": "7791000", "incomeBeforeTax": "47934000", "incomeTaxExpense": "16825000", "interestAndDebtExpense": "None", "netIncomeFromContinuingOperations": "0", "comprehensiveIncomeNetOfTax": "None", "ebit": "50254000", "ebitda": "58045000", "netIncome": "31109000"}, {"fiscalDateEnding": "2008-09-30", "reportedCurrency": "USD", "grossProfit": "107674000", "totalRevenue": "396017000", "costOfRevenue": "288343000", "costofGoodsAndServicesSold": "288343000", "operatingIncome": "52454000", "sellingGeneralAndAdministrative": "43841000", "researchAndDevelopment": "9713000", "operatingExpenses": "55220000", "investmentIncomeNet": "None", "netInterestIncome": "None", "interestIncome": "None", "interestExpense": "1943000", "nonInterestIncome": "None", "otherNonOperatingIncome": "None", "depreciation": "None", "depreciationAndAmortization": "7567000", "incomeBeforeTax": "50411000", "incomeTaxExpense": "17241000", "interestAndDebtExpense": "None", "netIncomeFromContinuingOperations": "0", "comprehensiveIncomeNetOfTax": "None", "ebit": "52554000", "ebitda": "60121000", "netIncome": "33170000"}, {"fiscalDateEnding": "2008-06-30", "reportedCurrency": "USD", "grossProfit": "108501000", "totalRevenue": "390194000", "costOfRevenue": "281693000", "costofGoodsAndServicesSold": "281693000", "operatingIncome": "55922000", "sellingGeneralAndAdministrative": "42036000", "researchAndDevelopment": "9631000", "operatingExpenses": "52579000", "investmentIncomeNet": "None", "netInterestIncome": "None", "interestIncome": "None", "interestExpense": "1293000", "nonInterestIncome": "None", "otherNonOperatingIncome": "None", "depreciation": "None", "depreciationAndAmortization": "7136000", "incomeBeforeTax": "53933000", "incomeTaxExpense": "20171000", "interestAndDebtExpense": "None", "netIncomeFromContinuingOperations": "0", "comprehensiveIncomeNetOfTax": "None", "ebit": "56618000", "ebitda": "63754000", "netIncome": "33762000"}, {"fiscalDateEnding": "2008-03-31", "reportedCurrency": "USD", "grossProfit": "105215000", "totalRevenue": "383327000", "costOfRevenue": "278112000", "costofGoodsAndServicesSold": "278112000", "operatingIncome": "53886000", "sellingGeneralAndAdministrative": "40445000", "researchAndDevelopment": "9981000", "operatingExpenses": "51329000", "investmentIncomeNet": "None", "netInterestIncome": "None", "interestIncome": "None", "interestExpense": "1500", "nonInterestIncome": "None", "otherNonOperatingIncome": "None", "depreciation": "None", "depreciationAndAmortization": "7332000", "incomeBeforeTax": "52022000", "incomeTaxExpense": "19509000", "interestAndDebtExpense": "None", "netIncomeFromContinuingOperations": "0", "comprehensiveIncomeNetOfTax": "None", "ebit": "53886000", "ebitda": "61218000", "netIncome": "32510000"}, {"fiscalDateEnding": "2007-12-31", "reportedCurrency": "USD", "grossProfit": "96486000", "totalRevenue": "365268000", "costOfRevenue": "268782000", "costofGoodsAndServicesSold": "268782000", "operatingIncome": "46211000", "sellingGeneralAndAdministrative": "38898000", "researchAndDevelopment": "10355000", "operatingExpenses": "50275000", "investmentIncomeNet": "None", "netInterestIncome": "None", "interestIncome": "None", "interestExpense": "3637000", "nonInterestIncome": "None", "otherNonOperatingIncome": "None", "depreciation": "None", "depreciationAndAmortization": "7476000", "incomeBeforeTax": "44760000", "incomeTaxExpense": "15812000", "interestAndDebtExpense": "None", "netIncomeFromContinuingOperations": "0", "comprehensiveIncomeNetOfTax": "None", "ebit": "46211000", "ebitda": "53687000", "netIncome": "28676000"}, {"fiscalDateEnding": "2007-09-30", "reportedCurrency": "USD", "grossProfit": "95717000", "totalRevenue": "354834000", "costOfRevenue": "259117000", "costofGoodsAndServicesSold": "259117000", "operatingIncome": "45644000", "sellingGeneralAndAdministrative": "39679000", "researchAndDevelopment": "9237000", "operatingExpenses": "50073000", "investmentIncomeNet": "None", "netInterestIncome": "None", "interestIncome": "None", "interestExpense": "1289000", "nonInterestIncome": "None", "otherNonOperatingIncome": "None", "depreciation": "None", "depreciationAndAmortization": "7693000", "incomeBeforeTax": "43428000", "incomeTaxExpense": "16668000", "interestAndDebtExpense": "None", "netIncomeFromContinuingOperations": "0", "comprehensiveIncomeNetOfTax": "None", "ebit": "37951000", "ebitda": "45644000", "netIncome": "27242000"}, {"fiscalDateEnding": "2007-06-30", "reportedCurrency": "USD", "grossProfit": "90850000", "totalRevenue": "325722000", "costOfRevenue": "234872000", "costofGoodsAndServicesSold": "234872000", "operatingIncome": "45769000", "sellingGeneralAndAdministrative": "34915000", "researchAndDevelopment": "9026000", "operatingExpenses": "45081000", "investmentIncomeNet": "None", "netInterestIncome": "None", "interestIncome": "None", "interestExpense": "538000", "nonInterestIncome": "None", "otherNonOperatingIncome": "None", "depreciation": "None", "depreciationAndAmortization": "7211000", "incomeBeforeTax": "43594000", "incomeTaxExpense": "15469000", "interestAndDebtExpense": "None", "netIncomeFromContinuingOperations": "0", "comprehensiveIncomeNetOfTax": "None", "ebit": "38558000", "ebitda": "45769000", "netIncome": "28130000"}, {"fiscalDateEnding": "2007-03-31", "reportedCurrency": "USD", "grossProfit": "86566000", "totalRevenue": "314264000", "costOfRevenue": "227698000", "costofGoodsAndServicesSold": "227698000", "operatingIncome": "42117000", "sellingGeneralAndAdministrative": "34945000", "researchAndDevelopment": "8816000", "operatingExpenses": "44449000", "investmentIncomeNet": "None", "netInterestIncome": "None", "interestIncome": "None", "interestExpense": "600", "nonInterestIncome": "None", "otherNonOperatingIncome": "None", "depreciation": "None", "depreciationAndAmortization": "6760000", "incomeBeforeTax": "40672000", "incomeTaxExpense": "15118000", "interestAndDebtExpense": "None", "netIncomeFromContinuingOperations": "0", "comprehensiveIncomeNetOfTax": "None", "ebit": "42264000", "ebitda": "49024000", "netIncome": "25522000"}, {"fiscalDateEnding": "2006-12-31", "reportedCurrency": "USD", "grossProfit": "78748000", "totalRevenue": "294420000", "costOfRevenue": "215672000", "costofGoodsAndServicesSold": "215672000", "operatingIncome": "36416000", "sellingGeneralAndAdministrative": "32703000", "researchAndDevelopment": "8495000", "operatingExpenses": "42332000", "investmentIncomeNet": "None", "netInterestIncome": "None", "interestIncome": "None", "interestExpense": "1586000", "nonInterestIncome": "None", "otherNonOperatingIncome": "None", "depreciation": "None", "depreciationAndAmortization": "4264000", "incomeBeforeTax": "36046000", "incomeTaxExpense": "9143000", "interestAndDebtExpense": "None", "netIncomeFromContinuingOperations": "0", "comprehensiveIncomeNetOfTax": "None", "ebit": "36416000", "ebitda": "40680000", "netIncome": "26242000"}, {"fiscalDateEnding": "2006-09-30", "reportedCurrency": "USD", "grossProfit": "66198000", "totalRevenue": "268889000", "costOfRevenue": "202691000", "costofGoodsAndServicesSold": "202691000", "operatingIncome": "25475000", "sellingGeneralAndAdministrative": "31293000", "researchAndDevelopment": "8068000", "operatingExpenses": "40723000", "investmentIncomeNet": "None", "netInterestIncome": "None", "interestIncome": "None", "interestExpense": "196000", "nonInterestIncome": "None", "otherNonOperatingIncome": "None", "depreciation": "None", "depreciationAndAmortization": "9771000", "incomeBeforeTax": "25532000", "incomeTaxExpense": "7791000", "interestAndDebtExpense": "None", "netIncomeFromContinuingOperations": "0", "comprehensiveIncomeNetOfTax": "None", "ebit": "25482000", "ebitda": "35253000", "netIncome": "17371000"}, {"fiscalDateEnding": "2006-06-30", "reportedCurrency": "USD", "grossProfit": "76741000", "totalRevenue": "261902000", "costOfRevenue": "185161000", "costofGoodsAndServicesSold": "185161000", "operatingIncome": "35546000", "sellingGeneralAndAdministrative": "40336000", "researchAndDevelopment": "8023000", "operatingExpenses": "41195000", "investmentIncomeNet": "None", "netInterestIncome": "None", "interestIncome": "None", "interestExpense": "420000", "nonInterestIncome": "None", "otherNonOperatingIncome": "None", "depreciation": "None", "depreciationAndAmortization": "5804000", "incomeBeforeTax": "33503000", "incomeTaxExpense": "11721000", "interestAndDebtExpense": "None", "netIncomeFromContinuingOperations": "0", "comprehensiveIncomeNetOfTax": "None", "ebit": "29742000", "ebitda": "35546000", "netIncome": "21145000"}, {"fiscalDateEnding": "2006-03-31", "reportedCurrency": "USD", "grossProfit": "75090000", "totalRevenue": "262409000", "costOfRevenue": "187319000", "costofGoodsAndServicesSold": "187319000", "operatingIncome": "32480000", "sellingGeneralAndAdministrative": "41743000", "researchAndDevelopment": "8115000", "operatingExpenses": "42610000", "investmentIncomeNet": "None", "netInterestIncome": "None", "interestIncome": "None", "interestExpense": "1124000", "nonInterestIncome": "None", "otherNonOperatingIncome": "None", "depreciation": "None", "depreciationAndAmortization": "6055000", "incomeBeforeTax": "31476000", "incomeTaxExpense": "11408000", "interestAndDebtExpense": "None", "netIncomeFromContinuingOperations": "0", "comprehensiveIncomeNetOfTax": "None", "ebit": "32328000", "ebitda": "38383000", "netIncome": "20046000"}, {"fiscalDateEnding": "2005-12-31", "reportedCurrency": "USD", "grossProfit": "69437000", "totalRevenue": "269369000", "costOfRevenue": "199932000", "costofGoodsAndServicesSold": "199932000", "operatingIncome": "29600000", "sellingGeneralAndAdministrative": "38868000", "researchAndDevelopment": "7914000", "operatingExpenses": "39837000", "investmentIncomeNet": "None", "netInterestIncome": "None", "interestIncome": "None", "interestExpense": "8686000", "nonInterestIncome": "None", "otherNonOperatingIncome": "None", "depreciation": "None", "depreciationAndAmortization": "5986000", "incomeBeforeTax": "27731000", "incomeTaxExpense": "9615000", "interestAndDebtExpense": "None", "netIncomeFromContinuingOperations": "0", "comprehensiveIncomeNetOfTax": "None", "ebit": "29600000", "ebitda": "35586000", "netIncome": "16301000"}, {"fiscalDateEnding": "2005-09-30", "reportedCurrency": "USD", "grossProfit": "66966000", "totalRevenue": "255865000", "costOfRevenue": "188899000", "costofGoodsAndServicesSold": "188899000", "operatingIncome": "27156000", "sellingGeneralAndAdministrative": "38892000", "researchAndDevelopment": "7995000", "operatingExpenses": "39810000", "investmentIncomeNet": "None", "netInterestIncome": "None", "interestIncome": "None", "interestExpense": "2235000", "nonInterestIncome": "None", "otherNonOperatingIncome": "None", "depreciation": "None", "depreciationAndAmortization": "6262000", "incomeBeforeTax": "23717000", "incomeTaxExpense": "8366000", "interestAndDebtExpense": "None", "netIncomeFromContinuingOperations": "0", "comprehensiveIncomeNetOfTax": "None", "ebit": "27228000", "ebitda": "33490000", "netIncome": "15076000"}, {"fiscalDateEnding": "2005-06-30", "reportedCurrency": "USD", "grossProfit": "67371000", "totalRevenue": "270241000", "costOfRevenue": "202870000", "costofGoodsAndServicesSold": "202870000", "operatingIncome": "26639000", "sellingGeneralAndAdministrative": "39659000", "researchAndDevelopment": "8183000", "operatingExpenses": "40732000", "investmentIncomeNet": "None", "netInterestIncome": "None", "interestIncome": "None", "interestExpense": "2164000", "nonInterestIncome": "None", "otherNonOperatingIncome": "None", "depreciation": "None", "depreciationAndAmortization": "6691000", "incomeBeforeTax": "23821000", "incomeTaxExpense": "8670000", "interestAndDebtExpense": "None", "netIncomeFromContinuingOperations": "0", "comprehensiveIncomeNetOfTax": "None", "ebit": "26261000", "ebitda": "32952000", "netIncome": "15151000"}, {"fiscalDateEnding": "2005-03-31", "reportedCurrency": "USD", "grossProfit": "57530000", "totalRevenue": "244884000", "costOfRevenue": "187354000", "costofGoodsAndServicesSold": "187354000", "operatingIncome": "18217000", "sellingGeneralAndAdministrative": "38342000", "researchAndDevelopment": "8670000", "operatingExpenses": "39313000", "investmentIncomeNet": "None", "netInterestIncome": "None", "interestIncome": "None", "interestExpense": "2484000", "nonInterestIncome": "None", "otherNonOperatingIncome": "None", "depreciation": "None", "depreciationAndAmortization": "6731000", "incomeBeforeTax": "14602000", "incomeTaxExpense": "5354000", "interestAndDebtExpense": "None", "netIncomeFromContinuingOperations": "0", "comprehensiveIncomeNetOfTax": "None", "ebit": "18324000", "ebitda": "25055000", "netIncome": "9248000"}, {"fiscalDateEnding": "2004-12-31", "reportedCurrency": "USD", "grossProfit": "55089000", "totalRevenue": "224388000", "costOfRevenue": "169299000", "costofGoodsAndServicesSold": "169299000", "operatingIncome": "16223000", "sellingGeneralAndAdministrative": "37822000", "researchAndDevelopment": "8345000", "operatingExpenses": "38866000", "investmentIncomeNet": "None", "netInterestIncome": "None", "interestIncome": "None", "interestExpense": "11528000", "nonInterestIncome": "None", "otherNonOperatingIncome": "None", "depreciation": "None", "depreciationAndAmortization": "7087000", "incomeBeforeTax": "14012000", "incomeTaxExpense": "5114000", "interestAndDebtExpense": "None", "netIncomeFromContinuingOperations": "0", "comprehensiveIncomeNetOfTax": "None", "ebit": "16223000", "ebitda": "23310000", "netIncome": "9247000"}]}