{"symbol": "WST", "annualReports": [{"fiscalDateEnding": "2024-12-31", "reportedCurrency": "USD", "grossProfit": "998500000", "totalRevenue": "2893200000", "costOfRevenue": "1894700000", "costofGoodsAndServicesSold": "1894700000", "operatingIncome": "569900000", "sellingGeneralAndAdministrative": "338500000", "researchAndDevelopment": "69100000", "operatingExpenses": "428600000", "investmentIncomeNet": "None", "netInterestIncome": "16600000", "interestIncome": "19600000", "interestExpense": "3000000", "nonInterestIncome": "None", "otherNonOperatingIncome": "None", "depreciation": "None", "depreciationAndAmortization": "155400000", "incomeBeforeTax": "585500000", "incomeTaxExpense": "107500000", "interestAndDebtExpense": "None", "netIncomeFromContinuingOperations": "492700000", "comprehensiveIncomeNetOfTax": "None", "ebit": "588500000", "ebitda": "743900000", "netIncome": "492700000"}, {"fiscalDateEnding": "2023-12-31", "reportedCurrency": "USD", "grossProfit": "1129200000", "totalRevenue": "2949800000", "costOfRevenue": "1820600000", "costofGoodsAndServicesSold": "1820600000", "operatingIncome": "676000000", "sellingGeneralAndAdministrative": "353400000", "researchAndDevelopment": "68400000", "operatingExpenses": "454000000", "investmentIncomeNet": "None", "netInterestIncome": "19000000", "interestIncome": "28000000", "interestExpense": "9000000", "nonInterestIncome": "None", "otherNonOperatingIncome": "None", "depreciation": "None", "depreciationAndAmortization": "137300000", "incomeBeforeTax": "698000000", "incomeTaxExpense": "122300000", "interestAndDebtExpense": "None", "netIncomeFromContinuingOperations": "593400000", "comprehensiveIncomeNetOfTax": "None", "ebit": "706800000", "ebitda": "844100000", "netIncome": "593400000"}, {"fiscalDateEnding": "2022-12-31", "reportedCurrency": "USD", "grossProfit": "1136200000", "totalRevenue": "2886900000", "costOfRevenue": "1750700000", "costofGoodsAndServicesSold": "1750700000", "operatingIncome": "734000000", "sellingGeneralAndAdministrative": "343700000", "researchAndDevelopment": "58500000", "operatingExpenses": "402200000", "investmentIncomeNet": "None", "netInterestIncome": "-2800000", "interestIncome": "2800000", "interestExpense": "7900000", "nonInterestIncome": "None", "otherNonOperatingIncome": "-25500000", "depreciation": "None", "depreciationAndAmortization": "120600000", "incomeBeforeTax": "679900000", "incomeTaxExpense": "114700000", "interestAndDebtExpense": "None", "netIncomeFromContinuingOperations": "565200000", "comprehensiveIncomeNetOfTax": "None", "ebit": "767300000", "ebitda": "887900000", "netIncome": "585900000"}, {"fiscalDateEnding": "2021-12-31", "reportedCurrency": "USD", "grossProfit": "1175800000", "totalRevenue": "2831600000", "costOfRevenue": "1655800000", "costofGoodsAndServicesSold": "1655800000", "operatingIncome": "752300000", "sellingGeneralAndAdministrative": "362800000", "researchAndDevelopment": "52800000", "operatingExpenses": "423500000", "investmentIncomeNet": "None", "netInterestIncome": "-7200000", "interestIncome": "7200000", "interestExpense": "7200000", "nonInterestIncome": "None", "otherNonOperatingIncome": "24900000", "depreciation": "None", "depreciationAndAmortization": "122300000", "incomeBeforeTax": "748900000", "incomeTaxExpense": "107200000", "interestAndDebtExpense": "None", "netIncomeFromContinuingOperations": "641700000", "comprehensiveIncomeNetOfTax": "None", "ebit": "772900000", "ebitda": "895200000", "netIncome": "661800000"}, {"fiscalDateEnding": "2020-12-31", "reportedCurrency": "USD", "grossProfit": "767800000", "totalRevenue": "2146900000", "costOfRevenue": "1379100000", "costofGoodsAndServicesSold": "1379100000", "operatingIncome": "406900000", "sellingGeneralAndAdministrative": "302000000", "researchAndDevelopment": "46900000", "operatingExpenses": "360900000", "investmentIncomeNet": "None", "netInterestIncome": "-6800000", "interestIncome": "6800000", "interestExpense": "6800000", "nonInterestIncome": "None", "otherNonOperatingIncome": "20000000", "depreciation": "None", "depreciationAndAmortization": "109100000", "incomeBeforeTax": "401300000", "incomeTaxExpense": "72500000", "interestAndDebtExpense": "None", "netIncomeFromContinuingOperations": "328800000", "comprehensiveIncomeNetOfTax": "None", "ebit": "422600000", "ebitda": "531700000", "netIncome": "346200000"}, {"fiscalDateEnding": "2019-12-31", "reportedCurrency": "USD", "grossProfit": "605700000", "totalRevenue": "1839900000", "costOfRevenue": "1234200000", "costofGoodsAndServicesSold": "1234200000", "operatingIncome": "296600000", "sellingGeneralAndAdministrative": "272700000", "researchAndDevelopment": "38900000", "operatingExpenses": "311600000", "investmentIncomeNet": "None", "netInterestIncome": "-4700000", "interestIncome": "3800000", "interestExpense": "4700000", "nonInterestIncome": "None", "otherNonOperatingIncome": "12600000", "depreciation": "None", "depreciationAndAmortization": "103400000", "incomeBeforeTax": "291800000", "incomeTaxExpense": "59000000", "interestAndDebtExpense": "None", "netIncomeFromContinuingOperations": "232800000", "comprehensiveIncomeNetOfTax": "None", "ebit": "296000000", "ebitda": "399400000", "netIncome": "241700000"}, {"fiscalDateEnding": "2018-12-31", "reportedCurrency": "USD", "grossProfit": "545400000", "totalRevenue": "1717400000", "costOfRevenue": "1172000000", "costofGoodsAndServicesSold": "1172000000", "operatingIncome": "240300000", "sellingGeneralAndAdministrative": "262900000", "researchAndDevelopment": "40300000", "operatingExpenses": "303200000", "investmentIncomeNet": "None", "netInterestIncome": "-6300000", "interestIncome": "2100000", "interestExpense": "6300000", "nonInterestIncome": "None", "otherNonOperatingIncome": "16400000", "depreciation": "None", "depreciationAndAmortization": "104400000", "incomeBeforeTax": "240700000", "incomeTaxExpense": "41400000", "interestAndDebtExpense": "None", "netIncomeFromContinuingOperations": "199300000", "comprehensiveIncomeNetOfTax": "None", "ebit": "250900000", "ebitda": "355300000", "netIncome": "206900000"}, {"fiscalDateEnding": "2017-12-31", "reportedCurrency": "USD", "grossProfit": "512600000", "totalRevenue": "1599100000", "costOfRevenue": "1086500000", "costofGoodsAndServicesSold": "1086500000", "operatingIncome": "228900000", "sellingGeneralAndAdministrative": "242600000", "researchAndDevelopment": "39100000", "operatingExpenses": "281700000", "investmentIncomeNet": "None", "netInterestIncome": "-6500000", "interestIncome": "1300000", "interestExpense": "6500000", "nonInterestIncome": "None", "otherNonOperatingIncome": "10500000", "depreciation": "None", "depreciationAndAmortization": "96700000", "incomeBeforeTax": "222400000", "incomeTaxExpense": "80900000", "interestAndDebtExpense": "None", "netIncomeFromContinuingOperations": "141500000", "comprehensiveIncomeNetOfTax": "None", "ebit": "228900000", "ebitda": "325600000", "netIncome": "150700000"}, {"fiscalDateEnding": "2016-12-31", "reportedCurrency": "USD", "grossProfit": "501100000", "totalRevenue": "1509100000", "costOfRevenue": "1008000000", "costofGoodsAndServicesSold": "1008000000", "operatingIncome": "196800000", "sellingGeneralAndAdministrative": "239800000", "researchAndDevelopment": "36800000", "operatingExpenses": "276600000", "investmentIncomeNet": "None", "netInterestIncome": "-7000000", "interestIncome": "1100000", "interestExpense": "7000000", "nonInterestIncome": "None", "otherNonOperatingIncome": "9300000", "depreciation": "None", "depreciationAndAmortization": "90700000", "incomeBeforeTax": "189800000", "incomeTaxExpense": "54400000", "interestAndDebtExpense": "None", "netIncomeFromContinuingOperations": "135400000", "comprehensiveIncomeNetOfTax": "None", "ebit": "196800000", "ebitda": "287500000", "netIncome": "143600000"}, {"fiscalDateEnding": "2015-12-31", "reportedCurrency": "USD", "grossProfit": "455800000", "totalRevenue": "1399800000", "costOfRevenue": "944000000", "costofGoodsAndServicesSold": "944000000", "operatingIncome": "128600000", "sellingGeneralAndAdministrative": "233000000", "researchAndDevelopment": "34100000", "operatingExpenses": "267100000", "investmentIncomeNet": "None", "netInterestIncome": "None", "interestIncome": "12500000", "interestExpense": "12500000", "nonInterestIncome": "None", "otherNonOperatingIncome": "7400000", "depreciation": "None", "depreciationAndAmortization": "89900000", "incomeBeforeTax": "116100000", "incomeTaxExpense": "26300000", "interestAndDebtExpense": "None", "netIncomeFromContinuingOperations": "95600000", "comprehensiveIncomeNetOfTax": "None", "ebit": "128600000", "ebitda": "218500000", "netIncome": "95600000"}, {"fiscalDateEnding": "2014-12-31", "reportedCurrency": "USD", "grossProfit": "447800000", "totalRevenue": "1421400000", "costOfRevenue": "973600000", "costofGoodsAndServicesSold": "973600000", "operatingIncome": "182000000", "sellingGeneralAndAdministrative": "228700000", "researchAndDevelopment": "37300000", "operatingExpenses": "266000000", "investmentIncomeNet": "None", "netInterestIncome": "None", "interestIncome": "None", "interestExpense": "13000000", "nonInterestIncome": "None", "otherNonOperatingIncome": "8800000", "depreciation": "None", "depreciationAndAmortization": "90000000", "incomeBeforeTax": "169000000", "incomeTaxExpense": "47200000", "interestAndDebtExpense": "None", "netIncomeFromContinuingOperations": "127100000", "comprehensiveIncomeNetOfTax": "None", "ebit": "182000000", "ebitda": "272000000", "netIncome": "127100000"}, {"fiscalDateEnding": "2013-12-31", "reportedCurrency": "USD", "grossProfit": "434700000", "totalRevenue": "1368400000", "costOfRevenue": "933700000", "costofGoodsAndServicesSold": "933700000", "operatingIncome": "162400000", "sellingGeneralAndAdministrative": "234900000", "researchAndDevelopment": "37900000", "operatingExpenses": "272800000", "investmentIncomeNet": "None", "netInterestIncome": "None", "interestIncome": "None", "interestExpense": "15100000", "nonInterestIncome": "None", "otherNonOperatingIncome": "7100000", "depreciation": "None", "depreciationAndAmortization": "85200000", "incomeBeforeTax": "147100000", "incomeTaxExpense": "40200000", "interestAndDebtExpense": "None", "netIncomeFromContinuingOperations": "106900000", "comprehensiveIncomeNetOfTax": "None", "ebit": "162400000", "ebitda": "247600000", "netIncome": "112300000"}, {"fiscalDateEnding": "2012-12-31", "reportedCurrency": "USD", "grossProfit": "387700000", "totalRevenue": "1266400000", "costOfRevenue": "878700000", "costofGoodsAndServicesSold": "878700000", "operatingIncome": "135100000", "sellingGeneralAndAdministrative": "218100000", "researchAndDevelopment": "33200000", "operatingExpenses": "251300000", "investmentIncomeNet": "None", "netInterestIncome": "None", "interestIncome": "None", "interestExpense": "14900000", "nonInterestIncome": "None", "otherNonOperatingIncome": "-5000000", "depreciation": "None", "depreciationAndAmortization": "76900000", "incomeBeforeTax": "108600000", "incomeTaxExpense": "32700000", "interestAndDebtExpense": "None", "netIncomeFromContinuingOperations": "75900000", "comprehensiveIncomeNetOfTax": "None", "ebit": "123100000", "ebitda": "200000000", "netIncome": "80700000"}, {"fiscalDateEnding": "2011-12-31", "reportedCurrency": "USD", "grossProfit": "339300000", "totalRevenue": "1192300000", "costOfRevenue": "853000000", "costofGoodsAndServicesSold": "853000000", "operatingIncome": "109600000", "sellingGeneralAndAdministrative": "191100000", "researchAndDevelopment": "29100000", "operatingExpenses": "221700000", "investmentIncomeNet": "None", "netInterestIncome": "None", "interestIncome": "None", "interestExpense": "18200000", "nonInterestIncome": "None", "otherNonOperatingIncome": "7600000", "depreciation": "None", "depreciationAndAmortization": "75700000", "incomeBeforeTax": "92700000", "incomeTaxExpense": "23500000", "interestAndDebtExpense": "None", "netIncomeFromContinuingOperations": "69200000", "comprehensiveIncomeNetOfTax": "None", "ebit": "107700000", "ebitda": "183400000", "netIncome": "75500000"}, {"fiscalDateEnding": "2010-12-31", "reportedCurrency": "USD", "grossProfit": "318100000", "totalRevenue": "1104700000", "costOfRevenue": "786600000", "costofGoodsAndServicesSold": "786600000", "operatingIncome": "90700000", "sellingGeneralAndAdministrative": "187700000", "researchAndDevelopment": "23900000", "operatingExpenses": "213300000", "investmentIncomeNet": "None", "netInterestIncome": "None", "interestIncome": "None", "interestExpense": "16800000", "nonInterestIncome": "None", "otherNonOperatingIncome": "5000000", "depreciation": "None", "depreciationAndAmortization": "73200000", "incomeBeforeTax": "74500000", "incomeTaxExpense": "13600000", "interestAndDebtExpense": "None", "netIncomeFromContinuingOperations": "60900000", "comprehensiveIncomeNetOfTax": "None", "ebit": "88100000", "ebitda": "161300000", "netIncome": "65300000"}, {"fiscalDateEnding": "2009-12-31", "reportedCurrency": "USD", "grossProfit": "303600000", "totalRevenue": "1055700000", "costOfRevenue": "752100000", "costofGoodsAndServicesSold": "752100000", "operatingIncome": "97500000", "sellingGeneralAndAdministrative": "177700000", "researchAndDevelopment": "19900000", "operatingExpenses": "197600000", "investmentIncomeNet": "None", "netInterestIncome": "None", "interestIncome": "None", "interestExpense": "14400000", "nonInterestIncome": "None", "otherNonOperatingIncome": "None", "depreciation": "None", "depreciationAndAmortization": "68100000", "incomeBeforeTax": "83100000", "incomeTaxExpense": "13500000", "interestAndDebtExpense": "None", "netIncomeFromContinuingOperations": "None", "comprehensiveIncomeNetOfTax": "None", "ebit": "98300000", "ebitda": "166400000", "netIncome": "72600000"}, {"fiscalDateEnding": "2008-12-31", "reportedCurrency": "USD", "grossProfit": "302600000", "totalRevenue": "1051100000", "costOfRevenue": "748500000", "costofGoodsAndServicesSold": "748500000", "operatingIncome": "124100000", "sellingGeneralAndAdministrative": "159300000", "researchAndDevelopment": "18700000", "operatingExpenses": "191900000", "investmentIncomeNet": "None", "netInterestIncome": "None", "interestIncome": "None", "interestExpense": "16000000", "nonInterestIncome": "None", "otherNonOperatingIncome": "None", "depreciation": "None", "depreciationAndAmortization": "60600000", "incomeBeforeTax": "109500000", "incomeTaxExpense": "23700000", "interestAndDebtExpense": "None", "netIncomeFromContinuingOperations": "None", "comprehensiveIncomeNetOfTax": "None", "ebit": "125500000", "ebitda": "186100000", "netIncome": "86000000"}, {"fiscalDateEnding": "2007-12-31", "reportedCurrency": "USD", "grossProfit": "291800000", "totalRevenue": "1020100000", "costOfRevenue": "728300000", "costofGoodsAndServicesSold": "728300000", "operatingIncome": "94900000", "sellingGeneralAndAdministrative": "152500000", "researchAndDevelopment": "16100000", "operatingExpenses": "168600000", "investmentIncomeNet": "None", "netInterestIncome": "None", "interestIncome": "None", "interestExpense": "14500000", "nonInterestIncome": "None", "otherNonOperatingIncome": "None", "depreciation": "None", "depreciationAndAmortization": "56600000", "incomeBeforeTax": "86400000", "incomeTaxExpense": "17200000", "interestAndDebtExpense": "None", "netIncomeFromContinuingOperations": "None", "comprehensiveIncomeNetOfTax": "None", "ebit": "100900000", "ebitda": "157500000", "netIncome": "70700000"}, {"fiscalDateEnding": "2006-12-31", "reportedCurrency": "USD", "grossProfit": "261800000", "totalRevenue": "913300000", "costOfRevenue": "651500000", "costofGoodsAndServicesSold": "651500000", "operatingIncome": "101000000", "sellingGeneralAndAdministrative": "155900000", "researchAndDevelopment": "11100000", "operatingExpenses": "160800000", "investmentIncomeNet": "None", "netInterestIncome": "None", "interestIncome": "None", "interestExpense": "0", "nonInterestIncome": "None", "otherNonOperatingIncome": "None", "depreciation": "None", "depreciationAndAmortization": "52700000", "incomeBeforeTax": "84500000", "incomeTaxExpense": "24600000", "interestAndDebtExpense": "None", "netIncomeFromContinuingOperations": "None", "comprehensiveIncomeNetOfTax": "None", "ebit": "97200000", "ebitda": "149900000", "netIncome": "67100000"}, {"fiscalDateEnding": "2005-12-31", "reportedCurrency": "USD", "grossProfit": "192600000", "totalRevenue": "699700000", "costOfRevenue": "507100000", "costofGoodsAndServicesSold": "507100000", "operatingIncome": "72200000", "sellingGeneralAndAdministrative": "120300000", "researchAndDevelopment": "7900000", "operatingExpenses": "121700000", "investmentIncomeNet": "None", "netInterestIncome": "None", "interestIncome": "None", "interestExpense": "0", "nonInterestIncome": "None", "otherNonOperatingIncome": "None", "depreciation": "None", "depreciationAndAmortization": "47400000", "incomeBeforeTax": "45200000", "incomeTaxExpense": "-400000", "interestAndDebtExpense": "None", "netIncomeFromContinuingOperations": "None", "comprehensiveIncomeNetOfTax": "None", "ebit": "75500000", "ebitda": "122900000", "netIncome": "45600000"}], "quarterlyReports": [{"fiscalDateEnding": "2024-12-31", "reportedCurrency": "USD", "grossProfit": "273600000", "totalRevenue": "748800000", "costOfRevenue": "475200000", "costofGoodsAndServicesSold": "475200000", "operatingIncome": "159600000", "sellingGeneralAndAdministrative": "85300000", "researchAndDevelopment": "18500000", "operatingExpenses": "114000000", "investmentIncomeNet": "None", "netInterestIncome": "5600000", "interestIncome": "4800000", "interestExpense": "800000", "nonInterestIncome": "None", "otherNonOperatingIncome": "None", "depreciation": "None", "depreciationAndAmortization": "40700000", "incomeBeforeTax": "164900000", "incomeTaxExpense": "36800000", "interestAndDebtExpense": "None", "netIncomeFromContinuingOperations": "130100000", "comprehensiveIncomeNetOfTax": "None", "ebit": "164100000", "ebitda": "204800000", "netIncome": "130100000"}, {"fiscalDateEnding": "2024-09-30", "reportedCurrency": "USD", "grossProfit": "264700000", "totalRevenue": "746900000", "costOfRevenue": "482200000", "costofGoodsAndServicesSold": "482200000", "operatingIncome": "161300000", "sellingGeneralAndAdministrative": "83500000", "researchAndDevelopment": "15500000", "operatingExpenses": "99000000", "investmentIncomeNet": "None", "netInterestIncome": "3900000", "interestIncome": "4600000", "interestExpense": "700000", "nonInterestIncome": "None", "otherNonOperatingIncome": "None", "depreciation": "None", "depreciationAndAmortization": "40200000", "incomeBeforeTax": "164500000", "incomeTaxExpense": "32400000", "interestAndDebtExpense": "None", "netIncomeFromContinuingOperations": "136000000", "comprehensiveIncomeNetOfTax": "None", "ebit": "165200000", "ebitda": "205400000", "netIncome": "136000000"}, {"fiscalDateEnding": "2024-06-30", "reportedCurrency": "USD", "grossProfit": "231300000", "totalRevenue": "702000000", "costOfRevenue": "470700000", "costofGoodsAndServicesSold": "470700000", "operatingIncome": "130800000", "sellingGeneralAndAdministrative": "83000000", "researchAndDevelopment": "17500000", "operatingExpenses": "100500000", "investmentIncomeNet": "None", "netInterestIncome": "2500000", "interestIncome": "4000000", "interestExpense": "1500000", "nonInterestIncome": "None", "otherNonOperatingIncome": "None", "depreciation": "None", "depreciationAndAmortization": "38900000", "incomeBeforeTax": "128699999", "incomeTaxExpense": "21900000", "interestAndDebtExpense": "None", "netIncomeFromContinuingOperations": "111300000", "comprehensiveIncomeNetOfTax": "None", "ebit": "129500000", "ebitda": "168400000", "netIncome": "111300000"}, {"fiscalDateEnding": "2024-03-31", "reportedCurrency": "USD", "grossProfit": "230200000", "totalRevenue": "695400000", "costOfRevenue": "465200000", "costofGoodsAndServicesSold": "465200000", "operatingIncome": "122800000", "sellingGeneralAndAdministrative": "86700000", "researchAndDevelopment": "17600000", "operatingExpenses": "107400000", "investmentIncomeNet": "None", "netInterestIncome": "4600000", "interestIncome": "6200000", "interestExpense": "1600000", "nonInterestIncome": "None", "otherNonOperatingIncome": "None", "depreciation": "None", "depreciationAndAmortization": "35600000", "incomeBeforeTax": "127400000", "incomeTaxExpense": "16399999", "interestAndDebtExpense": "None", "netIncomeFromContinuingOperations": "115300000", "comprehensiveIncomeNetOfTax": "None", "ebit": "125600000", "ebitda": "161200000", "netIncome": "115300000"}, {"fiscalDateEnding": "2023-12-31", "reportedCurrency": "USD", "grossProfit": "278200000", "totalRevenue": "732000000", "costOfRevenue": "453800000", "costofGoodsAndServicesSold": "453800000", "operatingIncome": "160900000", "sellingGeneralAndAdministrative": "90000000", "researchAndDevelopment": "18400000", "operatingExpenses": "108400000", "investmentIncomeNet": "None", "netInterestIncome": "8200000", "interestIncome": "9400000", "interestExpense": "1200000", "nonInterestIncome": "None", "otherNonOperatingIncome": "None", "depreciation": "None", "depreciationAndAmortization": "35900000", "incomeBeforeTax": "168200000", "incomeTaxExpense": "34500000", "interestAndDebtExpense": "None", "netIncomeFromContinuingOperations": "137000000", "comprehensiveIncomeNetOfTax": "None", "ebit": "173000000", "ebitda": "208900000", "netIncome": "137000000"}, {"fiscalDateEnding": "2023-09-30", "reportedCurrency": "USD", "grossProfit": "288300000", "totalRevenue": "747400000", "costOfRevenue": "459100000", "costofGoodsAndServicesSold": "459100000", "operatingIncome": "177300000", "sellingGeneralAndAdministrative": "89000000", "researchAndDevelopment": "16400000", "operatingExpenses": "105400000", "investmentIncomeNet": "None", "netInterestIncome": "5900000", "interestIncome": "5900000", "interestExpense": "2900000", "nonInterestIncome": "None", "otherNonOperatingIncome": "None", "depreciation": "None", "depreciationAndAmortization": "35700000", "incomeBeforeTax": "187000000", "incomeTaxExpense": "29400000", "interestAndDebtExpense": "None", "netIncomeFromContinuingOperations": "161300000", "comprehensiveIncomeNetOfTax": "None", "ebit": "183300000", "ebitda": "219000000", "netIncome": "161300000"}, {"fiscalDateEnding": "2023-06-30", "reportedCurrency": "USD", "grossProfit": "291400000", "totalRevenue": "753800000", "costOfRevenue": "462400000", "costofGoodsAndServicesSold": "462400000", "operatingIncome": "182500000", "sellingGeneralAndAdministrative": "88400000", "researchAndDevelopment": "16500000", "operatingExpenses": "104900000", "investmentIncomeNet": "None", "netInterestIncome": "2300000", "interestIncome": "2300000", "interestExpense": "2700000", "nonInterestIncome": "None", "otherNonOperatingIncome": "10100000", "depreciation": "None", "depreciationAndAmortization": "34100000", "incomeBeforeTax": "184900000", "incomeTaxExpense": "34800000", "interestAndDebtExpense": "None", "netIncomeFromContinuingOperations": "150100000", "comprehensiveIncomeNetOfTax": "None", "ebit": "187100000", "ebitda": "221200000", "netIncome": "155100000"}, {"fiscalDateEnding": "2023-03-31", "reportedCurrency": "USD", "grossProfit": "271300000", "totalRevenue": "716600000", "costOfRevenue": "445300000", "costofGoodsAndServicesSold": "445300000", "operatingIncome": "155300000", "sellingGeneralAndAdministrative": "98900000", "researchAndDevelopment": "17100000", "operatingExpenses": "116000000", "investmentIncomeNet": "None", "netInterestIncome": "2600000", "interestIncome": "4800000", "interestExpense": "2200000", "nonInterestIncome": "None", "otherNonOperatingIncome": "10500000", "depreciation": "None", "depreciationAndAmortization": "31600000", "incomeBeforeTax": "157900000", "incomeTaxExpense": "23600000", "interestAndDebtExpense": "None", "netIncomeFromContinuingOperations": "134300000", "comprehensiveIncomeNetOfTax": "None", "ebit": "160100000", "ebitda": "191700000", "netIncome": "140000000"}, {"fiscalDateEnding": "2022-12-31", "reportedCurrency": "USD", "grossProfit": "262100000", "totalRevenue": "708700000", "costOfRevenue": "446600000", "costofGoodsAndServicesSold": "446600000", "operatingIncome": "98600000", "sellingGeneralAndAdministrative": "116500000", "researchAndDevelopment": "15900000", "operatingExpenses": "132400000", "investmentIncomeNet": "None", "netInterestIncome": "1200000", "interestIncome": "1200000", "interestExpense": "1700000", "nonInterestIncome": "None", "otherNonOperatingIncome": "3900000", "depreciation": "None", "depreciationAndAmortization": "31100000", "incomeBeforeTax": "128700000", "incomeTaxExpense": "28900000", "interestAndDebtExpense": "None", "netIncomeFromContinuingOperations": "99800000", "comprehensiveIncomeNetOfTax": "None", "ebit": "214100000", "ebitda": "245200000", "netIncome": "103000000"}, {"fiscalDateEnding": "2022-09-30", "reportedCurrency": "USD", "grossProfit": "268000000", "totalRevenue": "686900000", "costOfRevenue": "418900000", "costofGoodsAndServicesSold": "418900000", "operatingIncome": "139100000", "sellingGeneralAndAdministrative": "68200000", "researchAndDevelopment": "13600000", "operatingExpenses": "79900000", "investmentIncomeNet": "None", "netInterestIncome": "-700000", "interestIncome": "700000", "interestExpense": "2200000", "nonInterestIncome": "None", "otherNonOperatingIncome": "-43000000", "depreciation": "None", "depreciationAndAmortization": "29800000", "incomeBeforeTax": "136200000", "incomeTaxExpense": "20400000", "interestAndDebtExpense": "None", "netIncomeFromContinuingOperations": "115800000", "comprehensiveIncomeNetOfTax": "None", "ebit": "137600000", "ebitda": "167400000", "netIncome": "120600000"}, {"fiscalDateEnding": "2022-06-30", "reportedCurrency": "USD", "grossProfit": "321500000", "totalRevenue": "771300000", "costOfRevenue": "449800000", "costofGoodsAndServicesSold": "449800000", "operatingIncome": "228400000", "sellingGeneralAndAdministrative": "78700000", "researchAndDevelopment": "14400000", "operatingExpenses": "95900000", "investmentIncomeNet": "None", "netInterestIncome": "-2200000", "interestIncome": "1400000", "interestExpense": "2200000", "nonInterestIncome": "None", "otherNonOperatingIncome": "6100000", "depreciation": "None", "depreciationAndAmortization": "30100000", "incomeBeforeTax": "227200000", "incomeTaxExpense": "44200000", "interestAndDebtExpense": "None", "netIncomeFromContinuingOperations": "183000000", "comprehensiveIncomeNetOfTax": "None", "ebit": "226200000", "ebitda": "256300000", "netIncome": "188500000"}, {"fiscalDateEnding": "2022-03-31", "reportedCurrency": "USD", "grossProfit": "284600000", "totalRevenue": "720000000", "costOfRevenue": "435400000", "costofGoodsAndServicesSold": "435400000", "operatingIncome": "189700000", "sellingGeneralAndAdministrative": "80300000", "researchAndDevelopment": "14600000", "operatingExpenses": "98000000", "investmentIncomeNet": "None", "netInterestIncome": "-1900000", "interestIncome": "300000", "interestExpense": "2200000", "nonInterestIncome": "None", "otherNonOperatingIncome": "7500000", "depreciation": "None", "depreciationAndAmortization": "29600000", "incomeBeforeTax": "187800000", "incomeTaxExpense": "21200000", "interestAndDebtExpense": "None", "netIncomeFromContinuingOperations": "166600000", "comprehensiveIncomeNetOfTax": "None", "ebit": "189400000", "ebitda": "219000000", "netIncome": "173800000"}, {"fiscalDateEnding": "2021-12-31", "reportedCurrency": "USD", "grossProfit": "300600000", "totalRevenue": "730800000", "costOfRevenue": "430200000", "costofGoodsAndServicesSold": "430200000", "operatingIncome": "184000000", "sellingGeneralAndAdministrative": "98000000", "researchAndDevelopment": "13700000", "operatingExpenses": "116600000", "investmentIncomeNet": "None", "netInterestIncome": "-2300000", "interestIncome": "2300000", "interestExpense": "2300000", "nonInterestIncome": "None", "otherNonOperatingIncome": "500000", "depreciation": "None", "depreciationAndAmortization": "34400000", "incomeBeforeTax": "181900000", "incomeTaxExpense": "34200000", "interestAndDebtExpense": "None", "netIncomeFromContinuingOperations": "147700000", "comprehensiveIncomeNetOfTax": "None", "ebit": "191600000", "ebitda": "226000000", "netIncome": "147700000"}, {"fiscalDateEnding": "2021-09-30", "reportedCurrency": "USD", "grossProfit": "288200000", "totalRevenue": "706500000", "costOfRevenue": "418300000", "costofGoodsAndServicesSold": "418300000", "operatingIncome": "181400000", "sellingGeneralAndAdministrative": "91900000", "researchAndDevelopment": "13100000", "operatingExpenses": "105000000", "investmentIncomeNet": "None", "netInterestIncome": "-1400000", "interestIncome": "1400000", "interestExpense": "1800000", "nonInterestIncome": "None", "otherNonOperatingIncome": "8000000", "depreciation": "None", "depreciationAndAmortization": "30000000", "incomeBeforeTax": "181100000", "incomeTaxExpense": "12000000", "interestAndDebtExpense": "None", "netIncomeFromContinuingOperations": "175600000", "comprehensiveIncomeNetOfTax": "None", "ebit": "184600000", "ebitda": "214600000", "netIncome": "175600000"}, {"fiscalDateEnding": "2021-06-30", "reportedCurrency": "USD", "grossProfit": "315100000", "totalRevenue": "723600000", "costOfRevenue": "408500000", "costofGoodsAndServicesSold": "408500000", "operatingIncome": "211300000", "sellingGeneralAndAdministrative": "92700000", "researchAndDevelopment": "13800000", "operatingExpenses": "103800000", "investmentIncomeNet": "None", "netInterestIncome": "-1700000", "interestIncome": "1700000", "interestExpense": "1700000", "nonInterestIncome": "None", "otherNonOperatingIncome": "10200000", "depreciation": "None", "depreciationAndAmortization": "28800000", "incomeBeforeTax": "211000000", "incomeTaxExpense": "32300000", "interestAndDebtExpense": "None", "netIncomeFromContinuingOperations": "187300000", "comprehensiveIncomeNetOfTax": "None", "ebit": "210100000", "ebitda": "238900000", "netIncome": "187300000"}, {"fiscalDateEnding": "2021-03-31", "reportedCurrency": "USD", "grossProfit": "271900000", "totalRevenue": "670700000", "costOfRevenue": "398800000", "costofGoodsAndServicesSold": "398800000", "operatingIncome": "175600000", "sellingGeneralAndAdministrative": "84100000", "researchAndDevelopment": "12200000", "operatingExpenses": "92400000", "investmentIncomeNet": "None", "netInterestIncome": "-1800000", "interestIncome": "100000", "interestExpense": "1800000", "nonInterestIncome": "None", "otherNonOperatingIncome": "6200000", "depreciation": "None", "depreciationAndAmortization": "29100000", "incomeBeforeTax": "174900000", "incomeTaxExpense": "28700000", "interestAndDebtExpense": "None", "netIncomeFromContinuingOperations": "146200000", "comprehensiveIncomeNetOfTax": "None", "ebit": "180500000", "ebitda": "209600000", "netIncome": "151200000"}, {"fiscalDateEnding": "2020-12-31", "reportedCurrency": "USD", "grossProfit": "211100000", "totalRevenue": "580200000", "costOfRevenue": "369100000", "costofGoodsAndServicesSold": "369100000", "operatingIncome": "116100000", "sellingGeneralAndAdministrative": "154000000", "researchAndDevelopment": "12900000", "operatingExpenses": "95000000", "investmentIncomeNet": "None", "netInterestIncome": "-1900000", "interestIncome": "1900000", "interestExpense": "1900000", "nonInterestIncome": "None", "otherNonOperatingIncome": "4200000", "depreciation": "None", "depreciationAndAmortization": "28500000", "incomeBeforeTax": "115100000", "incomeTaxExpense": "20400000", "interestAndDebtExpense": "None", "netIncomeFromContinuingOperations": "94700000", "comprehensiveIncomeNetOfTax": "None", "ebit": "117600000", "ebitda": "146100000", "netIncome": "98400000"}, {"fiscalDateEnding": "2020-09-30", "reportedCurrency": "USD", "grossProfit": "194600000", "totalRevenue": "548000000", "costOfRevenue": "353400000", "costofGoodsAndServicesSold": "353400000", "operatingIncome": "99200000", "sellingGeneralAndAdministrative": "76200000", "researchAndDevelopment": "12500000", "operatingExpenses": "88700000", "investmentIncomeNet": "None", "netInterestIncome": "-1900000", "interestIncome": "1900000", "interestExpense": "1900000", "nonInterestIncome": "None", "otherNonOperatingIncome": "6300000", "depreciation": "None", "depreciationAndAmortization": "28400000", "incomeBeforeTax": "97700000", "incomeTaxExpense": "21100000", "interestAndDebtExpense": "None", "netIncomeFromContinuingOperations": "76600000", "comprehensiveIncomeNetOfTax": "None", "ebit": "107800000", "ebitda": "136200000", "netIncome": "82300000"}, {"fiscalDateEnding": "2020-06-30", "reportedCurrency": "USD", "grossProfit": "195100000", "totalRevenue": "527200000", "costOfRevenue": "332100000", "costofGoodsAndServicesSold": "332100000", "operatingIncome": "103600000", "sellingGeneralAndAdministrative": "77700000", "researchAndDevelopment": "10800000", "operatingExpenses": "88500000", "investmentIncomeNet": "None", "netInterestIncome": "-1800000", "interestIncome": "200000", "interestExpense": "1800000", "nonInterestIncome": "None", "otherNonOperatingIncome": "5600000", "depreciation": "None", "depreciationAndAmortization": "26200000", "incomeBeforeTax": "102000000", "incomeTaxExpense": "16000000", "interestAndDebtExpense": "None", "netIncomeFromContinuingOperations": "86000000", "comprehensiveIncomeNetOfTax": "None", "ebit": "108200000", "ebitda": "134400000", "netIncome": "91200000"}, {"fiscalDateEnding": "2020-03-31", "reportedCurrency": "USD", "grossProfit": "167000000", "totalRevenue": "491500000", "costOfRevenue": "324500000", "costofGoodsAndServicesSold": "324500000", "operatingIncome": "88000000", "sellingGeneralAndAdministrative": "71800000", "researchAndDevelopment": "10700000", "operatingExpenses": "79000000", "investmentIncomeNet": "None", "netInterestIncome": "-1200000", "interestIncome": "800000", "interestExpense": "1200000", "nonInterestIncome": "None", "otherNonOperatingIncome": "3900000", "depreciation": "None", "depreciationAndAmortization": "26000000", "incomeBeforeTax": "86500000", "incomeTaxExpense": "15000000", "interestAndDebtExpense": "None", "netIncomeFromContinuingOperations": "71500000", "comprehensiveIncomeNetOfTax": "None", "ebit": "84400000", "ebitda": "110400000", "netIncome": "74300000"}, {"fiscalDateEnding": "2019-12-31", "reportedCurrency": "USD", "grossProfit": "153200000", "totalRevenue": "470600000", "costOfRevenue": "317400000", "costofGoodsAndServicesSold": "317400000", "operatingIncome": "78100000", "sellingGeneralAndAdministrative": "69000000", "researchAndDevelopment": "10200000", "operatingExpenses": "79200000", "investmentIncomeNet": "None", "netInterestIncome": "-800000", "interestIncome": "1300000", "interestExpense": "800000", "nonInterestIncome": "None", "otherNonOperatingIncome": "4400000", "depreciation": "None", "depreciationAndAmortization": "26300000", "incomeBeforeTax": "77400000", "incomeTaxExpense": "16500000", "interestAndDebtExpense": "None", "netIncomeFromContinuingOperations": "60900000", "comprehensiveIncomeNetOfTax": "None", "ebit": "73700000", "ebitda": "100000000", "netIncome": "63900000"}, {"fiscalDateEnding": "2019-09-30", "reportedCurrency": "USD", "grossProfit": "147800000", "totalRevenue": "456100000", "costOfRevenue": "308300000", "costofGoodsAndServicesSold": "308300000", "operatingIncome": "67300000", "sellingGeneralAndAdministrative": "64800000", "researchAndDevelopment": "9300000", "operatingExpenses": "74100000", "investmentIncomeNet": "None", "netInterestIncome": "-1100000", "interestIncome": "1000000", "interestExpense": "1100000", "nonInterestIncome": "None", "otherNonOperatingIncome": "2000000", "depreciation": "None", "depreciationAndAmortization": "25300000", "incomeBeforeTax": "64900000", "incomeTaxExpense": "10900000", "interestAndDebtExpense": "None", "netIncomeFromContinuingOperations": "54000000", "comprehensiveIncomeNetOfTax": "None", "ebit": "74800000", "ebitda": "100100000", "netIncome": "56300000"}, {"fiscalDateEnding": "2019-06-30", "reportedCurrency": "USD", "grossProfit": "157900000", "totalRevenue": "469700000", "costOfRevenue": "311800000", "costofGoodsAndServicesSold": "311800000", "operatingIncome": "80500000", "sellingGeneralAndAdministrative": "70300000", "researchAndDevelopment": "9600000", "operatingExpenses": "79900000", "investmentIncomeNet": "None", "netInterestIncome": "-1400000", "interestIncome": "600000", "interestExpense": "1400000", "nonInterestIncome": "None", "otherNonOperatingIncome": "3100000", "depreciation": "None", "depreciationAndAmortization": "26300000", "incomeBeforeTax": "79600000", "incomeTaxExpense": "15500000", "interestAndDebtExpense": "None", "netIncomeFromContinuingOperations": "64100000", "comprehensiveIncomeNetOfTax": "None", "ebit": "78900000", "ebitda": "105200000", "netIncome": "66100000"}, {"fiscalDateEnding": "2019-03-31", "reportedCurrency": "USD", "grossProfit": "146800000", "totalRevenue": "443500000", "costOfRevenue": "296700000", "costofGoodsAndServicesSold": "296700000", "operatingIncome": "70700000", "sellingGeneralAndAdministrative": "68600000", "researchAndDevelopment": "9800000", "operatingExpenses": "78400000", "investmentIncomeNet": "None", "netInterestIncome": "-1400000", "interestIncome": "900000", "interestExpense": "1400000", "nonInterestIncome": "None", "otherNonOperatingIncome": "3100000", "depreciation": "None", "depreciationAndAmortization": "25500000", "incomeBeforeTax": "69900000", "incomeTaxExpense": "16100000", "interestAndDebtExpense": "None", "netIncomeFromContinuingOperations": "53800000", "comprehensiveIncomeNetOfTax": "None", "ebit": "68300000", "ebitda": "93800000", "netIncome": "55400000"}, {"fiscalDateEnding": "2018-12-31", "reportedCurrency": "USD", "grossProfit": "133200000", "totalRevenue": "422500000", "costOfRevenue": "289300000", "costofGoodsAndServicesSold": "289300000", "operatingIncome": "65800000", "sellingGeneralAndAdministrative": "59700000", "researchAndDevelopment": "9800000", "operatingExpenses": "69500000", "investmentIncomeNet": "None", "netInterestIncome": "None", "interestIncome": "None", "interestExpense": "1600000", "nonInterestIncome": "None", "otherNonOperatingIncome": "3400000", "depreciation": "None", "depreciationAndAmortization": "26300000", "incomeBeforeTax": "65800000", "incomeTaxExpense": "14900000", "interestAndDebtExpense": "None", "netIncomeFromContinuingOperations": "50900000", "comprehensiveIncomeNetOfTax": "None", "ebit": "56400000", "ebitda": "82700000", "netIncome": "52000000"}, {"fiscalDateEnding": "2018-09-30", "reportedCurrency": "USD", "grossProfit": "135600000", "totalRevenue": "431700000", "costOfRevenue": "296100000", "costofGoodsAndServicesSold": "296100000", "operatingIncome": "60800000", "sellingGeneralAndAdministrative": "64900000", "researchAndDevelopment": "10100000", "operatingExpenses": "75000000", "investmentIncomeNet": "None", "netInterestIncome": "None", "interestIncome": "None", "interestExpense": "1500000", "nonInterestIncome": "None", "otherNonOperatingIncome": "4400000", "depreciation": "None", "depreciationAndAmortization": "26200000", "incomeBeforeTax": "61100000", "incomeTaxExpense": "8000000", "interestAndDebtExpense": "None", "netIncomeFromContinuingOperations": "53100000", "comprehensiveIncomeNetOfTax": "None", "ebit": "62400000", "ebitda": "88600000", "netIncome": "55200000"}, {"fiscalDateEnding": "2018-06-30", "reportedCurrency": "USD", "grossProfit": "142200000", "totalRevenue": "447500000", "costOfRevenue": "305300000", "costofGoodsAndServicesSold": "305300000", "operatingIncome": "60300000", "sellingGeneralAndAdministrative": "70000000", "researchAndDevelopment": "10800000", "operatingExpenses": "80800000", "investmentIncomeNet": "None", "netInterestIncome": "None", "interestIncome": "None", "interestExpense": "1900000", "nonInterestIncome": "None", "otherNonOperatingIncome": "4000000", "depreciation": "None", "depreciationAndAmortization": "25500000", "incomeBeforeTax": "60100000", "incomeTaxExpense": "6000000", "interestAndDebtExpense": "None", "netIncomeFromContinuingOperations": "54100000", "comprehensiveIncomeNetOfTax": "None", "ebit": "63300000", "ebitda": "88800000", "netIncome": "56100000"}, {"fiscalDateEnding": "2018-03-31", "reportedCurrency": "USD", "grossProfit": "134400000", "totalRevenue": "415700000", "costOfRevenue": "281300000", "costofGoodsAndServicesSold": "281300000", "operatingIncome": "53400000", "sellingGeneralAndAdministrative": "68300000", "researchAndDevelopment": "9600000", "operatingExpenses": "77900000", "investmentIncomeNet": "None", "netInterestIncome": "None", "interestIncome": "None", "interestExpense": "1300000", "nonInterestIncome": "None", "otherNonOperatingIncome": "4600000", "depreciation": "None", "depreciationAndAmortization": "26400000", "incomeBeforeTax": "53700000", "incomeTaxExpense": "12500000", "interestAndDebtExpense": "None", "netIncomeFromContinuingOperations": "41200000", "comprehensiveIncomeNetOfTax": "None", "ebit": "59000000", "ebitda": "85400000", "netIncome": "43600000"}, {"fiscalDateEnding": "2017-12-31", "reportedCurrency": "USD", "grossProfit": "128500000", "totalRevenue": "415600000", "costOfRevenue": "287100000", "costofGoodsAndServicesSold": "287100000", "operatingIncome": "61000000", "sellingGeneralAndAdministrative": "58900000", "researchAndDevelopment": "9700000", "operatingExpenses": "68600000", "investmentIncomeNet": "None", "netInterestIncome": "None", "interestIncome": "None", "interestExpense": "1700000", "nonInterestIncome": "None", "otherNonOperatingIncome": "2900000", "depreciation": "None", "depreciationAndAmortization": "24900000", "incomeBeforeTax": "59300000", "incomeTaxExpense": "61800000", "interestAndDebtExpense": "None", "netIncomeFromContinuingOperations": "-2500000", "comprehensiveIncomeNetOfTax": "None", "ebit": "61800000", "ebitda": "86700000", "netIncome": "-2500000"}, {"fiscalDateEnding": "2017-09-30", "reportedCurrency": "USD", "grossProfit": "125000000", "totalRevenue": "398200000", "costOfRevenue": "273200000", "costofGoodsAndServicesSold": "273200000", "operatingIncome": "63900000", "sellingGeneralAndAdministrative": "61500000", "researchAndDevelopment": "9100000", "operatingExpenses": "70600000", "investmentIncomeNet": "None", "netInterestIncome": "None", "interestIncome": "None", "interestExpense": "1000000", "nonInterestIncome": "None", "otherNonOperatingIncome": "2400000", "depreciation": "None", "depreciationAndAmortization": "25000000", "incomeBeforeTax": "62900000", "incomeTaxExpense": "14000000", "interestAndDebtExpense": "None", "netIncomeFromContinuingOperations": "48900000", "comprehensiveIncomeNetOfTax": "None", "ebit": "63800000", "ebitda": "88800000", "netIncome": "51000000"}, {"fiscalDateEnding": "2017-06-30", "reportedCurrency": "USD", "grossProfit": "125000000", "totalRevenue": "397600000", "costOfRevenue": "272600000", "costofGoodsAndServicesSold": "272600000", "operatingIncome": "42700000", "sellingGeneralAndAdministrative": "60600000", "researchAndDevelopment": "10000000", "operatingExpenses": "70600000", "investmentIncomeNet": "None", "netInterestIncome": "None", "interestIncome": "None", "interestExpense": "2000000", "nonInterestIncome": "None", "otherNonOperatingIncome": "1300000", "depreciation": "None", "depreciationAndAmortization": "23500000", "incomeBeforeTax": "40700000", "incomeTaxExpense": "2900000", "interestAndDebtExpense": "None", "netIncomeFromContinuingOperations": "37800000", "comprehensiveIncomeNetOfTax": "None", "ebit": "54100000", "ebitda": "77600000", "netIncome": "38800000"}, {"fiscalDateEnding": "2017-03-31", "reportedCurrency": "USD", "grossProfit": "134100000", "totalRevenue": "387700000", "costOfRevenue": "253600000", "costofGoodsAndServicesSold": "253600000", "operatingIncome": "61300000", "sellingGeneralAndAdministrative": "61600000", "researchAndDevelopment": "10300000", "operatingExpenses": "71900000", "investmentIncomeNet": "None", "netInterestIncome": "None", "interestIncome": "None", "interestExpense": "1800000", "nonInterestIncome": "None", "otherNonOperatingIncome": "3900000", "depreciation": "None", "depreciationAndAmortization": "23300000", "incomeBeforeTax": "59500000", "incomeTaxExpense": "2200000", "interestAndDebtExpense": "None", "netIncomeFromContinuingOperations": "57300000", "comprehensiveIncomeNetOfTax": "None", "ebit": "61600000", "ebitda": "84900000", "netIncome": "60900000"}, {"fiscalDateEnding": "2016-12-31", "reportedCurrency": "USD", "grossProfit": "123400000", "totalRevenue": "382300000", "costOfRevenue": "258900000", "costofGoodsAndServicesSold": "258900000", "operatingIncome": "54300000", "sellingGeneralAndAdministrative": "60900000", "researchAndDevelopment": "9600000", "operatingExpenses": "70500000", "investmentIncomeNet": "None", "netInterestIncome": "None", "interestIncome": "None", "interestExpense": "1100000", "nonInterestIncome": "None", "otherNonOperatingIncome": "2400000", "depreciation": "None", "depreciationAndAmortization": "22800000", "incomeBeforeTax": "53200000", "incomeTaxExpense": "16100000", "interestAndDebtExpense": "None", "netIncomeFromContinuingOperations": "37100000", "comprehensiveIncomeNetOfTax": "None", "ebit": "56000000", "ebitda": "78800000", "netIncome": "39100000"}, {"fiscalDateEnding": "2016-09-30", "reportedCurrency": "USD", "grossProfit": "121100000", "totalRevenue": "376700000", "costOfRevenue": "255600000", "costofGoodsAndServicesSold": "255600000", "operatingIncome": "51300000", "sellingGeneralAndAdministrative": "58300000", "researchAndDevelopment": "9000000", "operatingExpenses": "67300000", "investmentIncomeNet": "None", "netInterestIncome": "None", "interestIncome": "None", "interestExpense": "2000000", "nonInterestIncome": "None", "otherNonOperatingIncome": "2900000", "depreciation": "None", "depreciationAndAmortization": "22900000", "incomeBeforeTax": "49300000", "incomeTaxExpense": "14400000", "interestAndDebtExpense": "None", "netIncomeFromContinuingOperations": "34900000", "comprehensiveIncomeNetOfTax": "None", "ebit": "53600000", "ebitda": "76500000", "netIncome": "37600000"}, {"fiscalDateEnding": "2016-06-30", "reportedCurrency": "USD", "grossProfit": "133300000", "totalRevenue": "388000000", "costOfRevenue": "254700000", "costofGoodsAndServicesSold": "254700000", "operatingIncome": "61200000", "sellingGeneralAndAdministrative": "62500000", "researchAndDevelopment": "8800000", "operatingExpenses": "71300000", "investmentIncomeNet": "None", "netInterestIncome": "None", "interestIncome": "None", "interestExpense": "1700000", "nonInterestIncome": "None", "otherNonOperatingIncome": "2500000", "depreciation": "None", "depreciationAndAmortization": "22700000", "incomeBeforeTax": "59500000", "incomeTaxExpense": "17000000", "interestAndDebtExpense": "None", "netIncomeFromContinuingOperations": "42500000", "comprehensiveIncomeNetOfTax": "None", "ebit": "61400000", "ebitda": "84100000", "netIncome": "44700000"}, {"fiscalDateEnding": "2016-03-31", "reportedCurrency": "USD", "grossProfit": "123300000", "totalRevenue": "362100000", "costOfRevenue": "238800000", "costofGoodsAndServicesSold": "238800000", "operatingIncome": "30000000", "sellingGeneralAndAdministrative": "58100000", "researchAndDevelopment": "9400000", "operatingExpenses": "67500000", "investmentIncomeNet": "None", "netInterestIncome": "None", "interestIncome": "None", "interestExpense": "2200000", "nonInterestIncome": "None", "otherNonOperatingIncome": "1500000", "depreciation": "None", "depreciationAndAmortization": "22300000", "incomeBeforeTax": "27800000", "incomeTaxExpense": "6900000", "interestAndDebtExpense": "None", "netIncomeFromContinuingOperations": "20900000", "comprehensiveIncomeNetOfTax": "None", "ebit": "55800000", "ebitda": "78100000", "netIncome": "22100000"}, {"fiscalDateEnding": "2015-12-31", "reportedCurrency": "USD", "grossProfit": "119600000", "totalRevenue": "359700000", "costOfRevenue": "240100000", "costofGoodsAndServicesSold": "240100000", "operatingIncome": "45200000", "sellingGeneralAndAdministrative": "62400000", "researchAndDevelopment": "10000000", "operatingExpenses": "72400000", "investmentIncomeNet": "None", "netInterestIncome": "None", "interestIncome": "None", "interestExpense": "2600000", "nonInterestIncome": "None", "otherNonOperatingIncome": "2300000", "depreciation": "None", "depreciationAndAmortization": "23300000", "incomeBeforeTax": "42600000", "incomeTaxExpense": "11200000", "interestAndDebtExpense": "None", "netIncomeFromContinuingOperations": "31400000", "comprehensiveIncomeNetOfTax": "None", "ebit": "45900000", "ebitda": "69200000", "netIncome": "33400000"}, {"fiscalDateEnding": "2015-09-30", "reportedCurrency": "USD", "grossProfit": "108300000", "totalRevenue": "344500000", "costOfRevenue": "236200000", "costofGoodsAndServicesSold": "236200000", "operatingIncome": "-3500000", "sellingGeneralAndAdministrative": "54600000", "researchAndDevelopment": "8500000", "operatingExpenses": "63100000", "investmentIncomeNet": "None", "netInterestIncome": "None", "interestIncome": "None", "interestExpense": "3200000", "nonInterestIncome": "None", "otherNonOperatingIncome": "2100000", "depreciation": "None", "depreciationAndAmortization": "22400000", "incomeBeforeTax": "-6700000", "incomeTaxExpense": "-6600000", "interestAndDebtExpense": "None", "netIncomeFromContinuingOperations": "-100000", "comprehensiveIncomeNetOfTax": "None", "ebit": "-3000000", "ebitda": "19400000", "netIncome": "1500000"}, {"fiscalDateEnding": "2015-06-30", "reportedCurrency": "USD", "grossProfit": "118200000", "totalRevenue": "359700000", "costOfRevenue": "241500000", "costofGoodsAndServicesSold": "241500000", "operatingIncome": "39100000", "sellingGeneralAndAdministrative": "71700000", "researchAndDevelopment": "8100000", "operatingExpenses": "79800000", "investmentIncomeNet": "None", "netInterestIncome": "None", "interestIncome": "None", "interestExpense": "3000000", "nonInterestIncome": "None", "otherNonOperatingIncome": "1300000", "depreciation": "None", "depreciationAndAmortization": "22200000", "incomeBeforeTax": "36100000", "incomeTaxExpense": "9200000", "interestAndDebtExpense": "None", "netIncomeFromContinuingOperations": "26900000", "comprehensiveIncomeNetOfTax": "None", "ebit": "39200000", "ebitda": "61400000", "netIncome": "27800000"}, {"fiscalDateEnding": "2015-03-31", "reportedCurrency": "USD", "grossProfit": "109700000", "totalRevenue": "335900000", "costOfRevenue": "226200000", "costofGoodsAndServicesSold": "226200000", "operatingIncome": "47800000", "sellingGeneralAndAdministrative": "55200000", "researchAndDevelopment": "7500000", "operatingExpenses": "62700000", "investmentIncomeNet": "None", "netInterestIncome": "None", "interestIncome": "None", "interestExpense": "3700000", "nonInterestIncome": "None", "otherNonOperatingIncome": "1700000", "depreciation": "None", "depreciationAndAmortization": "22000000", "incomeBeforeTax": "44100000", "incomeTaxExpense": "12500000", "interestAndDebtExpense": "None", "netIncomeFromContinuingOperations": "31600000", "comprehensiveIncomeNetOfTax": "None", "ebit": "48000000", "ebitda": "70000000", "netIncome": "32900000"}, {"fiscalDateEnding": "2014-12-31", "reportedCurrency": "USD", "grossProfit": "109700000", "totalRevenue": "349800000", "costOfRevenue": "240100000", "costofGoodsAndServicesSold": "240100000", "operatingIncome": "44600000", "sellingGeneralAndAdministrative": "58800000", "researchAndDevelopment": "7800000", "operatingExpenses": "66600000", "investmentIncomeNet": "None", "netInterestIncome": "None", "interestIncome": "None", "interestExpense": "2900000", "nonInterestIncome": "None", "otherNonOperatingIncome": "2300000", "depreciation": "None", "depreciationAndAmortization": "22000000", "incomeBeforeTax": "41700000", "incomeTaxExpense": "11800000", "interestAndDebtExpense": "None", "netIncomeFromContinuingOperations": "29900000", "comprehensiveIncomeNetOfTax": "None", "ebit": "44900000", "ebitda": "66900000", "netIncome": "31400000"}, {"fiscalDateEnding": "2014-09-30", "reportedCurrency": "USD", "grossProfit": "109900000", "totalRevenue": "355900000", "costOfRevenue": "246000000", "costofGoodsAndServicesSold": "246000000", "operatingIncome": "44000000", "sellingGeneralAndAdministrative": "56000000", "researchAndDevelopment": "9600000", "operatingExpenses": "65600000", "investmentIncomeNet": "None", "netInterestIncome": "None", "interestIncome": "None", "interestExpense": "2700000", "nonInterestIncome": "None", "otherNonOperatingIncome": "3200000", "depreciation": "None", "depreciationAndAmortization": "23100000", "incomeBeforeTax": "41300000", "incomeTaxExpense": "11700000", "interestAndDebtExpense": "None", "netIncomeFromContinuingOperations": "29600000", "comprehensiveIncomeNetOfTax": "None", "ebit": "44300000", "ebitda": "67400000", "netIncome": "31000000"}, {"fiscalDateEnding": "2014-06-30", "reportedCurrency": "USD", "grossProfit": "121800000", "totalRevenue": "368900000", "costOfRevenue": "247100000", "costofGoodsAndServicesSold": "247100000", "operatingIncome": "54100000", "sellingGeneralAndAdministrative": "57500000", "researchAndDevelopment": "9900000", "operatingExpenses": "67400000", "investmentIncomeNet": "None", "netInterestIncome": "None", "interestIncome": "None", "interestExpense": "3700000", "nonInterestIncome": "None", "otherNonOperatingIncome": "1700000", "depreciation": "None", "depreciationAndAmortization": "23100000", "incomeBeforeTax": "50400000", "incomeTaxExpense": "14000000", "interestAndDebtExpense": "None", "netIncomeFromContinuingOperations": "36400000", "comprehensiveIncomeNetOfTax": "None", "ebit": "55100000", "ebitda": "78200000", "netIncome": "37600000"}, {"fiscalDateEnding": "2014-03-31", "reportedCurrency": "USD", "grossProfit": "106400000", "totalRevenue": "346800000", "costOfRevenue": "240400000", "costofGoodsAndServicesSold": "240400000", "operatingIncome": "39300000", "sellingGeneralAndAdministrative": "56400000", "researchAndDevelopment": "10000000", "operatingExpenses": "66400000", "investmentIncomeNet": "None", "netInterestIncome": "None", "interestIncome": "None", "interestExpense": "3600000", "nonInterestIncome": "None", "otherNonOperatingIncome": "1600000", "depreciation": "None", "depreciationAndAmortization": "21800000", "incomeBeforeTax": "35700000", "incomeTaxExpense": "9800000", "interestAndDebtExpense": "None", "netIncomeFromContinuingOperations": "25900000", "comprehensiveIncomeNetOfTax": "None", "ebit": "40400000", "ebitda": "62200000", "netIncome": "27100000"}, {"fiscalDateEnding": "2013-12-31", "reportedCurrency": "USD", "grossProfit": "106600000", "totalRevenue": "342700000", "costOfRevenue": "236100000", "costofGoodsAndServicesSold": "236100000", "operatingIncome": "36900000", "sellingGeneralAndAdministrative": "60000000", "researchAndDevelopment": "9700000", "operatingExpenses": "69700000", "investmentIncomeNet": "None", "netInterestIncome": "None", "interestIncome": "None", "interestExpense": "3400000", "nonInterestIncome": "None", "otherNonOperatingIncome": "1300000", "depreciation": "None", "depreciationAndAmortization": "22100000", "incomeBeforeTax": "33500000", "incomeTaxExpense": "10700000", "interestAndDebtExpense": "None", "netIncomeFromContinuingOperations": "22800000", "comprehensiveIncomeNetOfTax": "None", "ebit": "37700000", "ebitda": "59800000", "netIncome": "23600000"}, {"fiscalDateEnding": "2013-09-30", "reportedCurrency": "USD", "grossProfit": "105500000", "totalRevenue": "341800000", "costOfRevenue": "236300000", "costofGoodsAndServicesSold": "236300000", "operatingIncome": "39700000", "sellingGeneralAndAdministrative": "56100000", "researchAndDevelopment": "9600000", "operatingExpenses": "65700000", "investmentIncomeNet": "None", "netInterestIncome": "None", "interestIncome": "None", "interestExpense": "4000000", "nonInterestIncome": "None", "otherNonOperatingIncome": "2100000", "depreciation": "None", "depreciationAndAmortization": "21900000", "incomeBeforeTax": "35700000", "incomeTaxExpense": "10600000", "interestAndDebtExpense": "None", "netIncomeFromContinuingOperations": "25100000", "comprehensiveIncomeNetOfTax": "None", "ebit": "40200000", "ebitda": "62100000", "netIncome": "26800000"}, {"fiscalDateEnding": "2013-06-30", "reportedCurrency": "USD", "grossProfit": "110900000", "totalRevenue": "344500000", "costOfRevenue": "233600000", "costofGoodsAndServicesSold": "233600000", "operatingIncome": "42500000", "sellingGeneralAndAdministrative": "59700000", "researchAndDevelopment": "9500000", "operatingExpenses": "69200000", "investmentIncomeNet": "None", "netInterestIncome": "None", "interestIncome": "None", "interestExpense": "3700000", "nonInterestIncome": "None", "otherNonOperatingIncome": "2100000", "depreciation": "None", "depreciationAndAmortization": "20700000", "incomeBeforeTax": "38800000", "incomeTaxExpense": "10300000", "interestAndDebtExpense": "None", "netIncomeFromContinuingOperations": "28500000", "comprehensiveIncomeNetOfTax": "None", "ebit": "42900000", "ebitda": "63600000", "netIncome": "30200000"}, {"fiscalDateEnding": "2013-03-31", "reportedCurrency": "USD", "grossProfit": "111700000", "totalRevenue": "339400000", "costOfRevenue": "227700000", "costofGoodsAndServicesSold": "227700000", "operatingIncome": "43300000", "sellingGeneralAndAdministrative": "59100000", "researchAndDevelopment": "9100000", "operatingExpenses": "68200000", "investmentIncomeNet": "None", "netInterestIncome": "None", "interestIncome": "None", "interestExpense": "4000000", "nonInterestIncome": "None", "otherNonOperatingIncome": "1600000", "depreciation": "None", "depreciationAndAmortization": "20500000", "incomeBeforeTax": "39100000", "incomeTaxExpense": "8600000", "interestAndDebtExpense": "None", "netIncomeFromContinuingOperations": "30500000", "comprehensiveIncomeNetOfTax": "None", "ebit": "43700000", "ebitda": "64200000", "netIncome": "31700000"}, {"fiscalDateEnding": "2012-12-31", "reportedCurrency": "USD", "grossProfit": "97500000", "totalRevenue": "321500000", "costOfRevenue": "224000000", "costofGoodsAndServicesSold": "224000000", "operatingIncome": "31500000", "sellingGeneralAndAdministrative": "58600000", "researchAndDevelopment": "8600000", "operatingExpenses": "67200000", "investmentIncomeNet": "None", "netInterestIncome": "None", "interestIncome": "None", "interestExpense": "3200000", "nonInterestIncome": "None", "otherNonOperatingIncome": "400000", "depreciation": "None", "depreciationAndAmortization": "20200000", "incomeBeforeTax": "28300000", "incomeTaxExpense": "7300000", "interestAndDebtExpense": "None", "netIncomeFromContinuingOperations": "21000000", "comprehensiveIncomeNetOfTax": "None", "ebit": "31800000", "ebitda": "52000000", "netIncome": "21100000"}, {"fiscalDateEnding": "2012-09-30", "reportedCurrency": "USD", "grossProfit": "90400000", "totalRevenue": "303800000", "costOfRevenue": "213400000", "costofGoodsAndServicesSold": "213400000", "operatingIncome": "26300000", "sellingGeneralAndAdministrative": "53700000", "researchAndDevelopment": "8200000", "operatingExpenses": "62500000", "investmentIncomeNet": "None", "netInterestIncome": "None", "interestIncome": "None", "interestExpense": "3900000", "nonInterestIncome": "None", "otherNonOperatingIncome": "1900000", "depreciation": "None", "depreciationAndAmortization": "19300000", "incomeBeforeTax": "22400000", "incomeTaxExpense": "9000000", "interestAndDebtExpense": "None", "netIncomeFromContinuingOperations": "13400000", "comprehensiveIncomeNetOfTax": "None", "ebit": "26800000", "ebitda": "46100000", "netIncome": "14800000"}, {"fiscalDateEnding": "2012-06-30", "reportedCurrency": "USD", "grossProfit": "98700000", "totalRevenue": "324800000", "costOfRevenue": "226100000", "costofGoodsAndServicesSold": "226100000", "operatingIncome": "35600000", "sellingGeneralAndAdministrative": "54400000", "researchAndDevelopment": "8200000", "operatingExpenses": "59200000", "investmentIncomeNet": "None", "netInterestIncome": "None", "interestIncome": "None", "interestExpense": "4600000", "nonInterestIncome": "None", "otherNonOperatingIncome": "-8900000", "depreciation": "None", "depreciationAndAmortization": "18800000", "incomeBeforeTax": "20000000", "incomeTaxExpense": "6500000", "interestAndDebtExpense": "None", "netIncomeFromContinuingOperations": "13500000", "comprehensiveIncomeNetOfTax": "None", "ebit": "24600000", "ebitda": "43400000", "netIncome": "15600000"}, {"fiscalDateEnding": "2012-03-31", "reportedCurrency": "USD", "grossProfit": "101100000", "totalRevenue": "316300000", "costOfRevenue": "215200000", "costofGoodsAndServicesSold": "215200000", "operatingIncome": "41700000", "sellingGeneralAndAdministrative": "51300000", "researchAndDevelopment": "8300000", "operatingExpenses": "58800000", "investmentIncomeNet": "None", "netInterestIncome": "None", "interestIncome": "None", "interestExpense": "4300000", "nonInterestIncome": "None", "otherNonOperatingIncome": "1600000", "depreciation": "None", "depreciationAndAmortization": "18600000", "incomeBeforeTax": "37800000", "incomeTaxExpense": "9800000", "interestAndDebtExpense": "None", "netIncomeFromContinuingOperations": "28000000", "comprehensiveIncomeNetOfTax": "None", "ebit": "42100000", "ebitda": "60700000", "netIncome": "29200000"}, {"fiscalDateEnding": "2011-12-31", "reportedCurrency": "USD", "grossProfit": "85300000", "totalRevenue": "295400000", "costOfRevenue": "210100000", "costofGoodsAndServicesSold": "210100000", "operatingIncome": "27000000", "sellingGeneralAndAdministrative": "46300000", "researchAndDevelopment": "7200000", "operatingExpenses": "53500000", "investmentIncomeNet": "None", "netInterestIncome": "None", "interestIncome": "None", "interestExpense": "4400000", "nonInterestIncome": "None", "otherNonOperatingIncome": "1900000", "depreciation": "None", "depreciationAndAmortization": "18400000", "incomeBeforeTax": "23000000", "incomeTaxExpense": "5600000", "interestAndDebtExpense": "None", "netIncomeFromContinuingOperations": "17400000", "comprehensiveIncomeNetOfTax": "None", "ebit": "27400000", "ebitda": "45800000", "netIncome": "18800000"}, {"fiscalDateEnding": "2011-09-30", "reportedCurrency": "USD", "grossProfit": "81400000", "totalRevenue": "293600000", "costOfRevenue": "212200000", "costofGoodsAndServicesSold": "212200000", "operatingIncome": "26100000", "sellingGeneralAndAdministrative": "45700000", "researchAndDevelopment": "7700000", "operatingExpenses": "54000000", "investmentIncomeNet": "None", "netInterestIncome": "None", "interestIncome": "None", "interestExpense": "4100000", "nonInterestIncome": "None", "otherNonOperatingIncome": "1900000", "depreciation": "None", "depreciationAndAmortization": "18500000", "incomeBeforeTax": "22000000", "incomeTaxExpense": "6600000", "interestAndDebtExpense": "None", "netIncomeFromContinuingOperations": "15400000", "comprehensiveIncomeNetOfTax": "None", "ebit": "26500000", "ebitda": "45000000", "netIncome": "16900000"}, {"fiscalDateEnding": "2011-06-30", "reportedCurrency": "USD", "grossProfit": "84600000", "totalRevenue": "307900000", "costOfRevenue": "223300000", "costofGoodsAndServicesSold": "223300000", "operatingIncome": "27800000", "sellingGeneralAndAdministrative": "48500000", "researchAndDevelopment": "7300000", "operatingExpenses": "56200000", "investmentIncomeNet": "None", "netInterestIncome": "None", "interestIncome": "None", "interestExpense": "4600000", "nonInterestIncome": "None", "otherNonOperatingIncome": "2200000", "depreciation": "None", "depreciationAndAmortization": "19300000", "incomeBeforeTax": "23500000", "incomeTaxExpense": "5300000", "interestAndDebtExpense": "None", "netIncomeFromContinuingOperations": "18200000", "comprehensiveIncomeNetOfTax": "None", "ebit": "28100000", "ebitda": "47400000", "netIncome": "20100000"}, {"fiscalDateEnding": "2011-03-31", "reportedCurrency": "USD", "grossProfit": "88000000", "totalRevenue": "295400000", "costOfRevenue": "207400000", "costofGoodsAndServicesSold": "207400000", "operatingIncome": "28800000", "sellingGeneralAndAdministrative": "50600000", "researchAndDevelopment": "6900000", "operatingExpenses": "57300000", "investmentIncomeNet": "None", "netInterestIncome": "None", "interestIncome": "None", "interestExpense": "4700000", "nonInterestIncome": "None", "otherNonOperatingIncome": "1600000", "depreciation": "None", "depreciationAndAmortization": "19500000", "incomeBeforeTax": "24300000", "incomeTaxExpense": "6100000", "interestAndDebtExpense": "None", "netIncomeFromContinuingOperations": "18200000", "comprehensiveIncomeNetOfTax": "None", "ebit": "29000000", "ebitda": "48500000", "netIncome": "19600000"}, {"fiscalDateEnding": "2010-12-31", "reportedCurrency": "USD", "grossProfit": "78000000", "totalRevenue": "276800000", "costOfRevenue": "198800000", "costofGoodsAndServicesSold": "198800000", "operatingIncome": "5900000", "sellingGeneralAndAdministrative": "50500000", "researchAndDevelopment": "6900000", "operatingExpenses": "57400000", "investmentIncomeNet": "None", "netInterestIncome": "None", "interestIncome": "None", "interestExpense": "4700000", "nonInterestIncome": "None", "otherNonOperatingIncome": "None", "depreciation": "None", "depreciationAndAmortization": "19500000", "incomeBeforeTax": "1500000", "incomeTaxExpense": "-3700000", "interestAndDebtExpense": "None", "netIncomeFromContinuingOperations": "0", "comprehensiveIncomeNetOfTax": "None", "ebit": "6200000", "ebitda": "25700000", "netIncome": "6000000"}, {"fiscalDateEnding": "2010-09-30", "reportedCurrency": "USD", "grossProfit": "74700000", "totalRevenue": "271400000", "costOfRevenue": "196700000", "costofGoodsAndServicesSold": "196700000", "operatingIncome": "25300000", "sellingGeneralAndAdministrative": "44900000", "researchAndDevelopment": "5900000", "operatingExpenses": "51000000", "investmentIncomeNet": "None", "netInterestIncome": "None", "interestIncome": "None", "interestExpense": "4100000", "nonInterestIncome": "None", "otherNonOperatingIncome": "1200000", "depreciation": "None", "depreciationAndAmortization": "18300000", "incomeBeforeTax": "21200000", "incomeTaxExpense": "4500000", "interestAndDebtExpense": "None", "netIncomeFromContinuingOperations": "16700000", "comprehensiveIncomeNetOfTax": "None", "ebit": "25400000", "ebitda": "43700000", "netIncome": "17800000"}, {"fiscalDateEnding": "2010-06-30", "reportedCurrency": "USD", "grossProfit": "83200000", "totalRevenue": "281800000", "costOfRevenue": "198600000", "costofGoodsAndServicesSold": "198600000", "operatingIncome": "30500000", "sellingGeneralAndAdministrative": "45800000", "researchAndDevelopment": "5700000", "operatingExpenses": "52300000", "investmentIncomeNet": "None", "netInterestIncome": "None", "interestIncome": "None", "interestExpense": "3800000", "nonInterestIncome": "None", "otherNonOperatingIncome": "1700000", "depreciation": "None", "depreciationAndAmortization": "17700000", "incomeBeforeTax": "26700000", "incomeTaxExpense": "6600000", "interestAndDebtExpense": "None", "netIncomeFromContinuingOperations": "20100000", "comprehensiveIncomeNetOfTax": "None", "ebit": "12800000", "ebitda": "30500000", "netIncome": "21700000"}, {"fiscalDateEnding": "2010-03-31", "reportedCurrency": "USD", "grossProfit": "82200000", "totalRevenue": "274700000", "costOfRevenue": "192500000", "costofGoodsAndServicesSold": "192500000", "operatingIncome": "28900000", "sellingGeneralAndAdministrative": "46600000", "researchAndDevelopment": "5400000", "operatingExpenses": "52700000", "investmentIncomeNet": "None", "netInterestIncome": "None", "interestIncome": "None", "interestExpense": "3900000", "nonInterestIncome": "None", "otherNonOperatingIncome": "None", "depreciation": "None", "depreciationAndAmortization": "17700000", "incomeBeforeTax": "25000000", "incomeTaxExpense": "6200000", "interestAndDebtExpense": "None", "netIncomeFromContinuingOperations": "0", "comprehensiveIncomeNetOfTax": "None", "ebit": "29000000", "ebitda": "46700000", "netIncome": "19800000"}, {"fiscalDateEnding": "2009-12-31", "reportedCurrency": "USD", "grossProfit": "83900000", "totalRevenue": "293400000", "costOfRevenue": "209500000", "costofGoodsAndServicesSold": "209500000", "operatingIncome": "21700000", "sellingGeneralAndAdministrative": "45400000", "researchAndDevelopment": "5800000", "operatingExpenses": "51200000", "investmentIncomeNet": "None", "netInterestIncome": "None", "interestIncome": "None", "interestExpense": "4100000", "nonInterestIncome": "None", "otherNonOperatingIncome": "None", "depreciation": "None", "depreciationAndAmortization": "18300000", "incomeBeforeTax": "17800000", "incomeTaxExpense": "-1100000", "interestAndDebtExpense": "None", "netIncomeFromContinuingOperations": "0", "comprehensiveIncomeNetOfTax": "None", "ebit": "21900000", "ebitda": "40200000", "netIncome": "20300000"}, {"fiscalDateEnding": "2009-09-30", "reportedCurrency": "USD", "grossProfit": "71700000", "totalRevenue": "258900000", "costOfRevenue": "187200000", "costofGoodsAndServicesSold": "187200000", "operatingIncome": "25900000", "sellingGeneralAndAdministrative": "44300000", "researchAndDevelopment": "5100000", "operatingExpenses": "49400000", "investmentIncomeNet": "None", "netInterestIncome": "None", "interestIncome": "None", "interestExpense": "3500000", "nonInterestIncome": "None", "otherNonOperatingIncome": "None", "depreciation": "None", "depreciationAndAmortization": "18300000", "incomeBeforeTax": "22400000", "incomeTaxExpense": "6000000", "interestAndDebtExpense": "None", "netIncomeFromContinuingOperations": "0", "comprehensiveIncomeNetOfTax": "None", "ebit": "26200000", "ebitda": "44500000", "netIncome": "17200000"}, {"fiscalDateEnding": "2009-06-30", "reportedCurrency": "USD", "grossProfit": "78700000", "totalRevenue": "261000000", "costOfRevenue": "182300000", "costofGoodsAndServicesSold": "182300000", "operatingIncome": "28600000", "sellingGeneralAndAdministrative": "45100000", "researchAndDevelopment": "4700000", "operatingExpenses": "49700000", "investmentIncomeNet": "None", "netInterestIncome": "None", "interestIncome": "None", "interestExpense": "3400000", "nonInterestIncome": "None", "otherNonOperatingIncome": "None", "depreciation": "None", "depreciationAndAmortization": "16500000", "incomeBeforeTax": "25200000", "incomeTaxExpense": "6000000", "interestAndDebtExpense": "None", "netIncomeFromContinuingOperations": "0", "comprehensiveIncomeNetOfTax": "None", "ebit": "28800000", "ebitda": "45300000", "netIncome": "19700000"}, {"fiscalDateEnding": "2009-03-31", "reportedCurrency": "USD", "grossProfit": "69300000", "totalRevenue": "242400000", "costOfRevenue": "173100000", "costofGoodsAndServicesSold": "173100000", "operatingIncome": "21200000", "sellingGeneralAndAdministrative": "42900000", "researchAndDevelopment": "4300000", "operatingExpenses": "47200000", "investmentIncomeNet": "None", "netInterestIncome": "None", "interestIncome": "None", "interestExpense": "3900000", "nonInterestIncome": "None", "otherNonOperatingIncome": "None", "depreciation": "None", "depreciationAndAmortization": "15000000", "incomeBeforeTax": "17600000", "incomeTaxExpense": "2500000", "interestAndDebtExpense": "None", "netIncomeFromContinuingOperations": "0", "comprehensiveIncomeNetOfTax": "None", "ebit": "21500000", "ebitda": "36500000", "netIncome": "15400000"}, {"fiscalDateEnding": "2008-12-31", "reportedCurrency": "USD", "grossProfit": "69600000", "totalRevenue": "244800000", "costOfRevenue": "175200000", "costofGoodsAndServicesSold": "175200000", "operatingIncome": "25600000", "sellingGeneralAndAdministrative": "36800000", "researchAndDevelopment": "3900000", "operatingExpenses": "40700000", "investmentIncomeNet": "None", "netInterestIncome": "None", "interestIncome": "None", "interestExpense": "4300000", "nonInterestIncome": "None", "otherNonOperatingIncome": "None", "depreciation": "None", "depreciationAndAmortization": "15200000", "incomeBeforeTax": "21500000", "incomeTaxExpense": "3700000", "interestAndDebtExpense": "None", "netIncomeFromContinuingOperations": "0", "comprehensiveIncomeNetOfTax": "None", "ebit": "29800000", "ebitda": "45000000", "netIncome": "17700000"}, {"fiscalDateEnding": "2008-09-30", "reportedCurrency": "USD", "grossProfit": "66000000", "totalRevenue": "256200000", "costOfRevenue": "190200000", "costofGoodsAndServicesSold": "190200000", "operatingIncome": "17900000", "sellingGeneralAndAdministrative": "41500000", "researchAndDevelopment": "4600000", "operatingExpenses": "46100000", "investmentIncomeNet": "None", "netInterestIncome": "None", "interestIncome": "None", "interestExpense": "4300000", "nonInterestIncome": "None", "otherNonOperatingIncome": "None", "depreciation": "None", "depreciationAndAmortization": "15500000", "incomeBeforeTax": "14000000", "incomeTaxExpense": "800000", "interestAndDebtExpense": "None", "netIncomeFromContinuingOperations": "0", "comprehensiveIncomeNetOfTax": "None", "ebit": "18300000", "ebitda": "33800000", "netIncome": "13300000"}, {"fiscalDateEnding": "2008-06-30", "reportedCurrency": "USD", "grossProfit": "83600000", "totalRevenue": "279300000", "costOfRevenue": "195700000", "costofGoodsAndServicesSold": "195700000", "operatingIncome": "42600000", "sellingGeneralAndAdministrative": "40900000", "researchAndDevelopment": "4900000", "operatingExpenses": "45800000", "investmentIncomeNet": "None", "netInterestIncome": "None", "interestIncome": "None", "interestExpense": "4200000", "nonInterestIncome": "None", "otherNonOperatingIncome": "None", "depreciation": "None", "depreciationAndAmortization": "15200000", "incomeBeforeTax": "39100000", "incomeTaxExpense": "10800000", "interestAndDebtExpense": "None", "netIncomeFromContinuingOperations": "0", "comprehensiveIncomeNetOfTax": "None", "ebit": "43300000", "ebitda": "58500000", "netIncome": "28700000"}, {"fiscalDateEnding": "2008-03-31", "reportedCurrency": "USD", "grossProfit": "83500000", "totalRevenue": "270700000", "costOfRevenue": "187200000", "costofGoodsAndServicesSold": "187200000", "operatingIncome": "38100000", "sellingGeneralAndAdministrative": "40100000", "researchAndDevelopment": "5400000", "operatingExpenses": "44400000", "investmentIncomeNet": "None", "netInterestIncome": "None", "interestIncome": "None", "interestExpense": "4099999", "nonInterestIncome": "None", "otherNonOperatingIncome": "None", "depreciation": "None", "depreciationAndAmortization": "14700000", "incomeBeforeTax": "35000000", "incomeTaxExpense": "8500000", "interestAndDebtExpense": "None", "netIncomeFromContinuingOperations": "0", "comprehensiveIncomeNetOfTax": "None", "ebit": "39100000", "ebitda": "53800000", "netIncome": "26200000"}, {"fiscalDateEnding": "2007-12-31", "reportedCurrency": "USD", "grossProfit": "70500000", "totalRevenue": "256100000", "costOfRevenue": "185600000", "costofGoodsAndServicesSold": "185600000", "operatingIncome": "7600000", "sellingGeneralAndAdministrative": "39700000", "researchAndDevelopment": "4600000", "operatingExpenses": "34600000", "investmentIncomeNet": "None", "netInterestIncome": "None", "interestIncome": "None", "interestExpense": "4600000", "nonInterestIncome": "None", "otherNonOperatingIncome": "None", "depreciation": "None", "depreciationAndAmortization": "14400000", "incomeBeforeTax": "5000000", "incomeTaxExpense": "-200000", "interestAndDebtExpense": "None", "netIncomeFromContinuingOperations": "0", "comprehensiveIncomeNetOfTax": "None", "ebit": "35900000", "ebitda": "50300000", "netIncome": "6000000"}, {"fiscalDateEnding": "2007-09-30", "reportedCurrency": "USD", "grossProfit": "64300000", "totalRevenue": "242700000", "costOfRevenue": "178400000", "costofGoodsAndServicesSold": "178400000", "operatingIncome": "12900000", "sellingGeneralAndAdministrative": "37700000", "researchAndDevelopment": "4100000", "operatingExpenses": "51400000", "investmentIncomeNet": "None", "netInterestIncome": "None", "interestIncome": "None", "interestExpense": "3900000", "nonInterestIncome": "None", "otherNonOperatingIncome": "None", "depreciation": "None", "depreciationAndAmortization": "13900000", "incomeBeforeTax": "10900000", "incomeTaxExpense": "-800000", "interestAndDebtExpense": "None", "netIncomeFromContinuingOperations": "0", "comprehensiveIncomeNetOfTax": "None", "ebit": "-1000000", "ebitda": "12900000", "netIncome": "12200000"}, {"fiscalDateEnding": "2007-06-30", "reportedCurrency": "USD", "grossProfit": "76700000", "totalRevenue": "263700000", "costOfRevenue": "187000000", "costofGoodsAndServicesSold": "187000000", "operatingIncome": "34900000", "sellingGeneralAndAdministrative": "38200000", "researchAndDevelopment": "3800000", "operatingExpenses": "41800000", "investmentIncomeNet": "None", "netInterestIncome": "None", "interestIncome": "None", "interestExpense": "3900000", "nonInterestIncome": "None", "otherNonOperatingIncome": "None", "depreciation": "None", "depreciationAndAmortization": "14300000", "incomeBeforeTax": "33200000", "incomeTaxExpense": "7000000", "interestAndDebtExpense": "None", "netIncomeFromContinuingOperations": "0", "comprehensiveIncomeNetOfTax": "None", "ebit": "20600000", "ebitda": "34900000", "netIncome": "26000000"}, {"fiscalDateEnding": "2007-03-31", "reportedCurrency": "USD", "grossProfit": "80400000", "totalRevenue": "257600000", "costOfRevenue": "177200000", "costofGoodsAndServicesSold": "177200000", "operatingIncome": "39600000", "sellingGeneralAndAdministrative": "37000000", "researchAndDevelopment": "3600000", "operatingExpenses": "40800000", "investmentIncomeNet": "None", "netInterestIncome": "None", "interestIncome": "None", "interestExpense": "2900000", "nonInterestIncome": "None", "otherNonOperatingIncome": "None", "depreciation": "None", "depreciationAndAmortization": "14000000", "incomeBeforeTax": "37300000", "incomeTaxExpense": "11200000", "interestAndDebtExpense": "None", "netIncomeFromContinuingOperations": "0", "comprehensiveIncomeNetOfTax": "None", "ebit": "25600000", "ebitda": "39600000", "netIncome": "26500000"}, {"fiscalDateEnding": "2006-12-31", "reportedCurrency": "USD", "grossProfit": "65600000", "totalRevenue": "231900000", "costOfRevenue": "166300000", "costofGoodsAndServicesSold": "166300000", "operatingIncome": "21000000", "sellingGeneralAndAdministrative": "43900000", "researchAndDevelopment": "3100000", "operatingExpenses": "44600000", "investmentIncomeNet": "None", "netInterestIncome": "None", "interestIncome": "None", "interestExpense": "2800000", "nonInterestIncome": "None", "otherNonOperatingIncome": "None", "depreciation": "None", "depreciationAndAmortization": "13700000", "incomeBeforeTax": "18900000", "incomeTaxExpense": "5200000", "interestAndDebtExpense": "None", "netIncomeFromContinuingOperations": "0", "comprehensiveIncomeNetOfTax": "None", "ebit": "21000000", "ebitda": "34700000", "netIncome": "15000000"}, {"fiscalDateEnding": "2006-09-30", "reportedCurrency": "USD", "grossProfit": "58800000", "totalRevenue": "218400000", "costOfRevenue": "159600000", "costofGoodsAndServicesSold": "159600000", "operatingIncome": "19700000", "sellingGeneralAndAdministrative": "37100000", "researchAndDevelopment": "2900000", "operatingExpenses": "39100000", "investmentIncomeNet": "None", "netInterestIncome": "None", "interestIncome": "None", "interestExpense": "3200000", "nonInterestIncome": "None", "otherNonOperatingIncome": "None", "depreciation": "None", "depreciationAndAmortization": "13200000", "incomeBeforeTax": "17000000", "incomeTaxExpense": "4900000", "interestAndDebtExpense": "None", "netIncomeFromContinuingOperations": "0", "comprehensiveIncomeNetOfTax": "None", "ebit": "6500000", "ebitda": "19700000", "netIncome": "13300000"}, {"fiscalDateEnding": "2006-06-30", "reportedCurrency": "USD", "grossProfit": "70500000", "totalRevenue": "240200000", "costOfRevenue": "169700000", "costofGoodsAndServicesSold": "169700000", "operatingIncome": "32100000", "sellingGeneralAndAdministrative": "36900000", "researchAndDevelopment": "2700000", "operatingExpenses": "38400000", "investmentIncomeNet": "None", "netInterestIncome": "None", "interestIncome": "None", "interestExpense": "3600000", "nonInterestIncome": "None", "otherNonOperatingIncome": "None", "depreciation": "None", "depreciationAndAmortization": "13000000", "incomeBeforeTax": "29300000", "incomeTaxExpense": "9200000", "interestAndDebtExpense": "None", "netIncomeFromContinuingOperations": "0", "comprehensiveIncomeNetOfTax": "None", "ebit": "19100000", "ebitda": "32100000", "netIncome": "20700000"}, {"fiscalDateEnding": "2006-03-31", "reportedCurrency": "USD", "grossProfit": "66900000", "totalRevenue": "222800000", "costOfRevenue": "155900000", "costofGoodsAndServicesSold": "155900000", "operatingIncome": "28200000", "sellingGeneralAndAdministrative": "38000000", "researchAndDevelopment": "2400000", "operatingExpenses": "38700000", "investmentIncomeNet": "None", "netInterestIncome": "None", "interestIncome": "None", "interestExpense": "3000000", "nonInterestIncome": "None", "otherNonOperatingIncome": "None", "depreciation": "None", "depreciationAndAmortization": "12800000", "incomeBeforeTax": "19300000", "incomeTaxExpense": "5400000", "interestAndDebtExpense": "None", "netIncomeFromContinuingOperations": "0", "comprehensiveIncomeNetOfTax": "None", "ebit": "15400000", "ebitda": "28200000", "netIncome": "18100000"}, {"fiscalDateEnding": "2005-12-31", "reportedCurrency": "USD", "grossProfit": "51800000", "totalRevenue": "195700000", "costOfRevenue": "143900000", "costofGoodsAndServicesSold": "143900000", "operatingIncome": "19000000", "sellingGeneralAndAdministrative": "32400000", "researchAndDevelopment": "7900000", "operatingExpenses": "32600000", "investmentIncomeNet": "None", "netInterestIncome": "None", "interestIncome": "None", "interestExpense": "4400000", "nonInterestIncome": "None", "otherNonOperatingIncome": "None", "depreciation": "None", "depreciationAndAmortization": "13600000", "incomeBeforeTax": "500000", "incomeTaxExpense": "-14600000", "interestAndDebtExpense": "None", "netIncomeFromContinuingOperations": "0", "comprehensiveIncomeNetOfTax": "None", "ebit": "19200000", "ebitda": "32800000", "netIncome": "11700000"}, {"fiscalDateEnding": "2005-09-30", "reportedCurrency": "USD", "grossProfit": "43800000", "totalRevenue": "181600000", "costOfRevenue": "137800000", "costofGoodsAndServicesSold": "137800000", "operatingIncome": "13200000", "sellingGeneralAndAdministrative": "30700000", "researchAndDevelopment": "0", "operatingExpenses": "30700000", "investmentIncomeNet": "None", "netInterestIncome": "None", "interestIncome": "None", "interestExpense": "4500000", "nonInterestIncome": "None", "otherNonOperatingIncome": "None", "depreciation": "None", "depreciationAndAmortization": "13000000", "incomeBeforeTax": "9500000", "incomeTaxExpense": "3000000", "interestAndDebtExpense": "None", "netIncomeFromContinuingOperations": "0", "comprehensiveIncomeNetOfTax": "None", "ebit": "13100000", "ebitda": "26100000", "netIncome": "7800000"}, {"fiscalDateEnding": "2005-06-30", "reportedCurrency": "USD", "grossProfit": "50600000", "totalRevenue": "173000000", "costOfRevenue": "122400000", "costofGoodsAndServicesSold": "122400000", "operatingIncome": "19900000", "sellingGeneralAndAdministrative": "31900000", "researchAndDevelopment": "0", "operatingExpenses": "32100000", "investmentIncomeNet": "None", "netInterestIncome": "None", "interestIncome": "None", "interestExpense": "2900000", "nonInterestIncome": "None", "otherNonOperatingIncome": "None", "depreciation": "None", "depreciationAndAmortization": "10800000", "incomeBeforeTax": "17000000", "incomeTaxExpense": "5500000", "interestAndDebtExpense": "None", "netIncomeFromContinuingOperations": "0", "comprehensiveIncomeNetOfTax": "None", "ebit": "18500000", "ebitda": "29300000", "netIncome": "12800000"}, {"fiscalDateEnding": "2005-03-31", "reportedCurrency": "USD", "grossProfit": "46400000", "totalRevenue": "149500000", "costOfRevenue": "103100000", "costofGoodsAndServicesSold": "103100000", "operatingIncome": "20100000", "sellingGeneralAndAdministrative": "25200000", "researchAndDevelopment": "0", "operatingExpenses": "26300000", "investmentIncomeNet": "None", "netInterestIncome": "None", "interestIncome": "None", "interestExpense": "2000000", "nonInterestIncome": "None", "otherNonOperatingIncome": "None", "depreciation": "None", "depreciationAndAmortization": "10000000", "incomeBeforeTax": "18100000", "incomeTaxExpense": "5700000", "interestAndDebtExpense": "None", "netIncomeFromContinuingOperations": "0", "comprehensiveIncomeNetOfTax": "None", "ebit": "10100000", "ebitda": "20100000", "netIncome": "13300000"}, {"fiscalDateEnding": "2004-12-31", "reportedCurrency": "USD", "grossProfit": "35800000", "totalRevenue": "134600000", "costOfRevenue": "98800000", "costofGoodsAndServicesSold": "98800000", "operatingIncome": "19400000", "sellingGeneralAndAdministrative": "15100000", "researchAndDevelopment": "6400000", "operatingExpenses": "15400000", "investmentIncomeNet": "None", "netInterestIncome": "None", "interestIncome": "None", "interestExpense": "1600000", "nonInterestIncome": "None", "otherNonOperatingIncome": "None", "depreciation": "None", "depreciationAndAmortization": "7600000", "incomeBeforeTax": "17800000", "incomeTaxExpense": "3600000", "interestAndDebtExpense": "None", "netIncomeFromContinuingOperations": "0", "comprehensiveIncomeNetOfTax": "None", "ebit": "20400000", "ebitda": "28000000", "netIncome": "400000"}]}