{"symbol": "SNA", "annualReports": [{"fiscalDateEnding": "2024-12-31", "reportedCurrency": "USD", "grossProfit": "2377900000", "totalRevenue": "4707400000", "costOfRevenue": "2329500000", "costofGoodsAndServicesSold": "2329500000", "operatingIncome": "1345700000", "sellingGeneralAndAdministrative": "None", "researchAndDevelopment": "None", "operatingExpenses": "1032200000", "investmentIncomeNet": "None", "netInterestIncome": "284300000", "interestIncome": "458000000", "interestExpense": "49600000", "nonInterestIncome": "None", "otherNonOperatingIncome": "None", "depreciation": "None", "depreciationAndAmortization": "98000000", "incomeBeforeTax": "1373100000", "incomeTaxExpense": "304200000", "interestAndDebtExpense": "None", "netIncomeFromContinuingOperations": "1068900000", "comprehensiveIncomeNetOfTax": "None", "ebit": "1422700000", "ebitda": "1520700000", "netIncome": "1043900000"}, {"fiscalDateEnding": "2023-12-31", "reportedCurrency": "USD", "grossProfit": "2619800000", "totalRevenue": "5108300000", "costOfRevenue": "2488500000", "costofGoodsAndServicesSold": "2488500000", "operatingIncome": "1310400000", "sellingGeneralAndAdministrative": "1227100000", "researchAndDevelopment": "64700000", "operatingExpenses": "1313700000", "investmentIncomeNet": "None", "netInterestIncome": "-9700000", "interestIncome": "40200000", "interestExpense": "157500000", "nonInterestIncome": "None", "otherNonOperatingIncome": "None", "depreciation": "None", "depreciationAndAmortization": "99300000", "incomeBeforeTax": "1328000000", "incomeTaxExpense": "293400000", "interestAndDebtExpense": "None", "netIncomeFromContinuingOperations": "1034600000", "comprehensiveIncomeNetOfTax": "None", "ebit": "1379500000", "ebitda": "1478800000", "netIncome": "1011100000"}, {"fiscalDateEnding": "2022-12-31", "reportedCurrency": "USD", "grossProfit": "2181100000", "totalRevenue": "4492800000", "costOfRevenue": "2311700000", "costofGoodsAndServicesSold": "2311700000", "operatingIncome": "1207200000", "sellingGeneralAndAdministrative": "1141900000", "researchAndDevelopment": "60100000", "operatingExpenses": "973900000", "investmentIncomeNet": "None", "netInterestIncome": "-47100000", "interestIncome": "47100000", "interestExpense": "47100000", "nonInterestIncome": "None", "otherNonOperatingIncome": "42500000", "depreciation": "None", "depreciationAndAmortization": "100200000", "incomeBeforeTax": "1202600000", "incomeTaxExpense": "268700000", "interestAndDebtExpense": "None", "netIncomeFromContinuingOperations": "933900000", "comprehensiveIncomeNetOfTax": "None", "ebit": "1251300000", "ebitda": "1351500000", "netIncome": "911700000"}, {"fiscalDateEnding": "2021-12-31", "reportedCurrency": "USD", "grossProfit": "2110800000", "totalRevenue": "4252000000", "costOfRevenue": "2141200000", "costofGoodsAndServicesSold": "2141200000", "operatingIncome": "1123500000", "sellingGeneralAndAdministrative": "1169100000", "researchAndDevelopment": "61100000", "operatingExpenses": "987300000", "investmentIncomeNet": "None", "netInterestIncome": "-53100000", "interestIncome": "53100000", "interestExpense": "53100000", "nonInterestIncome": "None", "otherNonOperatingIncome": "18000000", "depreciation": "None", "depreciationAndAmortization": "104800000", "incomeBeforeTax": "1086900000", "incomeTaxExpense": "247000000", "interestAndDebtExpense": "None", "netIncomeFromContinuingOperations": "841400000", "comprehensiveIncomeNetOfTax": "None", "ebit": "1144300000", "ebitda": "1249100000", "netIncome": "820500000"}, {"fiscalDateEnding": "2020-12-31", "reportedCurrency": "USD", "grossProfit": "1748500000", "totalRevenue": "3592500000", "costOfRevenue": "1844000000", "costofGoodsAndServicesSold": "1844000000", "operatingIncome": "880500000", "sellingGeneralAndAdministrative": "1016800000", "researchAndDevelopment": "57400000", "operatingExpenses": "868000000", "investmentIncomeNet": "None", "netInterestIncome": "-54000000", "interestIncome": "54000000", "interestExpense": "54000000", "nonInterestIncome": "None", "otherNonOperatingIncome": "9000000", "depreciation": "None", "depreciationAndAmortization": "96700000", "incomeBeforeTax": "835200000", "incomeTaxExpense": "189100000", "interestAndDebtExpense": "None", "netIncomeFromContinuingOperations": "646100000", "comprehensiveIncomeNetOfTax": "None", "ebit": "894700000", "ebitda": "991400000", "netIncome": "627000000"}, {"fiscalDateEnding": "2019-12-31", "reportedCurrency": "USD", "grossProfit": "1844000000", "totalRevenue": "3730000000", "costOfRevenue": "1886000000", "costofGoodsAndServicesSold": "1886000000", "operatingIncome": "962300000", "sellingGeneralAndAdministrative": "1023800000", "researchAndDevelopment": "59100000", "operatingExpenses": "881700000", "investmentIncomeNet": "None", "netInterestIncome": "-47500000", "interestIncome": "1500000", "interestExpense": "49000000", "nonInterestIncome": "None", "otherNonOperatingIncome": "9700000", "depreciation": "None", "depreciationAndAmortization": "101200000", "incomeBeforeTax": "922100000", "incomeTaxExpense": "211800000", "interestAndDebtExpense": "None", "netIncomeFromContinuingOperations": "710300000", "comprehensiveIncomeNetOfTax": "None", "ebit": "962300000", "ebitda": "1063500000", "netIncome": "693500000"}, {"fiscalDateEnding": "2018-12-31", "reportedCurrency": "USD", "grossProfit": "1870000000", "totalRevenue": "3740700000", "costOfRevenue": "1870700000", "costofGoodsAndServicesSold": "1870700000", "operatingIncome": "956100000", "sellingGeneralAndAdministrative": "1025100000", "researchAndDevelopment": "61200000", "operatingExpenses": "913900000", "investmentIncomeNet": "None", "netInterestIncome": "-49800000", "interestIncome": "600000", "interestExpense": "50400000", "nonInterestIncome": "None", "otherNonOperatingIncome": "4900000", "depreciation": "None", "depreciationAndAmortization": "94100000", "incomeBeforeTax": "909900000", "incomeTaxExpense": "214400000", "interestAndDebtExpense": "None", "netIncomeFromContinuingOperations": "695500000", "comprehensiveIncomeNetOfTax": "None", "ebit": "960300000", "ebitda": "1054400000", "netIncome": "679900000"}, {"fiscalDateEnding": "2017-12-31", "reportedCurrency": "USD", "grossProfit": "1824900000", "totalRevenue": "3686900000", "costOfRevenue": "1862000000", "costofGoodsAndServicesSold": "1862000000", "operatingIncome": "881500000", "sellingGeneralAndAdministrative": "1045600000", "researchAndDevelopment": "60900000", "operatingExpenses": "943400000", "investmentIncomeNet": "None", "netInterestIncome": "-52100000", "interestIncome": "300000", "interestExpense": "52400000", "nonInterestIncome": "None", "otherNonOperatingIncome": "-6000000", "depreciation": "None", "depreciationAndAmortization": "93200000", "incomeBeforeTax": "821900000", "incomeTaxExpense": "250900000", "interestAndDebtExpense": "None", "netIncomeFromContinuingOperations": "571000000", "comprehensiveIncomeNetOfTax": "None", "ebit": "874300000", "ebitda": "967500000", "netIncome": "557700000"}, {"fiscalDateEnding": "2016-12-31", "reportedCurrency": "USD", "grossProfit": "1709600000", "totalRevenue": "3430400000", "costOfRevenue": "1720800000", "costofGoodsAndServicesSold": "1720800000", "operatingIncome": "854200000", "sellingGeneralAndAdministrative": "948800000", "researchAndDevelopment": "53400000", "operatingExpenses": "855400000", "investmentIncomeNet": "None", "netInterestIncome": "-51600000", "interestIncome": "600000", "interestExpense": "52200000", "nonInterestIncome": "None", "otherNonOperatingIncome": "1900000", "depreciation": "None", "depreciationAndAmortization": "85600000", "incomeBeforeTax": "801400000", "incomeTaxExpense": "244300000", "interestAndDebtExpense": "None", "netIncomeFromContinuingOperations": "557100000", "comprehensiveIncomeNetOfTax": "None", "ebit": "853600000", "ebitda": "939200000", "netIncome": "546400000"}, {"fiscalDateEnding": "2015-12-31", "reportedCurrency": "USD", "grossProfit": "1648300000", "totalRevenue": "3352800000", "costOfRevenue": "1704500000", "costofGoodsAndServicesSold": "1704500000", "operatingIncome": "764800000", "sellingGeneralAndAdministrative": "954200000", "researchAndDevelopment": "49300000", "operatingExpenses": "883500000", "investmentIncomeNet": "None", "netInterestIncome": "None", "interestIncome": "38600000", "interestExpense": "51900000", "nonInterestIncome": "None", "otherNonOperatingIncome": "-1100000", "depreciation": "None", "depreciationAndAmortization": "82500000", "incomeBeforeTax": "710500000", "incomeTaxExpense": "221200000", "interestAndDebtExpense": "None", "netIncomeFromContinuingOperations": "489300000", "comprehensiveIncomeNetOfTax": "None", "ebit": "762400000", "ebitda": "844900000", "netIncome": "478700000"}, {"fiscalDateEnding": "2014-12-31", "reportedCurrency": "USD", "grossProfit": "1584300000", "totalRevenue": "3277700000", "costOfRevenue": "1693400000", "costofGoodsAndServicesSold": "1693400000", "operatingIncome": "684700000", "sellingGeneralAndAdministrative": "996500000", "researchAndDevelopment": "66000000", "operatingExpenses": "899600000", "investmentIncomeNet": "None", "netInterestIncome": "None", "interestIncome": "None", "interestExpense": "52900000", "nonInterestIncome": "None", "otherNonOperatingIncome": "-200000", "depreciation": "None", "depreciationAndAmortization": "79500000", "incomeBeforeTax": "630900000", "incomeTaxExpense": "199500000", "interestAndDebtExpense": "None", "netIncomeFromContinuingOperations": "431400000", "comprehensiveIncomeNetOfTax": "None", "ebit": "683800000", "ebitda": "763300000", "netIncome": "421900000"}, {"fiscalDateEnding": "2013-12-31", "reportedCurrency": "USD", "grossProfit": "1472900000", "totalRevenue": "3056500000", "costOfRevenue": "1583600000", "costofGoodsAndServicesSold": "1583600000", "operatingIncome": "586200000", "sellingGeneralAndAdministrative": "960600000", "researchAndDevelopment": "63300000", "operatingExpenses": "886700000", "investmentIncomeNet": "None", "netInterestIncome": "None", "interestIncome": "None", "interestExpense": "56100000", "nonInterestIncome": "None", "otherNonOperatingIncome": "-3700000", "depreciation": "None", "depreciationAndAmortization": "76700000", "incomeBeforeTax": "526200000", "incomeTaxExpense": "166700000", "interestAndDebtExpense": "None", "netIncomeFromContinuingOperations": "359500000", "comprehensiveIncomeNetOfTax": "None", "ebit": "582300000", "ebitda": "659000000", "netIncome": "350300000"}, {"fiscalDateEnding": "2012-12-31", "reportedCurrency": "USD", "grossProfit": "1390000000", "totalRevenue": "2937900000", "costOfRevenue": "1547900000", "costofGoodsAndServicesSold": "1547900000", "operatingIncome": "516400000", "sellingGeneralAndAdministrative": "924600000", "researchAndDevelopment": "59100000", "operatingExpenses": "873600000", "investmentIncomeNet": "None", "netInterestIncome": "None", "interestIncome": "None", "interestExpense": "55800000", "nonInterestIncome": "None", "otherNonOperatingIncome": "2200000", "depreciation": "None", "depreciationAndAmortization": "76700000", "incomeBeforeTax": "460200000", "incomeTaxExpense": "148200000", "interestAndDebtExpense": "None", "netIncomeFromContinuingOperations": "312000000", "comprehensiveIncomeNetOfTax": "None", "ebit": "516000000", "ebitda": "592700000", "netIncome": "306100000"}, {"fiscalDateEnding": "2011-12-31", "reportedCurrency": "USD", "grossProfit": "1337900000", "totalRevenue": "2854200000", "costOfRevenue": "1516300000", "costofGoodsAndServicesSold": "1516300000", "operatingIncome": "475100000", "sellingGeneralAndAdministrative": "953700000", "researchAndDevelopment": "41200000", "operatingExpenses": "953700000", "investmentIncomeNet": "None", "netInterestIncome": "None", "interestIncome": "None", "interestExpense": "112600000", "nonInterestIncome": "None", "otherNonOperatingIncome": "3600000", "depreciation": "None", "depreciationAndAmortization": "74600000", "incomeBeforeTax": "412900000", "incomeTaxExpense": "133700000", "interestAndDebtExpense": "None", "netIncomeFromContinuingOperations": "279200000", "comprehensiveIncomeNetOfTax": "None", "ebit": "508500000", "ebitda": "583100000", "netIncome": "276300000"}, {"fiscalDateEnding": "2010-12-31", "reportedCurrency": "USD", "grossProfit": "1225500000", "totalRevenue": "2681500000", "costOfRevenue": "1456000000", "costofGoodsAndServicesSold": "1456000000", "operatingIncome": "331400000", "sellingGeneralAndAdministrative": "938600000", "researchAndDevelopment": "38100000", "operatingExpenses": "894100000", "investmentIncomeNet": "None", "netInterestIncome": "None", "interestIncome": "None", "interestExpense": "54800000", "nonInterestIncome": "None", "otherNonOperatingIncome": "4000000", "depreciation": "None", "depreciationAndAmortization": "72700000", "incomeBeforeTax": "277400000", "incomeTaxExpense": "87600000", "interestAndDebtExpense": "None", "netIncomeFromContinuingOperations": "189800000", "comprehensiveIncomeNetOfTax": "None", "ebit": "331400000", "ebitda": "404100000", "netIncome": "186500000"}, {"fiscalDateEnding": "2009-12-31", "reportedCurrency": "USD", "grossProfit": "1057600000", "totalRevenue": "2362500000", "costOfRevenue": "1304900000", "costofGoodsAndServicesSold": "1304900000", "operatingIncome": "250700000", "sellingGeneralAndAdministrative": "858700000", "researchAndDevelopment": "36700000", "operatingExpenses": "824400000", "investmentIncomeNet": "None", "netInterestIncome": "None", "interestIncome": "None", "interestExpense": "47700000", "nonInterestIncome": "None", "otherNonOperatingIncome": "None", "depreciation": "None", "depreciationAndAmortization": "74600000", "incomeBeforeTax": "205300000", "incomeTaxExpense": "62700000", "interestAndDebtExpense": "None", "netIncomeFromContinuingOperations": "None", "comprehensiveIncomeNetOfTax": "None", "ebit": "250700000", "ebitda": "325300000", "netIncome": "134200000"}, {"fiscalDateEnding": "2008-12-31", "reportedCurrency": "USD", "grossProfit": "1284600000", "totalRevenue": "2853300000", "costOfRevenue": "1568700000", "costofGoodsAndServicesSold": "1568700000", "operatingIncome": "388800000", "sellingGeneralAndAdministrative": "964600000", "researchAndDevelopment": "43300000", "operatingExpenses": "933100000", "investmentIncomeNet": "None", "netInterestIncome": "None", "interestIncome": "None", "interestExpense": "33800000", "nonInterestIncome": "None", "otherNonOperatingIncome": "None", "depreciation": "None", "depreciationAndAmortization": "72000000", "incomeBeforeTax": "357800000", "incomeTaxExpense": "117800000", "interestAndDebtExpense": "None", "netIncomeFromContinuingOperations": "None", "comprehensiveIncomeNetOfTax": "None", "ebit": "388800000", "ebitda": "460800000", "netIncome": "236700000"}, {"fiscalDateEnding": "2007-12-31", "reportedCurrency": "USD", "grossProfit": "1266600000", "totalRevenue": "2841200000", "costOfRevenue": "1574600000", "costofGoodsAndServicesSold": "1574600000", "operatingIncome": "324800000", "sellingGeneralAndAdministrative": "997200000", "researchAndDevelopment": "47600000", "operatingExpenses": "941800000", "investmentIncomeNet": "None", "netInterestIncome": "None", "interestIncome": "None", "interestExpense": "46100000", "nonInterestIncome": "None", "otherNonOperatingIncome": "None", "depreciation": "None", "depreciationAndAmortization": "75700000", "incomeBeforeTax": "284200000", "incomeTaxExpense": "92500000", "interestAndDebtExpense": "None", "netIncomeFromContinuingOperations": "None", "comprehensiveIncomeNetOfTax": "None", "ebit": "296900000", "ebitda": "372600000", "netIncome": "181200000"}, {"fiscalDateEnding": "2006-12-31", "reportedCurrency": "USD", "grossProfit": "1098900000", "totalRevenue": "2522400000", "costOfRevenue": "1423500000", "costofGoodsAndServicesSold": "1423500000", "operatingIncome": "164900000", "sellingGeneralAndAdministrative": "922300000", "researchAndDevelopment": "45700000", "operatingExpenses": "934000000", "investmentIncomeNet": "None", "netInterestIncome": "None", "interestIncome": "None", "interestExpense": "20600000", "nonInterestIncome": "None", "otherNonOperatingIncome": "None", "depreciation": "None", "depreciationAndAmortization": "51900000", "incomeBeforeTax": "145900000", "incomeTaxExpense": "45800000", "interestAndDebtExpense": "None", "netIncomeFromContinuingOperations": "None", "comprehensiveIncomeNetOfTax": "None", "ebit": "163300000", "ebitda": "215200000", "netIncome": "100100000"}, {"fiscalDateEnding": "2005-12-31", "reportedCurrency": "USD", "grossProfit": "1073500000", "totalRevenue": "2362200000", "costOfRevenue": "1288700000", "costofGoodsAndServicesSold": "1288700000", "operatingIncome": "168000000", "sellingGeneralAndAdministrative": "905500000", "researchAndDevelopment": "50000000", "operatingExpenses": "905500000", "investmentIncomeNet": "None", "netInterestIncome": "None", "interestIncome": "None", "interestExpense": "21700000", "nonInterestIncome": "None", "otherNonOperatingIncome": "None", "depreciation": "None", "depreciationAndAmortization": "52200000", "incomeBeforeTax": "148000000", "incomeTaxExpense": "55100000", "interestAndDebtExpense": "None", "netIncomeFromContinuingOperations": "None", "comprehensiveIncomeNetOfTax": "None", "ebit": "166300000", "ebitda": "218500000", "netIncome": "92900000"}], "quarterlyReports": [{"fiscalDateEnding": "2025-03-31", "reportedCurrency": "USD", "grossProfit": "578500000", "totalRevenue": "1141100000", "costOfRevenue": "562600000", "costofGoodsAndServicesSold": "562600000", "operatingIncome": "313400000", "sellingGeneralAndAdministrative": "None", "researchAndDevelopment": "None", "operatingExpenses": "265100000", "investmentIncomeNet": "None", "netInterestIncome": "71800000", "interestIncome": "116000000", "interestExpense": "12400000", "nonInterestIncome": "None", "otherNonOperatingIncome": "None", "depreciation": "None", "depreciationAndAmortization": "24000000", "incomeBeforeTax": "315400000", "incomeTaxExpense": "68700000", "interestAndDebtExpense": "None", "netIncomeFromContinuingOperations": "246700000", "comprehensiveIncomeNetOfTax": "None", "ebit": "327800000", "ebitda": "351800000", "netIncome": "240500000"}, {"fiscalDateEnding": "2024-12-31", "reportedCurrency": "USD", "grossProfit": "596100000", "totalRevenue": "1198700000", "costOfRevenue": "602600000", "costofGoodsAndServicesSold": "602600000", "operatingIncome": "331900000", "sellingGeneralAndAdministrative": "None", "researchAndDevelopment": "None", "operatingExpenses": "264200000", "investmentIncomeNet": "None", "netInterestIncome": "69100000", "interestIncome": "115200000", "interestExpense": "12300000", "nonInterestIncome": "None", "otherNonOperatingIncome": "None", "depreciation": "None", "depreciationAndAmortization": "24300000", "incomeBeforeTax": "339200000", "incomeTaxExpense": "75000000", "interestAndDebtExpense": "None", "netIncomeFromContinuingOperations": "264200000", "comprehensiveIncomeNetOfTax": "None", "ebit": "351500000", "ebitda": "375800000", "netIncome": "258100000"}, {"fiscalDateEnding": "2024-09-30", "reportedCurrency": "USD", "grossProfit": "587800000", "totalRevenue": "1147000000", "costOfRevenue": "559200000", "costofGoodsAndServicesSold": "559200000", "operatingIncome": "324100000", "sellingGeneralAndAdministrative": "None", "researchAndDevelopment": "None", "operatingExpenses": "335400000", "investmentIncomeNet": "None", "netInterestIncome": "74400000", "interestIncome": "115600000", "interestExpense": "12500000", "nonInterestIncome": "None", "otherNonOperatingIncome": "None", "depreciation": "None", "depreciationAndAmortization": "24600000", "incomeBeforeTax": "332200000", "incomeTaxExpense": "74700000", "interestAndDebtExpense": "None", "netIncomeFromContinuingOperations": "257500000", "comprehensiveIncomeNetOfTax": "None", "ebit": "345100000", "ebitda": "369700000", "netIncome": "251100000"}, {"fiscalDateEnding": "2024-06-30", "reportedCurrency": "USD", "grossProfit": "667500000", "totalRevenue": "1279900000", "costOfRevenue": "612400000", "costofGoodsAndServicesSold": "612400000", "operatingIncome": "339300000", "sellingGeneralAndAdministrative": "None", "researchAndDevelopment": "None", "operatingExpenses": "328200000", "investmentIncomeNet": "None", "netInterestIncome": "1900000", "interestIncome": "14200000", "interestExpense": "12300000", "nonInterestIncome": "None", "otherNonOperatingIncome": "None", "depreciation": "None", "depreciationAndAmortization": "24600000", "incomeBeforeTax": "356900000", "incomeTaxExpense": "79300000", "interestAndDebtExpense": "None", "netIncomeFromContinuingOperations": "277600000", "comprehensiveIncomeNetOfTax": "None", "ebit": "368100000", "ebitda": "392700000", "netIncome": "271200000"}, {"fiscalDateEnding": "2024-03-31", "reportedCurrency": "USD", "grossProfit": "665000000", "totalRevenue": "1281900000", "costOfRevenue": "616900000", "costofGoodsAndServicesSold": "616900000", "operatingIncome": "339200000", "sellingGeneralAndAdministrative": "7000000", "researchAndDevelopment": "None", "operatingExpenses": "325800000", "investmentIncomeNet": "None", "netInterestIncome": "400000", "interestIncome": "12900000", "interestExpense": "12500000", "nonInterestIncome": "None", "otherNonOperatingIncome": "None", "depreciation": "None", "depreciationAndAmortization": "24500000", "incomeBeforeTax": "344800000", "incomeTaxExpense": "75200000", "interestAndDebtExpense": "None", "netIncomeFromContinuingOperations": "269600000", "comprehensiveIncomeNetOfTax": "None", "ebit": "346200000", "ebitda": "370700000", "netIncome": "263500000"}, {"fiscalDateEnding": "2023-12-31", "reportedCurrency": "USD", "grossProfit": "645500000", "totalRevenue": "1293800000", "costOfRevenue": "648300000", "costofGoodsAndServicesSold": "648300000", "operatingIncome": "325800000", "sellingGeneralAndAdministrative": "275200000", "researchAndDevelopment": "75200000", "operatingExpenses": "319700000", "investmentIncomeNet": "None", "netInterestIncome": "-1100000", "interestIncome": "11400000", "interestExpense": "12900000", "nonInterestIncome": "None", "otherNonOperatingIncome": "None", "depreciation": "None", "depreciationAndAmortization": "25000000", "incomeBeforeTax": "330800000", "incomeTaxExpense": "69500000", "interestAndDebtExpense": "None", "netIncomeFromContinuingOperations": "261300000", "comprehensiveIncomeNetOfTax": "None", "ebit": "343700000", "ebitda": "368700000", "netIncome": "255300000"}, {"fiscalDateEnding": "2023-09-30", "reportedCurrency": "USD", "grossProfit": "578200000", "totalRevenue": "1159300000", "costOfRevenue": "581100000", "costofGoodsAndServicesSold": "581100000", "operatingIncome": "314600000", "sellingGeneralAndAdministrative": "None", "researchAndDevelopment": "None", "operatingExpenses": "263600000", "investmentIncomeNet": "None", "netInterestIncome": "-1500000", "interestIncome": "3700000", "interestExpense": "12400000", "nonInterestIncome": "None", "otherNonOperatingIncome": "None", "depreciation": "None", "depreciationAndAmortization": "24600000", "incomeBeforeTax": "320200000", "incomeTaxExpense": "71100000", "interestAndDebtExpense": "None", "netIncomeFromContinuingOperations": "249100000", "comprehensiveIncomeNetOfTax": "None", "ebit": "334800000", "ebitda": "359400000", "netIncome": "243100000"}, {"fiscalDateEnding": "2023-06-30", "reportedCurrency": "USD", "grossProfit": "603700000", "totalRevenue": "1191300000", "costOfRevenue": "587600000", "costofGoodsAndServicesSold": "587600000", "operatingIncome": "343900000", "sellingGeneralAndAdministrative": "None", "researchAndDevelopment": "None", "operatingExpenses": "259800000", "investmentIncomeNet": "None", "netInterestIncome": "-12600000", "interestIncome": "9900000", "interestExpense": "12600000", "nonInterestIncome": "None", "otherNonOperatingIncome": "16800000", "depreciation": "None", "depreciationAndAmortization": "41600000", "incomeBeforeTax": "348100000", "incomeTaxExpense": "78200000", "interestAndDebtExpense": "None", "netIncomeFromContinuingOperations": "269900000", "comprehensiveIncomeNetOfTax": "None", "ebit": "343900000", "ebitda": "385500000", "netIncome": "264000000"}, {"fiscalDateEnding": "2023-03-31", "reportedCurrency": "USD", "grossProfit": "589600000", "totalRevenue": "1183000000", "costOfRevenue": "593400000", "costofGoodsAndServicesSold": "593400000", "operatingIncome": "326100000", "sellingGeneralAndAdministrative": "9600000", "researchAndDevelopment": "None", "operatingExpenses": "263500000", "investmentIncomeNet": "None", "netInterestIncome": "-12400000", "interestIncome": "8000000", "interestExpense": "12400000", "nonInterestIncome": "None", "otherNonOperatingIncome": "15200000", "depreciation": "None", "depreciationAndAmortization": "40100000", "incomeBeforeTax": "328900000", "incomeTaxExpense": "74600000", "interestAndDebtExpense": "None", "netIncomeFromContinuingOperations": "254300000", "comprehensiveIncomeNetOfTax": "None", "ebit": "326100000", "ebitda": "366200000", "netIncome": "248700000"}, {"fiscalDateEnding": "2022-12-31", "reportedCurrency": "USD", "grossProfit": "560700000", "totalRevenue": "1155900000", "costOfRevenue": "595200000", "costofGoodsAndServicesSold": "595200000", "operatingIncome": "311900000", "sellingGeneralAndAdministrative": "273400000", "researchAndDevelopment": "71700000", "operatingExpenses": "248800000", "investmentIncomeNet": "None", "netInterestIncome": "-12000000", "interestIncome": "12000000", "interestExpense": "12000000", "nonInterestIncome": "None", "otherNonOperatingIncome": "11800000", "depreciation": "None", "depreciationAndAmortization": "36500000", "incomeBeforeTax": "311700000", "incomeTaxExpense": "67200000", "interestAndDebtExpense": "None", "netIncomeFromContinuingOperations": "244500000", "comprehensiveIncomeNetOfTax": "None", "ebit": "311900000", "ebitda": "348400000", "netIncome": "238900000"}, {"fiscalDateEnding": "2022-09-30", "reportedCurrency": "USD", "grossProfit": "532600000", "totalRevenue": "1102500000", "costOfRevenue": "569900000", "costofGoodsAndServicesSold": "569900000", "operatingIncome": "289900000", "sellingGeneralAndAdministrative": "None", "researchAndDevelopment": "None", "operatingExpenses": "242700000", "investmentIncomeNet": "None", "netInterestIncome": "-7200000", "interestIncome": "4600000", "interestExpense": "11800000", "nonInterestIncome": "None", "otherNonOperatingIncome": "13100000", "depreciation": "None", "depreciationAndAmortization": "38400000", "incomeBeforeTax": "291200000", "incomeTaxExpense": "61700000", "interestAndDebtExpense": "None", "netIncomeFromContinuingOperations": "229500000", "comprehensiveIncomeNetOfTax": "None", "ebit": "289900000", "ebitda": "328300000", "netIncome": "223900000"}, {"fiscalDateEnding": "2022-06-30", "reportedCurrency": "USD", "grossProfit": "553500000", "totalRevenue": "1136600000", "costOfRevenue": "583100000", "costofGoodsAndServicesSold": "583100000", "operatingIncome": "311900000", "sellingGeneralAndAdministrative": "None", "researchAndDevelopment": "None", "operatingExpenses": "241600000", "investmentIncomeNet": "None", "netInterestIncome": "-10100000", "interestIncome": "1600000", "interestExpense": "11700000", "nonInterestIncome": "None", "otherNonOperatingIncome": "9300000", "depreciation": "None", "depreciationAndAmortization": "36300000", "incomeBeforeTax": "309500000", "incomeTaxExpense": "72300000", "interestAndDebtExpense": "None", "netIncomeFromContinuingOperations": "237200000", "comprehensiveIncomeNetOfTax": "None", "ebit": "311900000", "ebitda": "348200000", "netIncome": "231500000"}, {"fiscalDateEnding": "2022-03-31", "reportedCurrency": "USD", "grossProfit": "534300000", "totalRevenue": "1097800000", "costOfRevenue": "563500000", "costofGoodsAndServicesSold": "563500000", "operatingIncome": "293500000", "sellingGeneralAndAdministrative": "None", "researchAndDevelopment": "None", "operatingExpenses": "240800000", "investmentIncomeNet": "None", "netInterestIncome": "-11100000", "interestIncome": "500000", "interestExpense": "11600000", "nonInterestIncome": "None", "otherNonOperatingIncome": "8300000", "depreciation": "None", "depreciationAndAmortization": "34000000", "incomeBeforeTax": "290200000", "incomeTaxExpense": "67500000", "interestAndDebtExpense": "None", "netIncomeFromContinuingOperations": "222700000", "comprehensiveIncomeNetOfTax": "None", "ebit": "293500000", "ebitda": "327500000", "netIncome": "217400000"}, {"fiscalDateEnding": "2021-12-31", "reportedCurrency": "USD", "grossProfit": "533400000", "totalRevenue": "1108300000", "costOfRevenue": "574900000", "costofGoodsAndServicesSold": "574900000", "operatingIncome": "299400000", "sellingGeneralAndAdministrative": "268000000", "researchAndDevelopment": "72500000", "operatingExpenses": "234000000", "investmentIncomeNet": "None", "netInterestIncome": "-11300000", "interestIncome": "11300000", "interestExpense": "11300000", "nonInterestIncome": "None", "otherNonOperatingIncome": "5100000", "depreciation": "None", "depreciationAndAmortization": "29700000", "incomeBeforeTax": "293200000", "incomeTaxExpense": "64100000", "interestAndDebtExpense": "None", "netIncomeFromContinuingOperations": "229100000", "comprehensiveIncomeNetOfTax": "None", "ebit": "304500000", "ebitda": "334200000", "netIncome": "223700000"}, {"fiscalDateEnding": "2021-09-30", "reportedCurrency": "USD", "grossProfit": "520700000", "totalRevenue": "1037700000", "costOfRevenue": "517000000", "costofGoodsAndServicesSold": "517000000", "operatingIncome": "271900000", "sellingGeneralAndAdministrative": "None", "researchAndDevelopment": "None", "operatingExpenses": "248800000", "investmentIncomeNet": "None", "netInterestIncome": "-12800000", "interestIncome": "400000", "interestExpense": "13200000", "nonInterestIncome": "None", "otherNonOperatingIncome": "3700000", "depreciation": "None", "depreciationAndAmortization": "24900000", "incomeBeforeTax": "262400000", "incomeTaxExpense": "60900000", "interestAndDebtExpense": "None", "netIncomeFromContinuingOperations": "201500000", "comprehensiveIncomeNetOfTax": "None", "ebit": "276100000", "ebitda": "301000000", "netIncome": "196200000"}, {"fiscalDateEnding": "2021-06-30", "reportedCurrency": "USD", "grossProfit": "543100000", "totalRevenue": "1081400000", "costOfRevenue": "538300000", "costofGoodsAndServicesSold": "538300000", "operatingIncome": "286000000", "sellingGeneralAndAdministrative": "None", "researchAndDevelopment": "None", "operatingExpenses": "257100000", "investmentIncomeNet": "None", "netInterestIncome": "-13900000", "interestIncome": "400000", "interestExpense": "14300000", "nonInterestIncome": "None", "otherNonOperatingIncome": "4400000", "depreciation": "None", "depreciationAndAmortization": "25500000", "incomeBeforeTax": "275100000", "incomeTaxExpense": "62900000", "interestAndDebtExpense": "None", "netIncomeFromContinuingOperations": "213200000", "comprehensiveIncomeNetOfTax": "None", "ebit": "289400000", "ebitda": "314900000", "netIncome": "208000000"}, {"fiscalDateEnding": "2021-03-31", "reportedCurrency": "USD", "grossProfit": "513600000", "totalRevenue": "1024600000", "costOfRevenue": "511000000", "costofGoodsAndServicesSold": "511000000", "operatingIncome": "266200000", "sellingGeneralAndAdministrative": "None", "researchAndDevelopment": "None", "operatingExpenses": "247400000", "investmentIncomeNet": "None", "netInterestIncome": "-13900000", "interestIncome": "400000", "interestExpense": "14300000", "nonInterestIncome": "None", "otherNonOperatingIncome": "4800000", "depreciation": "None", "depreciationAndAmortization": "24700000", "incomeBeforeTax": "256200000", "incomeTaxExpense": "59100000", "interestAndDebtExpense": "None", "netIncomeFromContinuingOperations": "197100000", "comprehensiveIncomeNetOfTax": "None", "ebit": "270700000", "ebitda": "295400000", "netIncome": "192600000"}, {"fiscalDateEnding": "2020-12-31", "reportedCurrency": "USD", "grossProfit": "516200000", "totalRevenue": "1074400000", "costOfRevenue": "558200000", "costofGoodsAndServicesSold": "558200000", "operatingIncome": "284700000", "sellingGeneralAndAdministrative": "258400000", "researchAndDevelopment": "67900000", "operatingExpenses": "231500000", "investmentIncomeNet": "None", "netInterestIncome": "-15400000", "interestIncome": "15400000", "interestExpense": "15400000", "nonInterestIncome": "None", "otherNonOperatingIncome": "2700000", "depreciation": "None", "depreciationAndAmortization": "25200000", "incomeBeforeTax": "271700000", "incomeTaxExpense": "58200000", "interestAndDebtExpense": "None", "netIncomeFromContinuingOperations": "213500000", "comprehensiveIncomeNetOfTax": "None", "ebit": "287100000", "ebitda": "312300000", "netIncome": "208900000"}, {"fiscalDateEnding": "2020-09-30", "reportedCurrency": "USD", "grossProfit": "469500000", "totalRevenue": "941600000", "costOfRevenue": "472100000", "costofGoodsAndServicesSold": "472100000", "operatingIncome": "251300000", "sellingGeneralAndAdministrative": "None", "researchAndDevelopment": "None", "operatingExpenses": "218200000", "investmentIncomeNet": "None", "netInterestIncome": "-13300000", "interestIncome": "13700000", "interestExpense": "13800000", "nonInterestIncome": "None", "otherNonOperatingIncome": "2300000", "depreciation": "None", "depreciationAndAmortization": "23900000", "incomeBeforeTax": "240300000", "incomeTaxExpense": "55100000", "interestAndDebtExpense": "None", "netIncomeFromContinuingOperations": "185200000", "comprehensiveIncomeNetOfTax": "None", "ebit": "254100000", "ebitda": "278000000", "netIncome": "179700000"}, {"fiscalDateEnding": "2020-06-30", "reportedCurrency": "USD", "grossProfit": "341200000", "totalRevenue": "724300000", "costOfRevenue": "383100000", "costofGoodsAndServicesSold": "383100000", "operatingIncome": "148700000", "sellingGeneralAndAdministrative": "None", "researchAndDevelopment": "None", "operatingExpenses": "192500000", "investmentIncomeNet": "None", "netInterestIncome": "-13100000", "interestIncome": "300000", "interestExpense": "13400000", "nonInterestIncome": "None", "otherNonOperatingIncome": "2500000", "depreciation": "None", "depreciationAndAmortization": "23800000", "incomeBeforeTax": "137300000", "incomeTaxExpense": "31900000", "interestAndDebtExpense": "None", "netIncomeFromContinuingOperations": "105400000", "comprehensiveIncomeNetOfTax": "None", "ebit": "151400000", "ebitda": "175200000", "netIncome": "101200000"}, {"fiscalDateEnding": "2020-03-31", "reportedCurrency": "USD", "grossProfit": "421600000", "totalRevenue": "852200000", "costOfRevenue": "430600000", "costofGoodsAndServicesSold": "430600000", "operatingIncome": "195800000", "sellingGeneralAndAdministrative": "None", "researchAndDevelopment": "None", "operatingExpenses": "225800000", "investmentIncomeNet": "None", "netInterestIncome": "-11000000", "interestIncome": "400000", "interestExpense": "11400000", "nonInterestIncome": "None", "otherNonOperatingIncome": "1500000", "depreciation": "None", "depreciationAndAmortization": "23800000", "incomeBeforeTax": "185900000", "incomeTaxExpense": "43900000", "interestAndDebtExpense": "None", "netIncomeFromContinuingOperations": "142000000", "comprehensiveIncomeNetOfTax": "None", "ebit": "199200000", "ebitda": "223000000", "netIncome": "137200000"}, {"fiscalDateEnding": "2019-12-31", "reportedCurrency": "USD", "grossProfit": "450500000", "totalRevenue": "955200000", "costOfRevenue": "504700000", "costofGoodsAndServicesSold": "504700000", "operatingIncome": "233600000", "sellingGeneralAndAdministrative": "228500000", "researchAndDevelopment": "69200000", "operatingExpenses": "216900000", "investmentIncomeNet": "None", "netInterestIncome": "-11700000", "interestIncome": "400000", "interestExpense": "12100000", "nonInterestIncome": "None", "otherNonOperatingIncome": "2400000", "depreciation": "None", "depreciationAndAmortization": "23900000", "incomeBeforeTax": "223900000", "incomeTaxExpense": "48900000", "interestAndDebtExpense": "None", "netIncomeFromContinuingOperations": "175000000", "comprehensiveIncomeNetOfTax": "None", "ebit": "212100000", "ebitda": "236000000", "netIncome": "170600000"}, {"fiscalDateEnding": "2019-09-30", "reportedCurrency": "USD", "grossProfit": "448100000", "totalRevenue": "901800000", "costOfRevenue": "453700000", "costofGoodsAndServicesSold": "453700000", "operatingIncome": "228700000", "sellingGeneralAndAdministrative": "277900000", "researchAndDevelopment": "None", "operatingExpenses": "219400000", "investmentIncomeNet": "None", "netInterestIncome": "-11600000", "interestIncome": "400000", "interestExpense": "12000000", "nonInterestIncome": "None", "otherNonOperatingIncome": "2900000", "depreciation": "None", "depreciationAndAmortization": "22900000", "incomeBeforeTax": "219500000", "incomeTaxExpense": "50400000", "interestAndDebtExpense": "None", "netIncomeFromContinuingOperations": "169100000", "comprehensiveIncomeNetOfTax": "None", "ebit": "231700000", "ebitda": "254600000", "netIncome": "164600000"}, {"fiscalDateEnding": "2019-06-30", "reportedCurrency": "USD", "grossProfit": "473800000", "totalRevenue": "951300000", "costOfRevenue": "477500000", "costofGoodsAndServicesSold": "477500000", "operatingIncome": "250500000", "sellingGeneralAndAdministrative": "281100000", "researchAndDevelopment": "None", "operatingExpenses": "223300000", "investmentIncomeNet": "None", "netInterestIncome": "-12100000", "interestIncome": "300000", "interestExpense": "12400000", "nonInterestIncome": "None", "otherNonOperatingIncome": "2400000", "depreciation": "None", "depreciationAndAmortization": "23000000", "incomeBeforeTax": "240200000", "incomeTaxExpense": "55600000", "interestAndDebtExpense": "None", "netIncomeFromContinuingOperations": "184600000", "comprehensiveIncomeNetOfTax": "None", "ebit": "253600000", "ebitda": "276600000", "netIncome": "180400000"}, {"fiscalDateEnding": "2019-03-31", "reportedCurrency": "USD", "grossProfit": "471600000", "totalRevenue": "921700000", "costOfRevenue": "450100000", "costofGoodsAndServicesSold": "450100000", "operatingIncome": "249500000", "sellingGeneralAndAdministrative": "293600000", "researchAndDevelopment": "0", "operatingExpenses": "222100000", "investmentIncomeNet": "None", "netInterestIncome": "-12100000", "interestIncome": "400000", "interestExpense": "12500000", "nonInterestIncome": "None", "otherNonOperatingIncome": "2000000", "depreciation": "None", "depreciationAndAmortization": "22600000", "incomeBeforeTax": "238500000", "incomeTaxExpense": "56900000", "interestAndDebtExpense": "None", "netIncomeFromContinuingOperations": "181600000", "comprehensiveIncomeNetOfTax": "None", "ebit": "252500000", "ebitda": "275100000", "netIncome": "177900000"}, {"fiscalDateEnding": "2018-12-31", "reportedCurrency": "USD", "grossProfit": "457400000", "totalRevenue": "952500000", "costOfRevenue": "495100000", "costofGoodsAndServicesSold": "495100000", "operatingIncome": "238200000", "sellingGeneralAndAdministrative": "223000000", "researchAndDevelopment": "74600000", "operatingExpenses": "219200000", "investmentIncomeNet": "None", "netInterestIncome": "None", "interestIncome": "None", "interestExpense": "12400000", "nonInterestIncome": "None", "otherNonOperatingIncome": "3000000", "depreciation": "None", "depreciationAndAmortization": "22900000", "incomeBeforeTax": "228800000", "incomeTaxExpense": "49500000", "interestAndDebtExpense": "None", "netIncomeFromContinuingOperations": "179300000", "comprehensiveIncomeNetOfTax": "None", "ebit": "241200000", "ebitda": "264100000", "netIncome": "175000000"}, {"fiscalDateEnding": "2018-09-30", "reportedCurrency": "USD", "grossProfit": "453900000", "totalRevenue": "898100000", "costOfRevenue": "444200000", "costofGoodsAndServicesSold": "444200000", "operatingIncome": "232400000", "sellingGeneralAndAdministrative": "279500000", "researchAndDevelopment": "0", "operatingExpenses": "221500000", "investmentIncomeNet": "None", "netInterestIncome": "None", "interestIncome": "None", "interestExpense": "12400000", "nonInterestIncome": "None", "otherNonOperatingIncome": "-1100000", "depreciation": "None", "depreciationAndAmortization": "23200000", "incomeBeforeTax": "219000000", "incomeTaxExpense": "51500000", "interestAndDebtExpense": "None", "netIncomeFromContinuingOperations": "167500000", "comprehensiveIncomeNetOfTax": "None", "ebit": "233200000", "ebitda": "256400000", "netIncome": "163200000"}, {"fiscalDateEnding": "2018-06-30", "reportedCurrency": "USD", "grossProfit": "487100000", "totalRevenue": "954600000", "costOfRevenue": "467500000", "costofGoodsAndServicesSold": "467500000", "operatingIncome": "250900000", "sellingGeneralAndAdministrative": "294000000", "researchAndDevelopment": "0", "operatingExpenses": "236200000", "investmentIncomeNet": "None", "netInterestIncome": "None", "interestIncome": "None", "interestExpense": "12000000", "nonInterestIncome": "None", "otherNonOperatingIncome": "-400000", "depreciation": "None", "depreciationAndAmortization": "24000000", "incomeBeforeTax": "238300000", "incomeTaxExpense": "55800000", "interestAndDebtExpense": "None", "netIncomeFromContinuingOperations": "182500000", "comprehensiveIncomeNetOfTax": "None", "ebit": "250600000", "ebitda": "274600000", "netIncome": "178700000"}, {"fiscalDateEnding": "2018-03-31", "reportedCurrency": "USD", "grossProfit": "471600000", "totalRevenue": "935500000", "costOfRevenue": "463900000", "costofGoodsAndServicesSold": "463900000", "operatingIncome": "234600000", "sellingGeneralAndAdministrative": "320000000", "researchAndDevelopment": "0", "operatingExpenses": "237000000", "investmentIncomeNet": "None", "netInterestIncome": "None", "interestIncome": "None", "interestExpense": "13600000", "nonInterestIncome": "None", "otherNonOperatingIncome": "3400000", "depreciation": "None", "depreciationAndAmortization": "24000000", "incomeBeforeTax": "223800000", "incomeTaxExpense": "57600000", "interestAndDebtExpense": "None", "netIncomeFromContinuingOperations": "166200000", "comprehensiveIncomeNetOfTax": "None", "ebit": "237400000", "ebitda": "261400000", "netIncome": "163000000"}, {"fiscalDateEnding": "2017-12-31", "reportedCurrency": "USD", "grossProfit": "465300000", "totalRevenue": "974600000", "costOfRevenue": "509300000", "costofGoodsAndServicesSold": "509300000", "operatingIncome": "212100000", "sellingGeneralAndAdministrative": "221300000", "researchAndDevelopment": "75600000", "operatingExpenses": "253200000", "investmentIncomeNet": "None", "netInterestIncome": "None", "interestIncome": "None", "interestExpense": "13600000", "nonInterestIncome": "None", "otherNonOperatingIncome": "-1500000", "depreciation": "None", "depreciationAndAmortization": "23800000", "incomeBeforeTax": "197000000", "incomeTaxExpense": "63800000", "interestAndDebtExpense": "None", "netIncomeFromContinuingOperations": "133200000", "comprehensiveIncomeNetOfTax": "None", "ebit": "210600000", "ebitda": "234400000", "netIncome": "129500000"}, {"fiscalDateEnding": "2017-09-30", "reportedCurrency": "USD", "grossProfit": "448600000", "totalRevenue": "903800000", "costOfRevenue": "455200000", "costofGoodsAndServicesSold": "455200000", "operatingIncome": "209100000", "sellingGeneralAndAdministrative": "304100000", "researchAndDevelopment": "0", "operatingExpenses": "239500000", "investmentIncomeNet": "None", "netInterestIncome": "None", "interestIncome": "None", "interestExpense": "13100000", "nonInterestIncome": "None", "otherNonOperatingIncome": "-1700000", "depreciation": "None", "depreciationAndAmortization": "23500000", "incomeBeforeTax": "193900000", "incomeTaxExpense": "57200000", "interestAndDebtExpense": "None", "netIncomeFromContinuingOperations": "136700000", "comprehensiveIncomeNetOfTax": "None", "ebit": "207000000", "ebitda": "230500000", "netIncome": "133400000"}, {"fiscalDateEnding": "2017-06-30", "reportedCurrency": "USD", "grossProfit": "463000000", "totalRevenue": "921400000", "costOfRevenue": "458400000", "costofGoodsAndServicesSold": "458400000", "operatingIncome": "238300000", "sellingGeneralAndAdministrative": "302700000", "researchAndDevelopment": "0", "operatingExpenses": "224700000", "investmentIncomeNet": "None", "netInterestIncome": "None", "interestIncome": "None", "interestExpense": "13000000", "nonInterestIncome": "None", "otherNonOperatingIncome": "-1200000", "depreciation": "None", "depreciationAndAmortization": "22800000", "incomeBeforeTax": "223400000", "incomeTaxExpense": "67300000", "interestAndDebtExpense": "None", "netIncomeFromContinuingOperations": "156100000", "comprehensiveIncomeNetOfTax": "None", "ebit": "236400000", "ebitda": "259200000", "netIncome": "153200000"}, {"fiscalDateEnding": "2017-03-31", "reportedCurrency": "USD", "grossProfit": "448000000", "totalRevenue": "887100000", "costOfRevenue": "439100000", "costofGoodsAndServicesSold": "439100000", "operatingIncome": "222000000", "sellingGeneralAndAdministrative": "302000000", "researchAndDevelopment": "0", "operatingExpenses": "226000000", "investmentIncomeNet": "None", "netInterestIncome": "None", "interestIncome": "None", "interestExpense": "12700000", "nonInterestIncome": "None", "otherNonOperatingIncome": "-1600000", "depreciation": "None", "depreciationAndAmortization": "23100000", "incomeBeforeTax": "207600000", "incomeTaxExpense": "62600000", "interestAndDebtExpense": "None", "netIncomeFromContinuingOperations": "145000000", "comprehensiveIncomeNetOfTax": "None", "ebit": "222000000", "ebitda": "245100000", "netIncome": "141600000"}, {"fiscalDateEnding": "2016-12-31", "reportedCurrency": "USD", "grossProfit": "443900000", "totalRevenue": "889800000", "costOfRevenue": "445900000", "costofGoodsAndServicesSold": "445900000", "operatingIncome": "227700000", "sellingGeneralAndAdministrative": "215200000", "researchAndDevelopment": "67200000", "operatingExpenses": "216200000", "investmentIncomeNet": "None", "netInterestIncome": "None", "interestIncome": "None", "interestExpense": "13100000", "nonInterestIncome": "None", "otherNonOperatingIncome": "None", "depreciation": "None", "depreciationAndAmortization": "21700000", "incomeBeforeTax": "214300000", "incomeTaxExpense": "64900000", "interestAndDebtExpense": "None", "netIncomeFromContinuingOperations": "149400000", "comprehensiveIncomeNetOfTax": "None", "ebit": "227400000", "ebitda": "249100000", "netIncome": "146300000"}, {"fiscalDateEnding": "2016-09-30", "reportedCurrency": "USD", "grossProfit": "419100000", "totalRevenue": "834100000", "costOfRevenue": "415000000", "costofGoodsAndServicesSold": "415000000", "operatingIncome": "208200000", "sellingGeneralAndAdministrative": "282500000", "researchAndDevelopment": "0", "operatingExpenses": "210900000", "investmentIncomeNet": "None", "netInterestIncome": "None", "interestIncome": "None", "interestExpense": "13100000", "nonInterestIncome": "None", "otherNonOperatingIncome": "-300000", "depreciation": "None", "depreciationAndAmortization": "-24500000", "incomeBeforeTax": "194300000", "incomeTaxExpense": "59600000", "interestAndDebtExpense": "None", "netIncomeFromContinuingOperations": "134700000", "comprehensiveIncomeNetOfTax": "None", "ebit": "232900000", "ebitda": "208400000", "netIncome": "131700000"}, {"fiscalDateEnding": "2016-06-30", "reportedCurrency": "USD", "grossProfit": "431300000", "totalRevenue": "872300000", "costOfRevenue": "441000000", "costofGoodsAndServicesSold": "441000000", "operatingIncome": "215900000", "sellingGeneralAndAdministrative": "284600000", "researchAndDevelopment": "0", "operatingExpenses": "215400000", "investmentIncomeNet": "None", "netInterestIncome": "None", "interestIncome": "None", "interestExpense": "12900000", "nonInterestIncome": "None", "otherNonOperatingIncome": "2600000", "depreciation": "None", "depreciationAndAmortization": "21700000", "incomeBeforeTax": "204200000", "incomeTaxExpense": "62200000", "interestAndDebtExpense": "None", "netIncomeFromContinuingOperations": "142000000", "comprehensiveIncomeNetOfTax": "None", "ebit": "216100000", "ebitda": "237800000", "netIncome": "140100000"}, {"fiscalDateEnding": "2016-03-31", "reportedCurrency": "USD", "grossProfit": "415300000", "totalRevenue": "834200000", "costOfRevenue": "418900000", "costofGoodsAndServicesSold": "418900000", "operatingIncome": "202400000", "sellingGeneralAndAdministrative": "279200000", "researchAndDevelopment": "0", "operatingExpenses": "212900000", "investmentIncomeNet": "None", "netInterestIncome": "None", "interestIncome": "None", "interestExpense": "13100000", "nonInterestIncome": "None", "otherNonOperatingIncome": "-400000", "depreciation": "None", "depreciationAndAmortization": "21000000", "incomeBeforeTax": "188600000", "incomeTaxExpense": "57600000", "interestAndDebtExpense": "None", "netIncomeFromContinuingOperations": "131000000", "comprehensiveIncomeNetOfTax": "None", "ebit": "202600000", "ebitda": "223600000", "netIncome": "128300000"}, {"fiscalDateEnding": "2015-12-31", "reportedCurrency": "USD", "grossProfit": "412300000", "totalRevenue": "851700000", "costOfRevenue": "439400000", "costofGoodsAndServicesSold": "439400000", "operatingIncome": "207300000", "sellingGeneralAndAdministrative": "195100000", "researchAndDevelopment": "63300000", "operatingExpenses": "205000000", "investmentIncomeNet": "None", "netInterestIncome": "None", "interestIncome": "None", "interestExpense": "13000000", "nonInterestIncome": "None", "otherNonOperatingIncome": "-500000", "depreciation": "None", "depreciationAndAmortization": "21400000", "incomeBeforeTax": "193800000", "incomeTaxExpense": "59300000", "interestAndDebtExpense": "None", "netIncomeFromContinuingOperations": "134500000", "comprehensiveIncomeNetOfTax": "None", "ebit": "206800000", "ebitda": "228200000", "netIncome": "131400000"}, {"fiscalDateEnding": "2015-09-30", "reportedCurrency": "USD", "grossProfit": "406900000", "totalRevenue": "821500000", "costOfRevenue": "414600000", "costofGoodsAndServicesSold": "414600000", "operatingIncome": "187100000", "sellingGeneralAndAdministrative": "280900000", "researchAndDevelopment": "0", "operatingExpenses": "219800000", "investmentIncomeNet": "None", "netInterestIncome": "None", "interestIncome": "None", "interestExpense": "13000000", "nonInterestIncome": "None", "otherNonOperatingIncome": "-300000", "depreciation": "None", "depreciationAndAmortization": "20500000", "incomeBeforeTax": "173600000", "incomeTaxExpense": "53900000", "interestAndDebtExpense": "None", "netIncomeFromContinuingOperations": "119700000", "comprehensiveIncomeNetOfTax": "None", "ebit": "187200000", "ebitda": "207700000", "netIncome": "116800000"}, {"fiscalDateEnding": "2015-06-30", "reportedCurrency": "USD", "grossProfit": "419000000", "totalRevenue": "851800000", "costOfRevenue": "432800000", "costofGoodsAndServicesSold": "432800000", "operatingIncome": "192200000", "sellingGeneralAndAdministrative": "285500000", "researchAndDevelopment": "0", "operatingExpenses": "226800000", "investmentIncomeNet": "None", "netInterestIncome": "None", "interestIncome": "None", "interestExpense": "12900000", "nonInterestIncome": "None", "otherNonOperatingIncome": "-100000", "depreciation": "None", "depreciationAndAmortization": "20600000", "incomeBeforeTax": "178600000", "incomeTaxExpense": "56200000", "interestAndDebtExpense": "None", "netIncomeFromContinuingOperations": "122400000", "comprehensiveIncomeNetOfTax": "None", "ebit": "192200000", "ebitda": "212800000", "netIncome": "120000000"}, {"fiscalDateEnding": "2015-03-31", "reportedCurrency": "USD", "grossProfit": "410100000", "totalRevenue": "827800000", "costOfRevenue": "417700000", "costofGoodsAndServicesSold": "417700000", "operatingIncome": "178200000", "sellingGeneralAndAdministrative": "289300000", "researchAndDevelopment": "0", "operatingExpenses": "231900000", "investmentIncomeNet": "None", "netInterestIncome": "None", "interestIncome": "None", "interestExpense": "13000000", "nonInterestIncome": "None", "otherNonOperatingIncome": "-200000", "depreciation": "None", "depreciationAndAmortization": "20000000", "incomeBeforeTax": "164500000", "incomeTaxExpense": "51800000", "interestAndDebtExpense": "None", "netIncomeFromContinuingOperations": "112700000", "comprehensiveIncomeNetOfTax": "None", "ebit": "178300000", "ebitda": "198300000", "netIncome": "110500000"}, {"fiscalDateEnding": "2014-12-31", "reportedCurrency": "USD", "grossProfit": "411300000", "totalRevenue": "857400000", "costOfRevenue": "446100000", "costofGoodsAndServicesSold": "446100000", "operatingIncome": "187400000", "sellingGeneralAndAdministrative": "214600000", "researchAndDevelopment": "66000000", "operatingExpenses": "223900000", "investmentIncomeNet": "None", "netInterestIncome": "None", "interestIncome": "None", "interestExpense": "13800000", "nonInterestIncome": "None", "otherNonOperatingIncome": "None", "depreciation": "None", "depreciationAndAmortization": "20500000", "incomeBeforeTax": "173400000", "incomeTaxExpense": "54900000", "interestAndDebtExpense": "None", "netIncomeFromContinuingOperations": "118500000", "comprehensiveIncomeNetOfTax": "None", "ebit": "187200000", "ebitda": "207700000", "netIncome": "116200000"}, {"fiscalDateEnding": "2014-09-30", "reportedCurrency": "USD", "grossProfit": "393900000", "totalRevenue": "806300000", "costOfRevenue": "412400000", "costofGoodsAndServicesSold": "412400000", "operatingIncome": "168300000", "sellingGeneralAndAdministrative": "278700000", "researchAndDevelopment": "0", "operatingExpenses": "225600000", "investmentIncomeNet": "None", "netInterestIncome": "None", "interestIncome": "None", "interestExpense": "12700000", "nonInterestIncome": "None", "otherNonOperatingIncome": "-800000", "depreciation": "None", "depreciationAndAmortization": "19700000", "incomeBeforeTax": "154700000", "incomeTaxExpense": "48400000", "interestAndDebtExpense": "None", "netIncomeFromContinuingOperations": "106300000", "comprehensiveIncomeNetOfTax": "None", "ebit": "168400000", "ebitda": "188100000", "netIncome": "103700000"}, {"fiscalDateEnding": "2014-06-30", "reportedCurrency": "USD", "grossProfit": "400400000", "totalRevenue": "826500000", "costOfRevenue": "426100000", "costofGoodsAndServicesSold": "426100000", "operatingIncome": "172900000", "sellingGeneralAndAdministrative": "279000000", "researchAndDevelopment": "0", "operatingExpenses": "227500000", "investmentIncomeNet": "None", "netInterestIncome": "None", "interestIncome": "None", "interestExpense": "12700000", "nonInterestIncome": "None", "otherNonOperatingIncome": "500000", "depreciation": "None", "depreciationAndAmortization": "19700000", "incomeBeforeTax": "160500000", "incomeTaxExpense": "51900000", "interestAndDebtExpense": "None", "netIncomeFromContinuingOperations": "108600000", "comprehensiveIncomeNetOfTax": "None", "ebit": "173200000", "ebitda": "192900000", "netIncome": "106100000"}, {"fiscalDateEnding": "2014-03-31", "reportedCurrency": "USD", "grossProfit": "378700000", "totalRevenue": "787500000", "costOfRevenue": "408800000", "costofGoodsAndServicesSold": "408800000", "operatingIncome": "156100000", "sellingGeneralAndAdministrative": "272800000", "researchAndDevelopment": "0", "operatingExpenses": "222600000", "investmentIncomeNet": "None", "netInterestIncome": "None", "interestIncome": "None", "interestExpense": "13700000", "nonInterestIncome": "None", "otherNonOperatingIncome": "100000", "depreciation": "None", "depreciationAndAmortization": "19600000", "incomeBeforeTax": "142300000", "incomeTaxExpense": "44300000", "interestAndDebtExpense": "None", "netIncomeFromContinuingOperations": "98000000", "comprehensiveIncomeNetOfTax": "None", "ebit": "156200000", "ebitda": "175800000", "netIncome": "95900000"}, {"fiscalDateEnding": "2013-12-31", "reportedCurrency": "USD", "grossProfit": "378500000", "totalRevenue": "797500000", "costOfRevenue": "419000000", "costofGoodsAndServicesSold": "419000000", "operatingIncome": "156600000", "sellingGeneralAndAdministrative": "205000000", "researchAndDevelopment": "63300000", "operatingExpenses": "221900000", "investmentIncomeNet": "None", "netInterestIncome": "None", "interestIncome": "None", "interestExpense": "14300000", "nonInterestIncome": "None", "otherNonOperatingIncome": "None", "depreciation": "None", "depreciationAndAmortization": "19000000", "incomeBeforeTax": "141500000", "incomeTaxExpense": "44600000", "interestAndDebtExpense": "None", "netIncomeFromContinuingOperations": "0", "comprehensiveIncomeNetOfTax": "None", "ebit": "136800000", "ebitda": "155800000", "netIncome": "94500000"}, {"fiscalDateEnding": "2013-09-30", "reportedCurrency": "USD", "grossProfit": "364300000", "totalRevenue": "753200000", "costOfRevenue": "388900000", "costofGoodsAndServicesSold": "388900000", "operatingIncome": "142900000", "sellingGeneralAndAdministrative": "266100000", "researchAndDevelopment": "0", "operatingExpenses": "221400000", "investmentIncomeNet": "None", "netInterestIncome": "None", "interestIncome": "None", "interestExpense": "14400000", "nonInterestIncome": "None", "otherNonOperatingIncome": "-700000", "depreciation": "None", "depreciationAndAmortization": "19400000", "incomeBeforeTax": "127700000", "incomeTaxExpense": "40800000", "interestAndDebtExpense": "None", "netIncomeFromContinuingOperations": "86900000", "comprehensiveIncomeNetOfTax": "None", "ebit": "143000000", "ebitda": "162400000", "netIncome": "84600000"}, {"fiscalDateEnding": "2013-06-30", "reportedCurrency": "USD", "grossProfit": "373200000", "totalRevenue": "764100000", "costOfRevenue": "390900000", "costofGoodsAndServicesSold": "390900000", "operatingIncome": "148400000", "sellingGeneralAndAdministrative": "268300000", "researchAndDevelopment": "0", "operatingExpenses": "224800000", "investmentIncomeNet": "None", "netInterestIncome": "None", "interestIncome": "None", "interestExpense": "13800000", "nonInterestIncome": "None", "otherNonOperatingIncome": "-1400000", "depreciation": "None", "depreciationAndAmortization": "19500000", "incomeBeforeTax": "132900000", "incomeTaxExpense": "42500000", "interestAndDebtExpense": "None", "netIncomeFromContinuingOperations": "90400000", "comprehensiveIncomeNetOfTax": "None", "ebit": "146700000", "ebitda": "166200000", "netIncome": "88400000"}, {"fiscalDateEnding": "2013-03-31", "reportedCurrency": "USD", "grossProfit": "356900000", "totalRevenue": "741700000", "costOfRevenue": "384800000", "costofGoodsAndServicesSold": "384800000", "operatingIncome": "138300000", "sellingGeneralAndAdministrative": "262000000", "researchAndDevelopment": "0", "operatingExpenses": "218600000", "investmentIncomeNet": "None", "netInterestIncome": "None", "interestIncome": "None", "interestExpense": "13600000", "nonInterestIncome": "None", "otherNonOperatingIncome": "None", "depreciation": "None", "depreciationAndAmortization": "18800000", "incomeBeforeTax": "124100000", "incomeTaxExpense": "38800000", "interestAndDebtExpense": "None", "netIncomeFromContinuingOperations": "0", "comprehensiveIncomeNetOfTax": "None", "ebit": "138400000", "ebitda": "157200000", "netIncome": "82800000"}, {"fiscalDateEnding": "2012-12-31", "reportedCurrency": "USD", "grossProfit": "352000000", "totalRevenue": "753200000", "costOfRevenue": "401200000", "costofGoodsAndServicesSold": "401200000", "operatingIncome": "140700000", "sellingGeneralAndAdministrative": "190500000", "researchAndDevelopment": "59100000", "operatingExpenses": "211300000", "investmentIncomeNet": "None", "netInterestIncome": "None", "interestIncome": "None", "interestExpense": "14400000", "nonInterestIncome": "None", "otherNonOperatingIncome": "200000", "depreciation": "None", "depreciationAndAmortization": "19500000", "incomeBeforeTax": "126400000", "incomeTaxExpense": "39800000", "interestAndDebtExpense": "None", "netIncomeFromContinuingOperations": "86600000", "comprehensiveIncomeNetOfTax": "None", "ebit": "121300000", "ebitda": "140800000", "netIncome": "84600000"}, {"fiscalDateEnding": "2012-09-30", "reportedCurrency": "USD", "grossProfit": "340400000", "totalRevenue": "711600000", "costOfRevenue": "371200000", "costofGoodsAndServicesSold": "371200000", "operatingIncome": "124100000", "sellingGeneralAndAdministrative": "255500000", "researchAndDevelopment": "0", "operatingExpenses": "244200000", "investmentIncomeNet": "None", "netInterestIncome": "None", "interestIncome": "None", "interestExpense": "13600000", "nonInterestIncome": "None", "otherNonOperatingIncome": "800000", "depreciation": "None", "depreciationAndAmortization": "19000000", "incomeBeforeTax": "110300000", "incomeTaxExpense": "34900000", "interestAndDebtExpense": "None", "netIncomeFromContinuingOperations": "75400000", "comprehensiveIncomeNetOfTax": "None", "ebit": "96200000", "ebitda": "115200000", "netIncome": "74100000"}, {"fiscalDateEnding": "2012-06-30", "reportedCurrency": "USD", "grossProfit": "349900000", "totalRevenue": "737900000", "costOfRevenue": "388000000", "costofGoodsAndServicesSold": "388000000", "operatingIncome": "130200000", "sellingGeneralAndAdministrative": "245300000", "researchAndDevelopment": "0", "operatingExpenses": "245300000", "investmentIncomeNet": "None", "netInterestIncome": "None", "interestIncome": "None", "interestExpense": "28200000", "nonInterestIncome": "None", "otherNonOperatingIncome": "500000", "depreciation": "None", "depreciationAndAmortization": "19200000", "incomeBeforeTax": "116400000", "incomeTaxExpense": "38300000", "interestAndDebtExpense": "None", "netIncomeFromContinuingOperations": "78100000", "comprehensiveIncomeNetOfTax": "None", "ebit": "125300000", "ebitda": "144500000", "netIncome": "76400000"}, {"fiscalDateEnding": "2012-03-31", "reportedCurrency": "USD", "grossProfit": "347700000", "totalRevenue": "735200000", "costOfRevenue": "387500000", "costofGoodsAndServicesSold": "387500000", "operatingIncome": "121400000", "sellingGeneralAndAdministrative": "250200000", "researchAndDevelopment": "0", "operatingExpenses": "250200000", "investmentIncomeNet": "None", "netInterestIncome": "None", "interestIncome": "None", "interestExpense": "13900000", "nonInterestIncome": "None", "otherNonOperatingIncome": "700000", "depreciation": "None", "depreciationAndAmortization": "19000000", "incomeBeforeTax": "107100000", "incomeTaxExpense": "35200000", "interestAndDebtExpense": "None", "netIncomeFromContinuingOperations": "71900000", "comprehensiveIncomeNetOfTax": "None", "ebit": "97100000", "ebitda": "116100000", "netIncome": "71000000"}, {"fiscalDateEnding": "2011-12-31", "reportedCurrency": "USD", "grossProfit": "335800000", "totalRevenue": "736600000", "costOfRevenue": "400800000", "costofGoodsAndServicesSold": "400800000", "operatingIncome": "125900000", "sellingGeneralAndAdministrative": "232000000", "researchAndDevelopment": "41200000", "operatingExpenses": "209900000", "investmentIncomeNet": "None", "netInterestIncome": "None", "interestIncome": "None", "interestExpense": "13500000", "nonInterestIncome": "None", "otherNonOperatingIncome": "-100000", "depreciation": "None", "depreciationAndAmortization": "19200000", "incomeBeforeTax": "111400000", "incomeTaxExpense": "36200000", "interestAndDebtExpense": "None", "netIncomeFromContinuingOperations": "75200000", "comprehensiveIncomeNetOfTax": "None", "ebit": "126200000", "ebitda": "145400000", "netIncome": "74300000"}, {"fiscalDateEnding": "2011-09-30", "reportedCurrency": "USD", "grossProfit": "329300000", "totalRevenue": "697200000", "costOfRevenue": "367900000", "costofGoodsAndServicesSold": "367900000", "operatingIncome": "115100000", "sellingGeneralAndAdministrative": "244600000", "researchAndDevelopment": "0", "operatingExpenses": "235000000", "investmentIncomeNet": "None", "netInterestIncome": "None", "interestIncome": "None", "interestExpense": "27000000", "nonInterestIncome": "None", "otherNonOperatingIncome": "300000", "depreciation": "None", "depreciationAndAmortization": "18800000", "incomeBeforeTax": "98300000", "incomeTaxExpense": "30500000", "interestAndDebtExpense": "None", "netIncomeFromContinuingOperations": "67800000", "comprehensiveIncomeNetOfTax": "None", "ebit": "127000000", "ebitda": "145800000", "netIncome": "67800000"}, {"fiscalDateEnding": "2011-06-30", "reportedCurrency": "USD", "grossProfit": "342200000", "totalRevenue": "726700000", "costOfRevenue": "384500000", "costofGoodsAndServicesSold": "384500000", "operatingIncome": "134300000", "sellingGeneralAndAdministrative": "254900000", "researchAndDevelopment": "0", "operatingExpenses": "225400000", "investmentIncomeNet": "None", "netInterestIncome": "None", "interestIncome": "None", "interestExpense": "29100000", "nonInterestIncome": "None", "otherNonOperatingIncome": "1700000", "depreciation": "None", "depreciationAndAmortization": "18300000", "incomeBeforeTax": "118900000", "incomeTaxExpense": "39800000", "interestAndDebtExpense": "None", "netIncomeFromContinuingOperations": "79100000", "comprehensiveIncomeNetOfTax": "None", "ebit": "128800000", "ebitda": "147100000", "netIncome": "78000000"}, {"fiscalDateEnding": "2011-03-31", "reportedCurrency": "USD", "grossProfit": "330600000", "totalRevenue": "693700000", "costOfRevenue": "363100000", "costofGoodsAndServicesSold": "363100000", "operatingIncome": "99800000", "sellingGeneralAndAdministrative": "256100000", "researchAndDevelopment": "0", "operatingExpenses": "243300000", "investmentIncomeNet": "None", "netInterestIncome": "None", "interestIncome": "None", "interestExpense": "16300000", "nonInterestIncome": "None", "otherNonOperatingIncome": "1700000", "depreciation": "None", "depreciationAndAmortization": "18300000", "incomeBeforeTax": "84300000", "incomeTaxExpense": "27200000", "interestAndDebtExpense": "None", "netIncomeFromContinuingOperations": "57100000", "comprehensiveIncomeNetOfTax": "None", "ebit": "87700000", "ebitda": "106000000", "netIncome": "56200000"}, {"fiscalDateEnding": "2010-12-31", "reportedCurrency": "USD", "grossProfit": "313500000", "totalRevenue": "656100000", "costOfRevenue": "342600000", "costofGoodsAndServicesSold": "342600000", "operatingIncome": "96900000", "sellingGeneralAndAdministrative": "696900000", "researchAndDevelopment": "0", "operatingExpenses": "231000000", "investmentIncomeNet": "None", "netInterestIncome": "None", "interestIncome": "None", "interestExpense": "14100000", "nonInterestIncome": "None", "otherNonOperatingIncome": "-100000", "depreciation": "None", "depreciationAndAmortization": "18200000", "incomeBeforeTax": "83400000", "incomeTaxExpense": "24500000", "interestAndDebtExpense": "None", "netIncomeFromContinuingOperations": "75200000", "comprehensiveIncomeNetOfTax": "None", "ebit": "82800000", "ebitda": "101000000", "netIncome": "57900000"}, {"fiscalDateEnding": "2010-09-30", "reportedCurrency": "USD", "grossProfit": "306200000", "totalRevenue": "670300000", "costOfRevenue": "364100000", "costofGoodsAndServicesSold": "364100000", "operatingIncome": "83800000", "sellingGeneralAndAdministrative": "234100000", "researchAndDevelopment": "0", "operatingExpenses": "222400000", "investmentIncomeNet": "None", "netInterestIncome": "None", "interestIncome": "None", "interestExpense": "13500000", "nonInterestIncome": "None", "otherNonOperatingIncome": "None", "depreciation": "None", "depreciationAndAmortization": "18000000", "incomeBeforeTax": "71000000", "incomeTaxExpense": "23800000", "interestAndDebtExpense": "None", "netIncomeFromContinuingOperations": "0", "comprehensiveIncomeNetOfTax": "None", "ebit": "84300000", "ebitda": "102300000", "netIncome": "46500000"}, {"fiscalDateEnding": "2010-06-30", "reportedCurrency": "USD", "grossProfit": "303800000", "totalRevenue": "647600000", "costOfRevenue": "343800000", "costofGoodsAndServicesSold": "343800000", "operatingIncome": "80700000", "sellingGeneralAndAdministrative": "236400000", "researchAndDevelopment": "0", "operatingExpenses": "223100000", "investmentIncomeNet": "None", "netInterestIncome": "None", "interestIncome": "None", "interestExpense": "13200000", "nonInterestIncome": "None", "otherNonOperatingIncome": "-300000", "depreciation": "None", "depreciationAndAmortization": "18300000", "incomeBeforeTax": "66700000", "incomeTaxExpense": "20300000", "interestAndDebtExpense": "None", "netIncomeFromContinuingOperations": "46400000", "comprehensiveIncomeNetOfTax": "None", "ebit": "80700000", "ebitda": "99000000", "netIncome": "45300000"}, {"fiscalDateEnding": "2010-03-31", "reportedCurrency": "USD", "grossProfit": "287600000", "totalRevenue": "621600000", "costOfRevenue": "334000000", "costofGoodsAndServicesSold": "334000000", "operatingIncome": "70000000", "sellingGeneralAndAdministrative": "226400000", "researchAndDevelopment": "None", "operatingExpenses": "215900000", "investmentIncomeNet": "None", "netInterestIncome": "None", "interestIncome": "None", "interestExpense": "14000000", "nonInterestIncome": "None", "otherNonOperatingIncome": "None", "depreciation": "None", "depreciationAndAmortization": "18200000", "incomeBeforeTax": "56300000", "incomeTaxExpense": "19000000", "interestAndDebtExpense": "None", "netIncomeFromContinuingOperations": "None", "comprehensiveIncomeNetOfTax": "None", "ebit": "70000000", "ebitda": "88200000", "netIncome": "36800000"}, {"fiscalDateEnding": "2009-12-31", "reportedCurrency": "USD", "grossProfit": "263100000", "totalRevenue": "566500000", "costOfRevenue": "303400000", "costofGoodsAndServicesSold": "303400000", "operatingIncome": "67400000", "sellingGeneralAndAdministrative": "222200000", "researchAndDevelopment": "36700000", "operatingExpenses": "213200000", "investmentIncomeNet": "None", "netInterestIncome": "None", "interestIncome": "None", "interestExpense": "14700000", "nonInterestIncome": "None", "otherNonOperatingIncome": "None", "depreciation": "None", "depreciationAndAmortization": "19200000", "incomeBeforeTax": "54000000", "incomeTaxExpense": "16500000", "interestAndDebtExpense": "None", "netIncomeFromContinuingOperations": "0", "comprehensiveIncomeNetOfTax": "None", "ebit": "49900000", "ebitda": "69100000", "netIncome": "36600000"}, {"fiscalDateEnding": "2009-09-30", "reportedCurrency": "USD", "grossProfit": "255200000", "totalRevenue": "587800000", "costOfRevenue": "332600000", "costofGoodsAndServicesSold": "332600000", "operatingIncome": "48700000", "sellingGeneralAndAdministrative": "216700000", "researchAndDevelopment": "0", "operatingExpenses": "206500000", "investmentIncomeNet": "None", "netInterestIncome": "None", "interestIncome": "None", "interestExpense": "12800000", "nonInterestIncome": "None", "otherNonOperatingIncome": "None", "depreciation": "None", "depreciationAndAmortization": "18300000", "incomeBeforeTax": "36100000", "incomeTaxExpense": "10300000", "interestAndDebtExpense": "None", "netIncomeFromContinuingOperations": "0", "comprehensiveIncomeNetOfTax": "None", "ebit": "48700000", "ebitda": "67000000", "netIncome": "25400000"}, {"fiscalDateEnding": "2009-06-30", "reportedCurrency": "USD", "grossProfit": "245000000", "totalRevenue": "590000000", "costOfRevenue": "345000000", "costofGoodsAndServicesSold": "345000000", "operatingIncome": "70300000", "sellingGeneralAndAdministrative": "206300000", "researchAndDevelopment": "0", "operatingExpenses": "200300000", "investmentIncomeNet": "None", "netInterestIncome": "None", "interestIncome": "None", "interestExpense": "11600000", "nonInterestIncome": "None", "otherNonOperatingIncome": "None", "depreciation": "None", "depreciationAndAmortization": "19000000", "incomeBeforeTax": "59800000", "incomeTaxExpense": "17600000", "interestAndDebtExpense": "None", "netIncomeFromContinuingOperations": "0", "comprehensiveIncomeNetOfTax": "None", "ebit": "51300000", "ebitda": "70300000", "netIncome": "37400000"}, {"fiscalDateEnding": "2009-03-31", "reportedCurrency": "USD", "grossProfit": "258700000", "totalRevenue": "572600000", "costOfRevenue": "313900000", "costofGoodsAndServicesSold": "313900000", "operatingIncome": "64300000", "sellingGeneralAndAdministrative": "213500000", "researchAndDevelopment": "0", "operatingExpenses": "204400000", "investmentIncomeNet": "None", "netInterestIncome": "None", "interestIncome": "None", "interestExpense": "8600000", "nonInterestIncome": "None", "otherNonOperatingIncome": "None", "depreciation": "None", "depreciationAndAmortization": "18100000", "incomeBeforeTax": "55400000", "incomeTaxExpense": "18300000", "interestAndDebtExpense": "None", "netIncomeFromContinuingOperations": "0", "comprehensiveIncomeNetOfTax": "None", "ebit": "54300000", "ebitda": "72400000", "netIncome": "34800000"}, {"fiscalDateEnding": "2008-12-31", "reportedCurrency": "USD", "grossProfit": "300000000", "totalRevenue": "667800000", "costOfRevenue": "367800000", "costofGoodsAndServicesSold": "367800000", "operatingIncome": "97500000", "sellingGeneralAndAdministrative": "216000000", "researchAndDevelopment": "43300000", "operatingExpenses": "239800000", "investmentIncomeNet": "None", "netInterestIncome": "None", "interestIncome": "None", "interestExpense": "33800000", "nonInterestIncome": "None", "otherNonOperatingIncome": "None", "depreciation": "None", "depreciationAndAmortization": "17000000", "incomeBeforeTax": "88300000", "incomeTaxExpense": "28200000", "interestAndDebtExpense": "None", "netIncomeFromContinuingOperations": "0", "comprehensiveIncomeNetOfTax": "None", "ebit": "70100000", "ebitda": "87100000", "netIncome": "58600000"}, {"fiscalDateEnding": "2008-09-30", "reportedCurrency": "USD", "grossProfit": "312200000", "totalRevenue": "697800000", "costOfRevenue": "385600000", "costofGoodsAndServicesSold": "385600000", "operatingIncome": "86400000", "sellingGeneralAndAdministrative": "242000000", "researchAndDevelopment": "0", "operatingExpenses": "225800000", "investmentIncomeNet": "None", "netInterestIncome": "None", "interestIncome": "None", "interestExpense": "6800000", "nonInterestIncome": "None", "otherNonOperatingIncome": "None", "depreciation": "None", "depreciationAndAmortization": "18500000", "incomeBeforeTax": "80600000", "incomeTaxExpense": "26800000", "interestAndDebtExpense": "None", "netIncomeFromContinuingOperations": "0", "comprehensiveIncomeNetOfTax": "None", "ebit": "85400000", "ebitda": "103900000", "netIncome": "54600000"}, {"fiscalDateEnding": "2008-06-30", "reportedCurrency": "USD", "grossProfit": "346500000", "totalRevenue": "766100000", "costOfRevenue": "419600000", "costofGoodsAndServicesSold": "419600000", "operatingIncome": "111700000", "sellingGeneralAndAdministrative": "251000000", "researchAndDevelopment": "0", "operatingExpenses": "234800000", "investmentIncomeNet": "None", "netInterestIncome": "None", "interestIncome": "None", "interestExpense": "8800000", "nonInterestIncome": "None", "otherNonOperatingIncome": "None", "depreciation": "None", "depreciationAndAmortization": "18800000", "incomeBeforeTax": "69700000", "incomeTaxExpense": "34500000", "interestAndDebtExpense": "None", "netIncomeFromContinuingOperations": "0", "comprehensiveIncomeNetOfTax": "None", "ebit": "101300000", "ebitda": "120100000", "netIncome": "66900000"}, {"fiscalDateEnding": "2008-03-31", "reportedCurrency": "USD", "grossProfit": "325900000", "totalRevenue": "721600000", "costOfRevenue": "395700000", "costofGoodsAndServicesSold": "395700000", "operatingIncome": "93200000", "sellingGeneralAndAdministrative": "255600000", "researchAndDevelopment": "0", "operatingExpenses": "232700000", "investmentIncomeNet": "None", "netInterestIncome": "None", "interestIncome": "None", "interestExpense": "9500000", "nonInterestIncome": "None", "otherNonOperatingIncome": "None", "depreciation": "None", "depreciationAndAmortization": "17700000", "incomeBeforeTax": "84700000", "incomeTaxExpense": "28300000", "interestAndDebtExpense": "None", "netIncomeFromContinuingOperations": "0", "comprehensiveIncomeNetOfTax": "None", "ebit": "92200000", "ebitda": "109900000", "netIncome": "56600000"}, {"fiscalDateEnding": "2007-12-31", "reportedCurrency": "USD", "grossProfit": "333400000", "totalRevenue": "742900000", "costOfRevenue": "409500000", "costofGoodsAndServicesSold": "409500000", "operatingIncome": "96300000", "sellingGeneralAndAdministrative": "719000000", "researchAndDevelopment": "47600000", "operatingExpenses": "237100000", "investmentIncomeNet": "None", "netInterestIncome": "None", "interestIncome": "None", "interestExpense": "11500000", "nonInterestIncome": "None", "otherNonOperatingIncome": "None", "depreciation": "None", "depreciationAndAmortization": "25400000", "incomeBeforeTax": "85700000", "incomeTaxExpense": "25900000", "interestAndDebtExpense": "None", "netIncomeFromContinuingOperations": "0", "comprehensiveIncomeNetOfTax": "None", "ebit": "82500000", "ebitda": "107900000", "netIncome": "57300000"}, {"fiscalDateEnding": "2007-09-30", "reportedCurrency": "USD", "grossProfit": "300900000", "totalRevenue": "680700000", "costOfRevenue": "379800000", "costofGoodsAndServicesSold": "379800000", "operatingIncome": "72400000", "sellingGeneralAndAdministrative": "234000000", "researchAndDevelopment": "0", "operatingExpenses": "228500000", "investmentIncomeNet": "None", "netInterestIncome": "None", "interestIncome": "None", "interestExpense": "11600000", "nonInterestIncome": "None", "otherNonOperatingIncome": "None", "depreciation": "None", "depreciationAndAmortization": "16500000", "incomeBeforeTax": "62700000", "incomeTaxExpense": "21600000", "interestAndDebtExpense": "None", "netIncomeFromContinuingOperations": "0", "comprehensiveIncomeNetOfTax": "None", "ebit": "66200000", "ebitda": "82700000", "netIncome": "41100000"}, {"fiscalDateEnding": "2007-06-30", "reportedCurrency": "USD", "grossProfit": "322400000", "totalRevenue": "711900000", "costOfRevenue": "389500000", "costofGoodsAndServicesSold": "389500000", "operatingIncome": "87400000", "sellingGeneralAndAdministrative": "240100000", "researchAndDevelopment": "0", "operatingExpenses": "235000000", "investmentIncomeNet": "None", "netInterestIncome": "None", "interestIncome": "None", "interestExpense": "11700000", "nonInterestIncome": "None", "otherNonOperatingIncome": "None", "depreciation": "None", "depreciationAndAmortization": "17300000", "incomeBeforeTax": "78200000", "incomeTaxExpense": "25400000", "interestAndDebtExpense": "None", "netIncomeFromContinuingOperations": "0", "comprehensiveIncomeNetOfTax": "None", "ebit": "82100000", "ebitda": "99400000", "netIncome": "43800000"}, {"fiscalDateEnding": "2007-03-31", "reportedCurrency": "USD", "grossProfit": "311900000", "totalRevenue": "709700000", "costOfRevenue": "397800000", "costofGoodsAndServicesSold": "397800000", "operatingIncome": "69700000", "sellingGeneralAndAdministrative": "245900000", "researchAndDevelopment": "0", "operatingExpenses": "242200000", "investmentIncomeNet": "None", "netInterestIncome": "None", "interestIncome": "None", "interestExpense": "11300000", "nonInterestIncome": "None", "otherNonOperatingIncome": "None", "depreciation": "None", "depreciationAndAmortization": "16500000", "incomeBeforeTax": "58600000", "incomeTaxExpense": "19600000", "interestAndDebtExpense": "None", "netIncomeFromContinuingOperations": "0", "comprehensiveIncomeNetOfTax": "None", "ebit": "67200000", "ebitda": "83700000", "netIncome": "39000000"}, {"fiscalDateEnding": "2006-12-31", "reportedCurrency": "USD", "grossProfit": "289400000", "totalRevenue": "670800000", "costOfRevenue": "381400000", "costofGoodsAndServicesSold": "381400000", "operatingIncome": "59200000", "sellingGeneralAndAdministrative": "665000000", "researchAndDevelopment": "44000000", "operatingExpenses": "268200000", "investmentIncomeNet": "None", "netInterestIncome": "None", "interestIncome": "None", "interestExpense": "7000000", "nonInterestIncome": "None", "otherNonOperatingIncome": "None", "depreciation": "None", "depreciationAndAmortization": "14900000", "incomeBeforeTax": "53400000", "incomeTaxExpense": "15400000", "interestAndDebtExpense": "None", "netIncomeFromContinuingOperations": "0", "comprehensiveIncomeNetOfTax": "None", "ebit": "-56000000", "ebitda": "-41100000", "netIncome": "38000000"}, {"fiscalDateEnding": "2006-09-30", "reportedCurrency": "USD", "grossProfit": "263200000", "totalRevenue": "610800000", "costOfRevenue": "347600000", "costofGoodsAndServicesSold": "347600000", "operatingIncome": "46200000", "sellingGeneralAndAdministrative": "217000000", "researchAndDevelopment": "0", "operatingExpenses": "217000000", "investmentIncomeNet": "None", "netInterestIncome": "None", "interestIncome": "None", "interestExpense": "4500000", "nonInterestIncome": "None", "otherNonOperatingIncome": "None", "depreciation": "None", "depreciationAndAmortization": "11800000", "incomeBeforeTax": "43000000", "incomeTaxExpense": "14800000", "interestAndDebtExpense": "None", "netIncomeFromContinuingOperations": "0", "comprehensiveIncomeNetOfTax": "None", "ebit": "44900000", "ebitda": "56700000", "netIncome": "28200000"}, {"fiscalDateEnding": "2006-06-30", "reportedCurrency": "USD", "grossProfit": "284000000", "totalRevenue": "636100000", "costOfRevenue": "352100000", "costofGoodsAndServicesSold": "352100000", "operatingIncome": "20100000", "sellingGeneralAndAdministrative": "448000000", "researchAndDevelopment": "0", "operatingExpenses": "225900000", "investmentIncomeNet": "None", "netInterestIncome": "None", "interestIncome": "None", "interestExpense": "4700000", "nonInterestIncome": "None", "otherNonOperatingIncome": "None", "depreciation": "None", "depreciationAndAmortization": "12700000", "incomeBeforeTax": "15700000", "incomeTaxExpense": "3900000", "interestAndDebtExpense": "None", "netIncomeFromContinuingOperations": "0", "comprehensiveIncomeNetOfTax": "None", "ebit": "133800000", "ebitda": "146500000", "netIncome": "11800000"}, {"fiscalDateEnding": "2006-03-31", "reportedCurrency": "USD", "grossProfit": "260300000", "totalRevenue": "593500000", "costOfRevenue": "333200000", "costofGoodsAndServicesSold": "333200000", "operatingIncome": "39400000", "sellingGeneralAndAdministrative": "228000000", "researchAndDevelopment": "0", "operatingExpenses": "220900000", "investmentIncomeNet": "None", "netInterestIncome": "None", "interestIncome": "None", "interestExpense": "4400000", "nonInterestIncome": "None", "otherNonOperatingIncome": "None", "depreciation": "None", "depreciationAndAmortization": "12500000", "incomeBeforeTax": "33800000", "incomeTaxExpense": "11700000", "interestAndDebtExpense": "None", "netIncomeFromContinuingOperations": "0", "comprehensiveIncomeNetOfTax": "None", "ebit": "38600000", "ebitda": "51100000", "netIncome": "22100000"}, {"fiscalDateEnding": "2005-12-31", "reportedCurrency": "USD", "grossProfit": "257400000", "totalRevenue": "573600000", "costOfRevenue": "316200000", "costofGoodsAndServicesSold": "316200000", "operatingIncome": "43600000", "sellingGeneralAndAdministrative": "213800000", "researchAndDevelopment": "50000000", "operatingExpenses": "213800000", "investmentIncomeNet": "None", "netInterestIncome": "None", "interestIncome": "None", "interestExpense": "4600000", "nonInterestIncome": "None", "otherNonOperatingIncome": "None", "depreciation": "None", "depreciationAndAmortization": "12600000", "incomeBeforeTax": "42900000", "incomeTaxExpense": "15500000", "interestAndDebtExpense": "None", "netIncomeFromContinuingOperations": "0", "comprehensiveIncomeNetOfTax": "None", "ebit": "39700000", "ebitda": "52300000", "netIncome": "27400000"}, {"fiscalDateEnding": "2005-09-30", "reportedCurrency": "USD", "grossProfit": "260300000", "totalRevenue": "567200000", "costOfRevenue": "306900000", "costofGoodsAndServicesSold": "306900000", "operatingIncome": "42800000", "sellingGeneralAndAdministrative": "214300000", "researchAndDevelopment": "0", "operatingExpenses": "217500000", "investmentIncomeNet": "None", "netInterestIncome": "None", "interestIncome": "None", "interestExpense": "5600000", "nonInterestIncome": "None", "otherNonOperatingIncome": "None", "depreciation": "None", "depreciationAndAmortization": "12200000", "incomeBeforeTax": "36700000", "incomeTaxExpense": "15700000", "interestAndDebtExpense": "None", "netIncomeFromContinuingOperations": "0", "comprehensiveIncomeNetOfTax": "None", "ebit": "43300000", "ebitda": "55500000", "netIncome": "21000000"}, {"fiscalDateEnding": "2005-06-30", "reportedCurrency": "USD", "grossProfit": "284800000", "totalRevenue": "608600000", "costOfRevenue": "323800000", "costofGoodsAndServicesSold": "323800000", "operatingIncome": "47300000", "sellingGeneralAndAdministrative": "231500000", "researchAndDevelopment": "0", "operatingExpenses": "237500000", "investmentIncomeNet": "None", "netInterestIncome": "None", "interestIncome": "None", "interestExpense": "5600000", "nonInterestIncome": "None", "otherNonOperatingIncome": "None", "depreciation": "None", "depreciationAndAmortization": "12800000", "incomeBeforeTax": "40900000", "incomeTaxExpense": "14300000", "interestAndDebtExpense": "None", "netIncomeFromContinuingOperations": "0", "comprehensiveIncomeNetOfTax": "None", "ebit": "48100000", "ebitda": "60900000", "netIncome": "26600000"}, {"fiscalDateEnding": "2005-03-31", "reportedCurrency": "USD", "grossProfit": "271000000", "totalRevenue": "612800000", "costOfRevenue": "341800000", "costofGoodsAndServicesSold": "341800000", "operatingIncome": "34300000", "sellingGeneralAndAdministrative": "230100000", "researchAndDevelopment": "0", "operatingExpenses": "236700000", "investmentIncomeNet": "None", "netInterestIncome": "None", "interestIncome": "None", "interestExpense": "5900000", "nonInterestIncome": "None", "otherNonOperatingIncome": "None", "depreciation": "None", "depreciationAndAmortization": "14600000", "incomeBeforeTax": "27500000", "incomeTaxExpense": "9600000", "interestAndDebtExpense": "None", "netIncomeFromContinuingOperations": "0", "comprehensiveIncomeNetOfTax": "None", "ebit": "35200000", "ebitda": "49800000", "netIncome": "17900000"}]}