{"symbol": "SNPS", "annualReports": [{"fiscalDateEnding": "2024-10-31", "reportedCurrency": "USD", "grossProfit": "4882147000", "totalRevenue": "6127436000", "costOfRevenue": "1245289000", "costofGoodsAndServicesSold": "1245289000", "operatingIncome": "1355711000", "sellingGeneralAndAdministrative": "568496000", "researchAndDevelopment": "2082360000", "operatingExpenses": "3510198000", "investmentIncomeNet": "None", "netInterestIncome": "31856000", "interestIncome": "67017000", "interestExpense": "158147000", "nonInterestIncome": "None", "otherNonOperatingIncome": "None", "depreciation": "None", "depreciationAndAmortization": "None", "incomeBeforeTax": "1513858000", "incomeTaxExpense": "99718000", "interestAndDebtExpense": "None", "netIncomeFromContinuingOperations": "1414140000", "comprehensiveIncomeNetOfTax": "None", "ebit": "None", "ebitda": "1355711000", "netIncome": "2263380000"}, {"fiscalDateEnding": "2023-10-31", "reportedCurrency": "USD", "grossProfit": "4620426000", "totalRevenue": "5842619000", "costOfRevenue": "1222193000", "costofGoodsAndServicesSold": "1222193000", "operatingIncome": "1269259000", "sellingGeneralAndAdministrative": "410311000", "researchAndDevelopment": "1946813000", "operatingExpenses": "3351167000", "investmentIncomeNet": "None", "netInterestIncome": "35496000", "interestIncome": "36674000", "interestExpense": "1178000", "nonInterestIncome": "None", "otherNonOperatingIncome": "None", "depreciation": "None", "depreciationAndAmortization": "344825000", "incomeBeforeTax": "1301782000", "incomeTaxExpense": "83657000", "interestAndDebtExpense": "None", "netIncomeFromContinuingOperations": "1218125000", "comprehensiveIncomeNetOfTax": "None", "ebit": "1302960000", "ebitda": "1647785000", "netIncome": "1229888000"}, {"fiscalDateEnding": "2022-10-31", "reportedCurrency": "USD", "grossProfit": "4017845000", "totalRevenue": "5081542000", "costOfRevenue": "1063697000", "costofGoodsAndServicesSold": "1063697000", "operatingIncome": "1162038000", "sellingGeneralAndAdministrative": "353840000", "researchAndDevelopment": "1680379000", "operatingExpenses": "2843750000", "investmentIncomeNet": "None", "netInterestIncome": "6847000", "interestIncome": "8545000", "interestExpense": "1698000", "nonInterestIncome": "None", "otherNonOperatingIncome": "-46524000", "depreciation": "None", "depreciationAndAmortization": "317946000", "incomeBeforeTax": "1115514000", "incomeTaxExpense": "137078000", "interestAndDebtExpense": "None", "netIncomeFromContinuingOperations": "978436000", "comprehensiveIncomeNetOfTax": "None", "ebit": "1117212000", "ebitda": "1435158000", "netIncome": "984594000"}, {"fiscalDateEnding": "2021-10-31", "reportedCurrency": "USD", "grossProfit": "3342416000", "totalRevenue": "4204193000", "costOfRevenue": "861777000", "costofGoodsAndServicesSold": "861777000", "operatingIncome": "734790000", "sellingGeneralAndAdministrative": "322988000", "researchAndDevelopment": "1504823000", "operatingExpenses": "2574221000", "investmentIncomeNet": "None", "netInterestIncome": "-923000", "interestIncome": "2442000", "interestExpense": "3365000", "nonInterestIncome": "None", "otherNonOperatingIncome": "70724000", "depreciation": "None", "depreciationAndAmortization": "292192000", "incomeBeforeTax": "805514000", "incomeTaxExpense": "49155000", "interestAndDebtExpense": "None", "netIncomeFromContinuingOperations": "756359000", "comprehensiveIncomeNetOfTax": "None", "ebit": "808879000", "ebitda": "1101071000", "netIncome": "757516000"}, {"fiscalDateEnding": "2020-10-31", "reportedCurrency": "USD", "grossProfit": "2890591000", "totalRevenue": "3685281000", "costOfRevenue": "794690000", "costofGoodsAndServicesSold": "794690000", "operatingIncome": "620141000", "sellingGeneralAndAdministrative": "284530000", "researchAndDevelopment": "1279022000", "operatingExpenses": "2234391000", "investmentIncomeNet": "None", "netInterestIncome": "-1579000", "interestIncome": "3561000", "interestExpense": "5140000", "nonInterestIncome": "None", "otherNonOperatingIncome": "18018000", "depreciation": "None", "depreciationAndAmortization": "214104000", "incomeBeforeTax": "638159000", "incomeTaxExpense": "-25288000", "interestAndDebtExpense": "None", "netIncomeFromContinuingOperations": "663447000", "comprehensiveIncomeNetOfTax": "None", "ebit": "643299000", "ebitda": "857403000", "netIncome": "664347000"}, {"fiscalDateEnding": "2019-10-31", "reportedCurrency": "USD", "grossProfit": "2607748000", "totalRevenue": "3360694000", "costOfRevenue": "752946000", "costofGoodsAndServicesSold": "752946000", "operatingIncome": "520231000", "sellingGeneralAndAdministrative": "229218000", "researchAndDevelopment": "1136932000", "operatingExpenses": "2040331000", "investmentIncomeNet": "None", "netInterestIncome": "-4800000", "interestIncome": "6859000", "interestExpense": "11659000", "nonInterestIncome": "None", "otherNonOperatingIncome": "25275000", "depreciation": "None", "depreciationAndAmortization": "296048000", "incomeBeforeTax": "545506000", "incomeTaxExpense": "13139000", "interestAndDebtExpense": "None", "netIncomeFromContinuingOperations": "532367000", "comprehensiveIncomeNetOfTax": "None", "ebit": "520231000", "ebitda": "816279000", "netIncome": "532367000"}, {"fiscalDateEnding": "2018-10-31", "reportedCurrency": "USD", "grossProfit": "2385160000", "totalRevenue": "3121058000", "costOfRevenue": "735898000", "costofGoodsAndServicesSold": "735898000", "operatingIncome": "360225000", "sellingGeneralAndAdministrative": "262560000", "researchAndDevelopment": "1084822000", "operatingExpenses": "2011990000", "investmentIncomeNet": "None", "netInterestIncome": "-10284000", "interestIncome": "5323000", "interestExpense": "15607000", "nonInterestIncome": "None", "otherNonOperatingIncome": "3318000", "depreciation": "None", "depreciationAndAmortization": "209207000", "incomeBeforeTax": "363543000", "incomeTaxExpense": "-68975000", "interestAndDebtExpense": "None", "netIncomeFromContinuingOperations": "432518000", "comprehensiveIncomeNetOfTax": "None", "ebit": "386115000", "ebitda": "595322000", "netIncome": "432518000"}, {"fiscalDateEnding": "2017-10-31", "reportedCurrency": "USD", "grossProfit": "2070696000", "totalRevenue": "2724880000", "costOfRevenue": "654184000", "costofGoodsAndServicesSold": "654184000", "operatingIncome": "347563000", "sellingGeneralAndAdministrative": "196844000", "researchAndDevelopment": "908841000", "operatingExpenses": "1686547000", "investmentIncomeNet": "None", "netInterestIncome": "-62000", "interestIncome": "7241000", "interestExpense": "7303000", "nonInterestIncome": "None", "otherNonOperatingIncome": "35535000", "depreciation": "None", "depreciationAndAmortization": "189442000", "incomeBeforeTax": "383098000", "incomeTaxExpense": "246535000", "interestAndDebtExpense": "None", "netIncomeFromContinuingOperations": "136563000", "comprehensiveIncomeNetOfTax": "None", "ebit": "420735000", "ebitda": "610177000", "netIncome": "136563000"}, {"fiscalDateEnding": "2016-10-31", "reportedCurrency": "USD", "grossProfit": "1879570000", "totalRevenue": "2422532000", "costOfRevenue": "542962000", "costofGoodsAndServicesSold": "542962000", "operatingIncome": "317395000", "sellingGeneralAndAdministrative": "165962000", "researchAndDevelopment": "856705000", "operatingExpenses": "1552542000", "investmentIncomeNet": "None", "netInterestIncome": "-56000", "interestIncome": "3715000", "interestExpense": "3771000", "nonInterestIncome": "None", "otherNonOperatingIncome": "12153000", "depreciation": "None", "depreciationAndAmortization": "207032000", "incomeBeforeTax": "329548000", "incomeTaxExpense": "62722000", "interestAndDebtExpense": "None", "netIncomeFromContinuingOperations": "266826000", "comprehensiveIncomeNetOfTax": "None", "ebit": "336661000", "ebitda": "543693000", "netIncome": "266826000"}, {"fiscalDateEnding": "2015-10-31", "reportedCurrency": "USD", "grossProfit": "1723291000", "totalRevenue": "2242211000", "costOfRevenue": "518920000", "costofGoodsAndServicesSold": "518920000", "operatingIncome": "266466000", "sellingGeneralAndAdministrative": "165097000", "researchAndDevelopment": "776229000", "operatingExpenses": "1441737000", "investmentIncomeNet": "None", "netInterestIncome": "None", "interestIncome": "6334000", "interestExpense": "2814000", "nonInterestIncome": "None", "otherNonOperatingIncome": "15144000", "depreciation": "None", "depreciationAndAmortization": "211821000", "incomeBeforeTax": "281610000", "incomeTaxExpense": "55676000", "interestAndDebtExpense": "None", "netIncomeFromContinuingOperations": "225934000", "comprehensiveIncomeNetOfTax": "None", "ebit": "296642000", "ebitda": "508463000", "netIncome": "225934000"}, {"fiscalDateEnding": "2014-10-31", "reportedCurrency": "USD", "grossProfit": "1600587000", "totalRevenue": "2057472000", "costOfRevenue": "456885000", "costofGoodsAndServicesSold": "456885000", "operatingIncome": "248717000", "sellingGeneralAndAdministrative": "155215000", "researchAndDevelopment": "718768000", "operatingExpenses": "1351870000", "investmentIncomeNet": "None", "netInterestIncome": "None", "interestIncome": "None", "interestExpense": "1895000", "nonInterestIncome": "None", "otherNonOperatingIncome": "23425000", "depreciation": "None", "depreciationAndAmortization": "192826000", "incomeBeforeTax": "272142000", "incomeTaxExpense": "13018000", "interestAndDebtExpense": "None", "netIncomeFromContinuingOperations": "259124000", "comprehensiveIncomeNetOfTax": "None", "ebit": "248717000", "ebitda": "441543000", "netIncome": "259124000"}, {"fiscalDateEnding": "2013-10-31", "reportedCurrency": "USD", "grossProfit": "1508662000", "totalRevenue": "1962214000", "costOfRevenue": "453552000", "costofGoodsAndServicesSold": "453552000", "operatingIncome": "246493000", "sellingGeneralAndAdministrative": "143791000", "researchAndDevelopment": "669197000", "operatingExpenses": "1262169000", "investmentIncomeNet": "None", "netInterestIncome": "None", "interestIncome": "None", "interestExpense": "1696000", "nonInterestIncome": "None", "otherNonOperatingIncome": "29173000", "depreciation": "None", "depreciationAndAmortization": "187404000", "incomeBeforeTax": "275666000", "incomeTaxExpense": "27866000", "interestAndDebtExpense": "None", "netIncomeFromContinuingOperations": "247800000", "comprehensiveIncomeNetOfTax": "None", "ebit": "246493000", "ebitda": "433897000", "netIncome": "247800000"}, {"fiscalDateEnding": "2012-10-31", "reportedCurrency": "USD", "grossProfit": "1363344000", "totalRevenue": "1756017000", "costOfRevenue": "392673000", "costofGoodsAndServicesSold": "392673000", "operatingIncome": "190024000", "sellingGeneralAndAdministrative": "157459000", "researchAndDevelopment": "581628000", "operatingExpenses": "1173320000", "investmentIncomeNet": "None", "netInterestIncome": "None", "interestIncome": "None", "interestExpense": "1991000", "nonInterestIncome": "None", "otherNonOperatingIncome": "11111000", "depreciation": "None", "depreciationAndAmortization": "156840000", "incomeBeforeTax": "201135000", "incomeTaxExpense": "18733000", "interestAndDebtExpense": "None", "netIncomeFromContinuingOperations": "182402000", "comprehensiveIncomeNetOfTax": "None", "ebit": "178913000", "ebitda": "335753000", "netIncome": "182402000"}, {"fiscalDateEnding": "2011-10-31", "reportedCurrency": "USD", "grossProfit": "1195193000", "totalRevenue": "1535643000", "costOfRevenue": "340450000", "costofGoodsAndServicesSold": "340450000", "operatingIncome": "212843000", "sellingGeneralAndAdministrative": "112760000", "researchAndDevelopment": "491871000", "operatingExpenses": "982350000", "investmentIncomeNet": "None", "netInterestIncome": "None", "interestIncome": "None", "interestExpense": "29096000", "nonInterestIncome": "None", "otherNonOperatingIncome": "6270000", "depreciation": "None", "depreciationAndAmortization": "128550000", "incomeBeforeTax": "219113000", "incomeTaxExpense": "-2251000", "interestAndDebtExpense": "None", "netIncomeFromContinuingOperations": "221364000", "comprehensiveIncomeNetOfTax": "None", "ebit": "206573000", "ebitda": "335123000", "netIncome": "221364000"}, {"fiscalDateEnding": "2010-10-31", "reportedCurrency": "USD", "grossProfit": "1099567000", "totalRevenue": "1380661000", "costOfRevenue": "281094000", "costofGoodsAndServicesSold": "281094000", "operatingIncome": "184110000", "sellingGeneralAndAdministrative": "114887000", "researchAndDevelopment": "449229000", "operatingExpenses": "915457000", "investmentIncomeNet": "None", "netInterestIncome": "None", "interestIncome": "None", "interestExpense": "49638000", "nonInterestIncome": "None", "otherNonOperatingIncome": "14548000", "depreciation": "None", "depreciationAndAmortization": "101201000", "incomeBeforeTax": "198658000", "incomeTaxExpense": "-38405000", "interestAndDebtExpense": "None", "netIncomeFromContinuingOperations": "237063000", "comprehensiveIncomeNetOfTax": "None", "ebit": "169562000", "ebitda": "270763000", "netIncome": "237063000"}, {"fiscalDateEnding": "2009-10-31", "reportedCurrency": "USD", "grossProfit": "1086395000", "totalRevenue": "1360045000", "costOfRevenue": "273650000", "costofGoodsAndServicesSold": "273650000", "operatingIncome": "208251000", "sellingGeneralAndAdministrative": "119100000", "researchAndDevelopment": "419908000", "operatingExpenses": "875944000", "investmentIncomeNet": "None", "netInterestIncome": "None", "interestIncome": "None", "interestExpense": "31123000", "nonInterestIncome": "None", "otherNonOperatingIncome": "None", "depreciation": "None", "depreciationAndAmortization": "101453000", "incomeBeforeTax": "233070000", "incomeTaxExpense": "65389000", "interestAndDebtExpense": "None", "netIncomeFromContinuingOperations": "None", "comprehensiveIncomeNetOfTax": "None", "ebit": "187832000", "ebitda": "289285000", "netIncome": "167681000"}, {"fiscalDateEnding": "2008-10-31", "reportedCurrency": "USD", "grossProfit": "1078055000", "totalRevenue": "1336951000", "costOfRevenue": "258896000", "costofGoodsAndServicesSold": "258896000", "operatingIncome": "219112000", "sellingGeneralAndAdministrative": "103852000", "researchAndDevelopment": "394747000", "operatingExpenses": "854143000", "investmentIncomeNet": "None", "netInterestIncome": "None", "interestIncome": "None", "interestExpense": "64242000", "nonInterestIncome": "None", "otherNonOperatingIncome": "None", "depreciation": "None", "depreciationAndAmortization": "97143000", "incomeBeforeTax": "218956000", "incomeTaxExpense": "28978000", "interestAndDebtExpense": "None", "netIncomeFromContinuingOperations": "None", "comprehensiveIncomeNetOfTax": "None", "ebit": "250079000", "ebitda": "347222000", "netIncome": "189978000"}, {"fiscalDateEnding": "2007-10-31", "reportedCurrency": "USD", "grossProfit": "978204000", "totalRevenue": "1212469000", "costOfRevenue": "234265000", "costofGoodsAndServicesSold": "234265000", "operatingIncome": "118044000", "sellingGeneralAndAdministrative": "101735000", "researchAndDevelopment": "379221000", "operatingExpenses": "856960000", "investmentIncomeNet": "None", "netInterestIncome": "None", "interestIncome": "None", "interestExpense": "26974000", "nonInterestIncome": "None", "otherNonOperatingIncome": "None", "depreciation": "None", "depreciationAndAmortization": "105367000", "incomeBeforeTax": "165799000", "incomeTaxExpense": "35308000", "interestAndDebtExpense": "None", "netIncomeFromContinuingOperations": "None", "comprehensiveIncomeNetOfTax": "None", "ebit": "101557000", "ebitda": "206924000", "netIncome": "130491000"}, {"fiscalDateEnding": "2006-10-31", "reportedCurrency": "USD", "grossProfit": "872033000", "totalRevenue": "1095560000", "costOfRevenue": "223527000", "costofGoodsAndServicesSold": "223527000", "operatingIncome": "29432000", "sellingGeneralAndAdministrative": "112873000", "researchAndDevelopment": "370629000", "operatingExpenses": "841801000", "investmentIncomeNet": "None", "netInterestIncome": "None", "interestIncome": "None", "interestExpense": "2796000", "nonInterestIncome": "None", "otherNonOperatingIncome": "None", "depreciation": "None", "depreciationAndAmortization": "114490000", "incomeBeforeTax": "43719000", "incomeTaxExpense": "18977000", "interestAndDebtExpense": "None", "netIncomeFromContinuingOperations": "None", "comprehensiveIncomeNetOfTax": "None", "ebit": "16745000", "ebitda": "131235000", "netIncome": "24742000"}, {"fiscalDateEnding": "2005-10-31", "reportedCurrency": "USD", "grossProfit": "819330000", "totalRevenue": "991931000", "costOfRevenue": "172601000", "costofGoodsAndServicesSold": "172601000", "operatingIncome": "-52984000", "sellingGeneralAndAdministrative": "102940000", "researchAndDevelopment": "316992000", "operatingExpenses": "784828000", "investmentIncomeNet": "None", "netInterestIncome": "None", "interestIncome": "None", "interestExpense": "101296000", "nonInterestIncome": "None", "otherNonOperatingIncome": "None", "depreciation": "None", "depreciationAndAmortization": "175057000", "incomeBeforeTax": "-7789000", "incomeTaxExpense": "7689000", "interestAndDebtExpense": "None", "netIncomeFromContinuingOperations": "None", "comprehensiveIncomeNetOfTax": "None", "ebit": "-4993000", "ebitda": "170064000", "netIncome": "-15478000"}], "quarterlyReports": [{"fiscalDateEnding": "2025-01-31", "reportedCurrency": "USD", "grossProfit": "1185340000", "totalRevenue": "1455315000", "costOfRevenue": "269975000", "costofGoodsAndServicesSold": "269975000", "operatingIncome": "251839000", "sellingGeneralAndAdministrative": "167086000", "researchAndDevelopment": "553216000", "operatingExpenses": "933501000", "investmentIncomeNet": "None", "netInterestIncome": "44676000", "interestIncome": "55359000", "interestExpense": "10683000", "nonInterestIncome": "None", "otherNonOperatingIncome": "None", "depreciation": "None", "depreciationAndAmortization": "47934000", "incomeBeforeTax": "291117000", "incomeTaxExpense": "-6294000", "interestAndDebtExpense": "None", "netIncomeFromContinuingOperations": "297411000", "comprehensiveIncomeNetOfTax": "None", "ebit": "301800000", "ebitda": "349734000", "netIncome": "295683000"}, {"fiscalDateEnding": "2024-10-31", "reportedCurrency": "USD", "grossProfit": "1260963000", "totalRevenue": "1635986000", "costOfRevenue": "375023000", "costofGoodsAndServicesSold": "375023000", "operatingIncome": "310802000", "sellingGeneralAndAdministrative": "172032000", "researchAndDevelopment": "554818000", "operatingExpenses": "946075000", "investmentIncomeNet": "None", "netInterestIncome": "10757000", "interestIncome": "26509000", "interestExpense": "12077000", "nonInterestIncome": "None", "otherNonOperatingIncome": "None", "depreciation": "None", "depreciationAndAmortization": "None", "incomeBeforeTax": "322879000", "incomeTaxExpense": "62084000", "interestAndDebtExpense": "None", "netIncomeFromContinuingOperations": "260795000", "comprehensiveIncomeNetOfTax": "None", "ebit": "None", "ebitda": "310802000", "netIncome": "1114106000"}, {"fiscalDateEnding": "2024-07-31", "reportedCurrency": "USD", "grossProfit": "1235073000", "totalRevenue": "1525749000", "costOfRevenue": "290676000", "costofGoodsAndServicesSold": "290676000", "operatingIncome": "360211000", "sellingGeneralAndAdministrative": "150437000", "researchAndDevelopment": "508872000", "operatingExpenses": "870800000", "investmentIncomeNet": "None", "netInterestIncome": "3965000", "interestIncome": "15717000", "interestExpense": "11752000", "nonInterestIncome": "None", "otherNonOperatingIncome": "None", "depreciation": "None", "depreciationAndAmortization": "56263000", "incomeBeforeTax": "391995000", "incomeTaxExpense": "-30712000", "interestAndDebtExpense": "None", "netIncomeFromContinuingOperations": "422707000", "comprehensiveIncomeNetOfTax": "None", "ebit": "403747000", "ebitda": "460010000", "netIncome": "408055000"}, {"fiscalDateEnding": "2024-04-30", "reportedCurrency": "USD", "grossProfit": "1107836000", "totalRevenue": "1455731000", "costOfRevenue": "347895000", "costofGoodsAndServicesSold": "347895000", "operatingIncome": "333091000", "sellingGeneralAndAdministrative": "114763000", "researchAndDevelopment": "493136000", "operatingExpenses": "774745000", "investmentIncomeNet": "None", "netInterestIncome": "5307000", "interestIncome": "11640000", "interestExpense": "6333000", "nonInterestIncome": "None", "otherNonOperatingIncome": "None", "depreciation": "None", "depreciationAndAmortization": "84801000", "incomeBeforeTax": "341530000", "incomeTaxExpense": "45437000", "interestAndDebtExpense": "None", "netIncomeFromContinuingOperations": "296093000", "comprehensiveIncomeNetOfTax": "None", "ebit": "247271000", "ebitda": "332072000", "netIncome": "292107000"}, {"fiscalDateEnding": "2024-01-31", "reportedCurrency": "USD", "grossProfit": "1320055000", "totalRevenue": "1649230000", "costOfRevenue": "329175000", "costofGoodsAndServicesSold": "329175000", "operatingIncome": "359620000", "sellingGeneralAndAdministrative": "138374000", "researchAndDevelopment": "552056000", "operatingExpenses": "953838000", "investmentIncomeNet": "None", "netInterestIncome": "11826000", "interestIncome": "13150000", "interestExpense": "105484000", "nonInterestIncome": "None", "otherNonOperatingIncome": "None", "depreciation": "None", "depreciationAndAmortization": "62888000", "incomeBeforeTax": "465104000", "incomeTaxExpense": "18897000", "interestAndDebtExpense": "None", "netIncomeFromContinuingOperations": "446207000", "comprehensiveIncomeNetOfTax": "None", "ebit": "466428000", "ebitda": "529316000", "netIncome": "449112000"}, {"fiscalDateEnding": "2023-10-31", "reportedCurrency": "USD", "grossProfit": "1266785000", "totalRevenue": "1599128000", "costOfRevenue": "332343000", "costofGoodsAndServicesSold": "332343000", "operatingIncome": "430521000", "sellingGeneralAndAdministrative": "112150000", "researchAndDevelopment": "488485000", "operatingExpenses": "837646000", "investmentIncomeNet": "None", "netInterestIncome": "9539000", "interestIncome": "9799000", "interestExpense": "260000", "nonInterestIncome": "None", "otherNonOperatingIncome": "None", "depreciation": "None", "depreciationAndAmortization": "92145000", "incomeBeforeTax": "409691000", "incomeTaxExpense": "63196000", "interestAndDebtExpense": "None", "netIncomeFromContinuingOperations": "346495000", "comprehensiveIncomeNetOfTax": "None", "ebit": "409951000", "ebitda": "502096000", "netIncome": "349190000"}, {"fiscalDateEnding": "2023-07-31", "reportedCurrency": "USD", "grossProfit": "1179806000", "totalRevenue": "1487288000", "costOfRevenue": "307482000", "costofGoodsAndServicesSold": "307482000", "operatingIncome": "295474000", "sellingGeneralAndAdministrative": "109714000", "researchAndDevelopment": "507402000", "operatingExpenses": "850947000", "investmentIncomeNet": "None", "netInterestIncome": "11535000", "interestIncome": "11877000", "interestExpense": "342000", "nonInterestIncome": "None", "otherNonOperatingIncome": "25808000", "depreciation": "None", "depreciationAndAmortization": "87685000", "incomeBeforeTax": "321282000", "incomeTaxExpense": "-11773000", "interestAndDebtExpense": "None", "netIncomeFromContinuingOperations": "333055000", "comprehensiveIncomeNetOfTax": "None", "ebit": "337670000", "ebitda": "425355000", "netIncome": "336252000"}, {"fiscalDateEnding": "2023-04-30", "reportedCurrency": "USD", "grossProfit": "1096849000", "totalRevenue": "1394863000", "costOfRevenue": "298014000", "costofGoodsAndServicesSold": "298014000", "operatingIncome": "287332000", "sellingGeneralAndAdministrative": "91083000", "researchAndDevelopment": "485597000", "operatingExpenses": "805377000", "investmentIncomeNet": "None", "netInterestIncome": "7787000", "interestIncome": "8099000", "interestExpense": "312000", "nonInterestIncome": "None", "otherNonOperatingIncome": "4253000", "depreciation": "None", "depreciationAndAmortization": "67908000", "incomeBeforeTax": "291585000", "incomeTaxExpense": "21637000", "interestAndDebtExpense": "None", "netIncomeFromContinuingOperations": "269948000", "comprehensiveIncomeNetOfTax": "None", "ebit": "287332000", "ebitda": "355240000", "netIncome": "272910000"}, {"fiscalDateEnding": "2023-01-31", "reportedCurrency": "USD", "grossProfit": "1076986000", "totalRevenue": "1361340000", "costOfRevenue": "284354000", "costofGoodsAndServicesSold": "284354000", "operatingIncome": "255932000", "sellingGeneralAndAdministrative": "97364000", "researchAndDevelopment": "465329000", "operatingExpenses": "780195000", "investmentIncomeNet": "None", "netInterestIncome": "6635000", "interestIncome": "6899000", "interestExpense": "264000", "nonInterestIncome": "None", "otherNonOperatingIncome": "None", "depreciation": "None", "depreciationAndAmortization": "139012000", "incomeBeforeTax": "279224000", "incomeTaxExpense": "10597000", "interestAndDebtExpense": "None", "netIncomeFromContinuingOperations": "268627000", "comprehensiveIncomeNetOfTax": "None", "ebit": "255932000", "ebitda": "394944000", "netIncome": "271536000"}, {"fiscalDateEnding": "2022-10-31", "reportedCurrency": "USD", "grossProfit": "1001571000", "totalRevenue": "1284292000", "costOfRevenue": "282721000", "costofGoodsAndServicesSold": "282721000", "operatingIncome": "217373000", "sellingGeneralAndAdministrative": "107414000", "researchAndDevelopment": "461618000", "operatingExpenses": "784198000", "investmentIncomeNet": "None", "netInterestIncome": "3310000", "interestIncome": "3669000", "interestExpense": "359000", "nonInterestIncome": "None", "otherNonOperatingIncome": "None", "depreciation": "None", "depreciationAndAmortization": "58697000", "incomeBeforeTax": "212129000", "incomeTaxExpense": "60572000", "interestAndDebtExpense": "None", "netIncomeFromContinuingOperations": "151557000", "comprehensiveIncomeNetOfTax": "None", "ebit": "217373000", "ebitda": "276070000", "netIncome": "153500000"}, {"fiscalDateEnding": "2022-07-31", "reportedCurrency": "USD", "grossProfit": "976585000", "totalRevenue": "1247766000", "costOfRevenue": "271181000", "costofGoodsAndServicesSold": "271181000", "operatingIncome": "233928000", "sellingGeneralAndAdministrative": "91461000", "researchAndDevelopment": "444826000", "operatingExpenses": "742657000", "investmentIncomeNet": "None", "netInterestIncome": "2296000", "interestIncome": "2735000", "interestExpense": "439000", "nonInterestIncome": "None", "otherNonOperatingIncome": "None", "depreciation": "None", "depreciationAndAmortization": "57746000", "incomeBeforeTax": "236354000", "incomeTaxExpense": "16708000", "interestAndDebtExpense": "None", "netIncomeFromContinuingOperations": "219646000", "comprehensiveIncomeNetOfTax": "None", "ebit": "233928000", "ebitda": "291674000", "netIncome": "222626000"}, {"fiscalDateEnding": "2022-04-30", "reportedCurrency": "USD", "grossProfit": "1026418000", "totalRevenue": "1279229000", "costOfRevenue": "252811000", "costofGoodsAndServicesSold": "252811000", "operatingIncome": "363701000", "sellingGeneralAndAdministrative": "73957000", "researchAndDevelopment": "389964000", "operatingExpenses": "662406000", "investmentIncomeNet": "None", "netInterestIncome": "883000", "interestIncome": "1283000", "interestExpense": "400000", "nonInterestIncome": "None", "otherNonOperatingIncome": "None", "depreciation": "None", "depreciationAndAmortization": "50899000", "incomeBeforeTax": "339788000", "incomeTaxExpense": "45896000", "interestAndDebtExpense": "None", "netIncomeFromContinuingOperations": "293892000", "comprehensiveIncomeNetOfTax": "None", "ebit": "363701000", "ebitda": "414600000", "netIncome": "294781000"}, {"fiscalDateEnding": "2022-01-31", "reportedCurrency": "USD", "grossProfit": "1013271000", "totalRevenue": "1270255000", "costOfRevenue": "256984000", "costofGoodsAndServicesSold": "256984000", "operatingIncome": "370528000", "sellingGeneralAndAdministrative": "81008000", "researchAndDevelopment": "383971000", "operatingExpenses": "654489000", "investmentIncomeNet": "None", "netInterestIncome": "None", "interestIncome": "None", "interestExpense": "500000", "nonInterestIncome": "None", "otherNonOperatingIncome": "None", "depreciation": "None", "depreciationAndAmortization": "61685000", "incomeBeforeTax": "327243000", "incomeTaxExpense": "13902000", "interestAndDebtExpense": "None", "netIncomeFromContinuingOperations": "None", "comprehensiveIncomeNetOfTax": "None", "ebit": "370528000", "ebitda": "432213000", "netIncome": "313687000"}, {"fiscalDateEnding": "2021-10-31", "reportedCurrency": "USD", "grossProfit": "917693000", "totalRevenue": "1152419000", "costOfRevenue": "234726000", "costofGoodsAndServicesSold": "234726000", "operatingIncome": "190288000", "sellingGeneralAndAdministrative": "88960000", "researchAndDevelopment": "413864000", "operatingExpenses": "709151000", "investmentIncomeNet": "None", "netInterestIncome": "None", "interestIncome": "None", "interestExpense": "1064000", "nonInterestIncome": "None", "otherNonOperatingIncome": "None", "depreciation": "None", "depreciationAndAmortization": "52402000", "incomeBeforeTax": "199078000", "incomeTaxExpense": "-2059000", "interestAndDebtExpense": "None", "netIncomeFromContinuingOperations": "None", "comprehensiveIncomeNetOfTax": "None", "ebit": "226796000", "ebitda": "279198000", "netIncome": "201447000"}, {"fiscalDateEnding": "2021-07-31", "reportedCurrency": "USD", "grossProfit": "852064000", "totalRevenue": "1057130000", "costOfRevenue": "205066000", "costofGoodsAndServicesSold": "205066000", "operatingIncome": "201923000", "sellingGeneralAndAdministrative": "83846000", "researchAndDevelopment": "371146000", "operatingExpenses": "634990000", "investmentIncomeNet": "None", "netInterestIncome": "None", "interestIncome": "None", "interestExpense": "757000", "nonInterestIncome": "None", "otherNonOperatingIncome": "None", "depreciation": "None", "depreciationAndAmortization": "51208000", "incomeBeforeTax": "213337000", "incomeTaxExpense": "14945000", "interestAndDebtExpense": "None", "netIncomeFromContinuingOperations": "None", "comprehensiveIncomeNetOfTax": "None", "ebit": "232225000", "ebitda": "283433000", "netIncome": "198646000"}, {"fiscalDateEnding": "2021-04-30", "reportedCurrency": "USD", "grossProfit": "810337000", "totalRevenue": "1024323000", "costOfRevenue": "213986000", "costofGoodsAndServicesSold": "213986000", "operatingIncome": "194231000", "sellingGeneralAndAdministrative": "72694000", "researchAndDevelopment": "362345000", "operatingExpenses": "616106000", "investmentIncomeNet": "None", "netInterestIncome": "None", "interestIncome": "None", "interestExpense": "807000", "nonInterestIncome": "None", "otherNonOperatingIncome": "None", "depreciation": "None", "depreciationAndAmortization": "49438000", "incomeBeforeTax": "215995000", "incomeTaxExpense": "21193000", "interestAndDebtExpense": "None", "netIncomeFromContinuingOperations": "None", "comprehensiveIncomeNetOfTax": "None", "ebit": "194231000", "ebitda": "243669000", "netIncome": "195078000"}, {"fiscalDateEnding": "2021-01-31", "reportedCurrency": "USD", "grossProfit": "762322000", "totalRevenue": "970321000", "costOfRevenue": "207999000", "costofGoodsAndServicesSold": "207999000", "operatingIncome": "148348000", "sellingGeneralAndAdministrative": "77488000", "researchAndDevelopment": "357468000", "operatingExpenses": "613974000", "investmentIncomeNet": "None", "netInterestIncome": "None", "interestIncome": "None", "interestExpense": "739000", "nonInterestIncome": "None", "otherNonOperatingIncome": "None", "depreciation": "None", "depreciationAndAmortization": "50628000", "incomeBeforeTax": "177104000", "incomeTaxExpense": "15076000", "interestAndDebtExpense": "None", "netIncomeFromContinuingOperations": "None", "comprehensiveIncomeNetOfTax": "None", "ebit": "148348000", "ebitda": "198976000", "netIncome": "162345000"}, {"fiscalDateEnding": "2020-10-31", "reportedCurrency": "USD", "grossProfit": "800890000", "totalRevenue": "1025439000", "costOfRevenue": "224549000", "costofGoodsAndServicesSold": "224549000", "operatingIncome": "196132000", "sellingGeneralAndAdministrative": "79796000", "researchAndDevelopment": "339566000", "operatingExpenses": "605145000", "investmentIncomeNet": "None", "netInterestIncome": "None", "interestIncome": "None", "interestExpense": "750000", "nonInterestIncome": "None", "otherNonOperatingIncome": "None", "depreciation": "None", "depreciationAndAmortization": "50830000", "incomeBeforeTax": "192037000", "incomeTaxExpense": "-4989000", "interestAndDebtExpense": "None", "netIncomeFromContinuingOperations": "None", "comprehensiveIncomeNetOfTax": "None", "ebit": "195358000", "ebitda": "246188000", "netIncome": "197455000"}, {"fiscalDateEnding": "2020-07-31", "reportedCurrency": "USD", "grossProfit": "771126000", "totalRevenue": "964134000", "costOfRevenue": "193008000", "costofGoodsAndServicesSold": "193008000", "operatingIncome": "210598000", "sellingGeneralAndAdministrative": "73516000", "researchAndDevelopment": "322602000", "operatingExpenses": "562505000", "investmentIncomeNet": "None", "netInterestIncome": "None", "interestIncome": "None", "interestExpense": "941000", "nonInterestIncome": "None", "otherNonOperatingIncome": "None", "depreciation": "None", "depreciationAndAmortization": "54078000", "incomeBeforeTax": "236854000", "incomeTaxExpense": "-16057000", "interestAndDebtExpense": "None", "netIncomeFromContinuingOperations": "None", "comprehensiveIncomeNetOfTax": "None", "ebit": "206644000", "ebitda": "260722000", "netIncome": "252911000"}, {"fiscalDateEnding": "2020-04-30", "reportedCurrency": "USD", "grossProfit": "677062000", "totalRevenue": "861327000", "costOfRevenue": "184265000", "costofGoodsAndServicesSold": "184265000", "operatingIncome": "125895000", "sellingGeneralAndAdministrative": "62474000", "researchAndDevelopment": "302571000", "operatingExpenses": "521495000", "investmentIncomeNet": "None", "netInterestIncome": "None", "interestIncome": "None", "interestExpense": "1846000", "nonInterestIncome": "None", "otherNonOperatingIncome": "None", "depreciation": "None", "depreciationAndAmortization": "52846000", "incomeBeforeTax": "110166000", "incomeTaxExpense": "246000", "interestAndDebtExpense": "None", "netIncomeFromContinuingOperations": "None", "comprehensiveIncomeNetOfTax": "None", "ebit": "185239000", "ebitda": "238085000", "netIncome": "109920000"}, {"fiscalDateEnding": "2020-01-31", "reportedCurrency": "USD", "grossProfit": "641513000", "totalRevenue": "834381000", "costOfRevenue": "192868000", "costofGoodsAndServicesSold": "192868000", "operatingIncome": "87516000", "sellingGeneralAndAdministrative": "68744000", "researchAndDevelopment": "314283000", "operatingExpenses": "545246000", "investmentIncomeNet": "None", "netInterestIncome": "None", "interestIncome": "None", "interestExpense": "1603000", "nonInterestIncome": "None", "otherNonOperatingIncome": "None", "depreciation": "None", "depreciationAndAmortization": "52232000", "incomeBeforeTax": "99573000", "incomeTaxExpense": "-4488000", "interestAndDebtExpense": "None", "netIncomeFromContinuingOperations": "None", "comprehensiveIncomeNetOfTax": "None", "ebit": "105018000", "ebitda": "157250000", "netIncome": "104061000"}, {"fiscalDateEnding": "2019-10-31", "reportedCurrency": "USD", "grossProfit": "668338000", "totalRevenue": "851081000", "costOfRevenue": "182743000", "costofGoodsAndServicesSold": "182743000", "operatingIncome": "129721000", "sellingGeneralAndAdministrative": "63424000", "researchAndDevelopment": "290503000", "operatingExpenses": "525177000", "investmentIncomeNet": "None", "netInterestIncome": "None", "interestIncome": "None", "interestExpense": "1051000", "nonInterestIncome": "None", "otherNonOperatingIncome": "None", "depreciation": "None", "depreciationAndAmortization": "49543000", "incomeBeforeTax": "131623000", "incomeTaxExpense": "-29091000", "interestAndDebtExpense": "None", "netIncomeFromContinuingOperations": "None", "comprehensiveIncomeNetOfTax": "None", "ebit": "156601000", "ebitda": "206144000", "netIncome": "160714000"}, {"fiscalDateEnding": "2019-07-31", "reportedCurrency": "USD", "grossProfit": "666338000", "totalRevenue": "852970000", "costOfRevenue": "186632000", "costofGoodsAndServicesSold": "186632000", "operatingIncome": "127594000", "sellingGeneralAndAdministrative": "67382000", "researchAndDevelopment": "284804000", "operatingExpenses": "519406000", "investmentIncomeNet": "None", "netInterestIncome": "None", "interestIncome": "None", "interestExpense": "2214000", "nonInterestIncome": "None", "otherNonOperatingIncome": "None", "depreciation": "None", "depreciationAndAmortization": "49292000", "incomeBeforeTax": "132911000", "incomeTaxExpense": "32982000", "interestAndDebtExpense": "None", "netIncomeFromContinuingOperations": "None", "comprehensiveIncomeNetOfTax": "None", "ebit": "166270000", "ebitda": "215562000", "netIncome": "99929000"}, {"fiscalDateEnding": "2019-04-30", "reportedCurrency": "USD", "grossProfit": "645563000", "totalRevenue": "836242000", "costOfRevenue": "190679000", "costofGoodsAndServicesSold": "190679000", "operatingIncome": "115502000", "sellingGeneralAndAdministrative": "56351000", "researchAndDevelopment": "290299000", "operatingExpenses": "515618000", "investmentIncomeNet": "None", "netInterestIncome": "None", "interestIncome": "None", "interestExpense": "3841000", "nonInterestIncome": "None", "otherNonOperatingIncome": "None", "depreciation": "None", "depreciationAndAmortization": "51011000", "incomeBeforeTax": "133917000", "incomeTaxExpense": "15707000", "interestAndDebtExpense": "None", "netIncomeFromContinuingOperations": "None", "comprehensiveIncomeNetOfTax": "None", "ebit": "144388000", "ebitda": "195399000", "netIncome": "118210000"}, {"fiscalDateEnding": "2019-01-31", "reportedCurrency": "USD", "grossProfit": "605165000", "totalRevenue": "798057000", "costOfRevenue": "192892000", "costofGoodsAndServicesSold": "192892000", "operatingIncome": "113886000", "sellingGeneralAndAdministrative": "42061000", "researchAndDevelopment": "271326000", "operatingExpenses": "491314000", "investmentIncomeNet": "None", "netInterestIncome": "None", "interestIncome": "None", "interestExpense": "4554000", "nonInterestIncome": "None", "otherNonOperatingIncome": "None", "depreciation": "None", "depreciationAndAmortization": "51830000", "incomeBeforeTax": "113527000", "incomeTaxExpense": "-12129000", "interestAndDebtExpense": "None", "netIncomeFromContinuingOperations": "None", "comprehensiveIncomeNetOfTax": "None", "ebit": "113816000", "ebitda": "165646000", "netIncome": "125656000"}, {"fiscalDateEnding": "2018-10-31", "reportedCurrency": "USD", "grossProfit": "604500000", "totalRevenue": "795082000", "costOfRevenue": "190582000", "costofGoodsAndServicesSold": "190582000", "operatingIncome": "61525000", "sellingGeneralAndAdministrative": "63043000", "researchAndDevelopment": "290875000", "operatingExpenses": "531947000", "investmentIncomeNet": "None", "netInterestIncome": "None", "interestIncome": "None", "interestExpense": "4326000", "nonInterestIncome": "None", "otherNonOperatingIncome": "None", "depreciation": "None", "depreciationAndAmortization": "58962000", "incomeBeforeTax": "52248000", "incomeTaxExpense": "-202080000", "interestAndDebtExpense": "None", "netIncomeFromContinuingOperations": "None", "comprehensiveIncomeNetOfTax": "None", "ebit": "83581000", "ebitda": "142543000", "netIncome": "254328000"}, {"fiscalDateEnding": "2018-07-31", "reportedCurrency": "USD", "grossProfit": "594333000", "totalRevenue": "779714000", "costOfRevenue": "185381000", "costofGoodsAndServicesSold": "185381000", "operatingIncome": "63968000", "sellingGeneralAndAdministrative": "84336000", "researchAndDevelopment": "277402000", "operatingExpenses": "530342000", "investmentIncomeNet": "None", "netInterestIncome": "None", "interestIncome": "None", "interestExpense": "4558000", "nonInterestIncome": "None", "otherNonOperatingIncome": "None", "depreciation": "None", "depreciationAndAmortization": "53416000", "incomeBeforeTax": "71893000", "incomeTaxExpense": "-7516000", "interestAndDebtExpense": "None", "netIncomeFromContinuingOperations": "None", "comprehensiveIncomeNetOfTax": "None", "ebit": "64014000", "ebitda": "117430000", "netIncome": "79409000"}, {"fiscalDateEnding": "2018-04-30", "reportedCurrency": "USD", "grossProfit": "598057000", "totalRevenue": "776836000", "costOfRevenue": "178779000", "costofGoodsAndServicesSold": "178779000", "operatingIncome": "127014000", "sellingGeneralAndAdministrative": "58809000", "researchAndDevelopment": "252134000", "operatingExpenses": "468867000", "investmentIncomeNet": "None", "netInterestIncome": "None", "interestIncome": "None", "interestExpense": "3880000", "nonInterestIncome": "None", "otherNonOperatingIncome": "None", "depreciation": "None", "depreciationAndAmortization": "52909000", "incomeBeforeTax": "119299000", "incomeTaxExpense": "16827000", "interestAndDebtExpense": "None", "netIncomeFromContinuingOperations": "None", "comprehensiveIncomeNetOfTax": "None", "ebit": "131366000", "ebitda": "184275000", "netIncome": "102472000"}, {"fiscalDateEnding": "2018-01-31", "reportedCurrency": "USD", "grossProfit": "588270000", "totalRevenue": "769426000", "costOfRevenue": "181156000", "costofGoodsAndServicesSold": "181156000", "operatingIncome": "107718000", "sellingGeneralAndAdministrative": "56372000", "researchAndDevelopment": "264411000", "operatingExpenses": "480834000", "investmentIncomeNet": "None", "netInterestIncome": "None", "interestIncome": "None", "interestExpense": "2843000", "nonInterestIncome": "None", "otherNonOperatingIncome": "None", "depreciation": "None", "depreciationAndAmortization": "43920000", "incomeBeforeTax": "120103000", "incomeTaxExpense": "123794000", "interestAndDebtExpense": "None", "netIncomeFromContinuingOperations": "None", "comprehensiveIncomeNetOfTax": "None", "ebit": "107154000", "ebitda": "151074000", "netIncome": "-3691000"}, {"fiscalDateEnding": "2017-10-31", "reportedCurrency": "USD", "grossProfit": "529780000", "totalRevenue": "696644000", "costOfRevenue": "166864000", "costofGoodsAndServicesSold": "166864000", "operatingIncome": "91713000", "sellingGeneralAndAdministrative": "26190000", "researchAndDevelopment": "244515000", "operatingExpenses": "432519000", "investmentIncomeNet": "None", "netInterestIncome": "None", "interestIncome": "None", "interestExpense": "1816000", "nonInterestIncome": "None", "otherNonOperatingIncome": "None", "depreciation": "None", "depreciationAndAmortization": "45330000", "incomeBeforeTax": "99926000", "incomeTaxExpense": "220008000", "interestAndDebtExpense": "None", "netIncomeFromContinuingOperations": "None", "comprehensiveIncomeNetOfTax": "None", "ebit": "102809000", "ebitda": "148139000", "netIncome": "-120082000"}, {"fiscalDateEnding": "2017-07-31", "reportedCurrency": "USD", "grossProfit": "525835000", "totalRevenue": "695381000", "costOfRevenue": "169546000", "costofGoodsAndServicesSold": "169546000", "operatingIncome": "105370000", "sellingGeneralAndAdministrative": "46350000", "researchAndDevelopment": "228663000", "operatingExpenses": "414439000", "investmentIncomeNet": "None", "netInterestIncome": "None", "interestIncome": "None", "interestExpense": "2320000", "nonInterestIncome": "None", "otherNonOperatingIncome": "None", "depreciation": "None", "depreciationAndAmortization": "47068000", "incomeBeforeTax": "112791000", "incomeTaxExpense": "-3960000", "interestAndDebtExpense": "None", "netIncomeFromContinuingOperations": "None", "comprehensiveIncomeNetOfTax": "None", "ebit": "117422000", "ebitda": "164490000", "netIncome": "116751000"}, {"fiscalDateEnding": "2017-04-30", "reportedCurrency": "USD", "grossProfit": "518041000", "totalRevenue": "680069000", "costOfRevenue": "162028000", "costofGoodsAndServicesSold": "162028000", "operatingIncome": "53606000", "sellingGeneralAndAdministrative": "83438000", "researchAndDevelopment": "223015000", "operatingExpenses": "451528000", "investmentIncomeNet": "None", "netInterestIncome": "None", "interestIncome": "None", "interestExpense": "1860000", "nonInterestIncome": "None", "otherNonOperatingIncome": "None", "depreciation": "None", "depreciationAndAmortization": "47580000", "incomeBeforeTax": "62020000", "incomeTaxExpense": "8714000", "interestAndDebtExpense": "None", "netIncomeFromContinuingOperations": "None", "comprehensiveIncomeNetOfTax": "None", "ebit": "79420000", "ebitda": "127000000", "netIncome": "53306000"}, {"fiscalDateEnding": "2017-01-31", "reportedCurrency": "USD", "grossProfit": "497040000", "totalRevenue": "652786000", "costOfRevenue": "155746000", "costofGoodsAndServicesSold": "155746000", "operatingIncome": "96874000", "sellingGeneralAndAdministrative": "40866000", "researchAndDevelopment": "212648000", "operatingExpenses": "388061000", "investmentIncomeNet": "None", "netInterestIncome": "None", "interestIncome": "None", "interestExpense": "1308000", "nonInterestIncome": "None", "otherNonOperatingIncome": "None", "depreciation": "None", "depreciationAndAmortization": "49464000", "incomeBeforeTax": "108361000", "incomeTaxExpense": "21773000", "interestAndDebtExpense": "None", "netIncomeFromContinuingOperations": "None", "comprehensiveIncomeNetOfTax": "None", "ebit": "121084000", "ebitda": "170548000", "netIncome": "86588000"}, {"fiscalDateEnding": "2016-10-31", "reportedCurrency": "USD", "grossProfit": "491508000", "totalRevenue": "633719000", "costOfRevenue": "142211000", "costofGoodsAndServicesSold": "142211000", "operatingIncome": "89577000", "sellingGeneralAndAdministrative": "42164000", "researchAndDevelopment": "221954000", "operatingExpenses": "402105000", "investmentIncomeNet": "None", "netInterestIncome": "None", "interestIncome": "None", "interestExpense": "1042000", "nonInterestIncome": "None", "otherNonOperatingIncome": "None", "depreciation": "None", "depreciationAndAmortization": "49218000", "incomeBeforeTax": "82752000", "incomeTaxExpense": "10055000", "interestAndDebtExpense": "None", "netIncomeFromContinuingOperations": "None", "comprehensiveIncomeNetOfTax": "None", "ebit": "96049000", "ebitda": "145267000", "netIncome": "72697000"}, {"fiscalDateEnding": "2016-07-31", "reportedCurrency": "USD", "grossProfit": "475527000", "totalRevenue": "615204000", "costOfRevenue": "139677000", "costofGoodsAndServicesSold": "139677000", "operatingIncome": "76722000", "sellingGeneralAndAdministrative": "42548000", "researchAndDevelopment": "221874000", "operatingExpenses": "398805000", "investmentIncomeNet": "None", "netInterestIncome": "None", "interestIncome": "None", "interestExpense": "1208000", "nonInterestIncome": "None", "otherNonOperatingIncome": "None", "depreciation": "None", "depreciationAndAmortization": "50588000", "incomeBeforeTax": "85231000", "incomeTaxExpense": "20513000", "interestAndDebtExpense": "None", "netIncomeFromContinuingOperations": "None", "comprehensiveIncomeNetOfTax": "None", "ebit": "76722000", "ebitda": "127310000", "netIncome": "64718000"}, {"fiscalDateEnding": "2016-04-30", "reportedCurrency": "USD", "grossProfit": "473375000", "totalRevenue": "605005000", "costOfRevenue": "131630000", "costofGoodsAndServicesSold": "131630000", "operatingIncome": "86806000", "sellingGeneralAndAdministrative": "41553000", "researchAndDevelopment": "216172000", "operatingExpenses": "385675000", "investmentIncomeNet": "None", "netInterestIncome": "None", "interestIncome": "None", "interestExpense": "848000", "nonInterestIncome": "None", "otherNonOperatingIncome": "None", "depreciation": "None", "depreciationAndAmortization": "50790000", "incomeBeforeTax": "97223000", "incomeTaxExpense": "27847000", "interestAndDebtExpense": "None", "netIncomeFromContinuingOperations": "None", "comprehensiveIncomeNetOfTax": "None", "ebit": "88594000", "ebitda": "139384000", "netIncome": "69376000"}, {"fiscalDateEnding": "2016-01-31", "reportedCurrency": "USD", "grossProfit": "439160000", "totalRevenue": "568604000", "costOfRevenue": "129444000", "costofGoodsAndServicesSold": "129444000", "operatingIncome": "71110000", "sellingGeneralAndAdministrative": "39697000", "researchAndDevelopment": "196705000", "operatingExpenses": "365957000", "investmentIncomeNet": "None", "netInterestIncome": "None", "interestIncome": "None", "interestExpense": "673000", "nonInterestIncome": "None", "otherNonOperatingIncome": "None", "depreciation": "None", "depreciationAndAmortization": "56436000", "incomeBeforeTax": "64342000", "incomeTaxExpense": "4307000", "interestAndDebtExpense": "None", "netIncomeFromContinuingOperations": "None", "comprehensiveIncomeNetOfTax": "None", "ebit": "75296000", "ebitda": "131732000", "netIncome": "60035000"}, {"fiscalDateEnding": "2015-10-31", "reportedCurrency": "USD", "grossProfit": "447315000", "totalRevenue": "587159000", "costOfRevenue": "139844000", "costofGoodsAndServicesSold": "139844000", "operatingIncome": "57558000", "sellingGeneralAndAdministrative": "43843000", "researchAndDevelopment": "208305000", "operatingExpenses": "389757000", "investmentIncomeNet": "None", "netInterestIncome": "None", "interestIncome": "None", "interestExpense": "757000", "nonInterestIncome": "None", "otherNonOperatingIncome": "None", "depreciation": "None", "depreciationAndAmortization": "57286000", "incomeBeforeTax": "55918000", "incomeTaxExpense": "6156000", "interestAndDebtExpense": "None", "netIncomeFromContinuingOperations": "None", "comprehensiveIncomeNetOfTax": "None", "ebit": "57558000", "ebitda": "114844000", "netIncome": "49762000"}, {"fiscalDateEnding": "2015-07-31", "reportedCurrency": "USD", "grossProfit": "426334000", "totalRevenue": "555805000", "costOfRevenue": "129471000", "costofGoodsAndServicesSold": "129471000", "operatingIncome": "61482000", "sellingGeneralAndAdministrative": "43925000", "researchAndDevelopment": "197999000", "operatingExpenses": "365100000", "investmentIncomeNet": "None", "netInterestIncome": "None", "interestIncome": "None", "interestExpense": "599000", "nonInterestIncome": "None", "otherNonOperatingIncome": "None", "depreciation": "None", "depreciationAndAmortization": "52484000", "incomeBeforeTax": "65193000", "incomeTaxExpense": "9806000", "interestAndDebtExpense": "None", "netIncomeFromContinuingOperations": "None", "comprehensiveIncomeNetOfTax": "None", "ebit": "60986000", "ebitda": "113470000", "netIncome": "55387000"}, {"fiscalDateEnding": "2015-04-30", "reportedCurrency": "USD", "grossProfit": "432232000", "totalRevenue": "557204000", "costOfRevenue": "124972000", "costofGoodsAndServicesSold": "124972000", "operatingIncome": "75927000", "sellingGeneralAndAdministrative": "40975000", "researchAndDevelopment": "188315000", "operatingExpenses": "356305000", "investmentIncomeNet": "None", "netInterestIncome": "None", "interestIncome": "None", "interestExpense": "804000", "nonInterestIncome": "None", "otherNonOperatingIncome": "None", "depreciation": "None", "depreciationAndAmortization": "51522000", "incomeBeforeTax": "83884000", "incomeTaxExpense": "28288000", "interestAndDebtExpense": "None", "netIncomeFromContinuingOperations": "None", "comprehensiveIncomeNetOfTax": "None", "ebit": "75927000", "ebitda": "127449000", "netIncome": "55596000"}, {"fiscalDateEnding": "2015-01-31", "reportedCurrency": "USD", "grossProfit": "417410000", "totalRevenue": "542043000", "costOfRevenue": "124633000", "costofGoodsAndServicesSold": "124633000", "operatingIncome": "71499000", "sellingGeneralAndAdministrative": "36354000", "researchAndDevelopment": "181610000", "operatingExpenses": "330575000", "investmentIncomeNet": "None", "netInterestIncome": "None", "interestIncome": "None", "interestExpense": "653000", "nonInterestIncome": "None", "otherNonOperatingIncome": "None", "depreciation": "None", "depreciationAndAmortization": "50529000", "incomeBeforeTax": "76615000", "incomeTaxExpense": "11426000", "interestAndDebtExpense": "None", "netIncomeFromContinuingOperations": "None", "comprehensiveIncomeNetOfTax": "None", "ebit": "102171000", "ebitda": "152700000", "netIncome": "65189000"}, {"fiscalDateEnding": "2014-10-31", "reportedCurrency": "USD", "grossProfit": "417591000", "totalRevenue": "539012000", "costOfRevenue": "121421000", "costofGoodsAndServicesSold": "121421000", "operatingIncome": "57500000", "sellingGeneralAndAdministrative": "42969000", "researchAndDevelopment": "190373000", "operatingExpenses": "360091000", "investmentIncomeNet": "None", "netInterestIncome": "None", "interestIncome": "None", "interestExpense": "241000", "nonInterestIncome": "None", "otherNonOperatingIncome": "None", "depreciation": "None", "depreciationAndAmortization": "52076000", "incomeBeforeTax": "62128000", "incomeTaxExpense": "-327000", "interestAndDebtExpense": "None", "netIncomeFromContinuingOperations": "None", "comprehensiveIncomeNetOfTax": "None", "ebit": "57500000", "ebitda": "109576000", "netIncome": "62455000"}, {"fiscalDateEnding": "2014-07-31", "reportedCurrency": "USD", "grossProfit": "406282000", "totalRevenue": "521812000", "costOfRevenue": "115530000", "costofGoodsAndServicesSold": "115530000", "operatingIncome": "67227000", "sellingGeneralAndAdministrative": "37438000", "researchAndDevelopment": "182809000", "operatingExpenses": "339055000", "investmentIncomeNet": "None", "netInterestIncome": "None", "interestIncome": "None", "interestExpense": "715000", "nonInterestIncome": "None", "otherNonOperatingIncome": "None", "depreciation": "None", "depreciationAndAmortization": "49165000", "incomeBeforeTax": "70771000", "incomeTaxExpense": "5115000", "interestAndDebtExpense": "None", "netIncomeFromContinuingOperations": "None", "comprehensiveIncomeNetOfTax": "None", "ebit": "67227000", "ebitda": "116392000", "netIncome": "65656000"}, {"fiscalDateEnding": "2014-04-30", "reportedCurrency": "USD", "grossProfit": "403612000", "totalRevenue": "517697000", "costOfRevenue": "114085000", "costofGoodsAndServicesSold": "114085000", "operatingIncome": "63834000", "sellingGeneralAndAdministrative": "40575000", "researchAndDevelopment": "178043000", "operatingExpenses": "339778000", "investmentIncomeNet": "None", "netInterestIncome": "None", "interestIncome": "None", "interestExpense": "582000", "nonInterestIncome": "None", "otherNonOperatingIncome": "None", "depreciation": "None", "depreciationAndAmortization": "47871000", "incomeBeforeTax": "68059000", "incomeTaxExpense": "4742000", "interestAndDebtExpense": "None", "netIncomeFromContinuingOperations": "None", "comprehensiveIncomeNetOfTax": "None", "ebit": "63834000", "ebitda": "111705000", "netIncome": "63317000"}, {"fiscalDateEnding": "2014-01-31", "reportedCurrency": "USD", "grossProfit": "373102000", "totalRevenue": "478951000", "costOfRevenue": "105849000", "costofGoodsAndServicesSold": "105849000", "operatingIncome": "60156000", "sellingGeneralAndAdministrative": "34233000", "researchAndDevelopment": "167543000", "operatingExpenses": "312946000", "investmentIncomeNet": "None", "netInterestIncome": "None", "interestIncome": "None", "interestExpense": "357000", "nonInterestIncome": "None", "otherNonOperatingIncome": "None", "depreciation": "None", "depreciationAndAmortization": "43714000", "incomeBeforeTax": "71184000", "incomeTaxExpense": "3488000", "interestAndDebtExpense": "None", "netIncomeFromContinuingOperations": "None", "comprehensiveIncomeNetOfTax": "None", "ebit": "60156000", "ebitda": "103870000", "netIncome": "67696000"}, {"fiscalDateEnding": "2013-10-31", "reportedCurrency": "USD", "grossProfit": "385766000", "totalRevenue": "504875000", "costOfRevenue": "119109000", "costofGoodsAndServicesSold": "119109000", "operatingIncome": "51014000", "sellingGeneralAndAdministrative": "39089000", "researchAndDevelopment": "175057000", "operatingExpenses": "334752000", "investmentIncomeNet": "None", "netInterestIncome": "None", "interestIncome": "None", "interestExpense": "371000", "nonInterestIncome": "None", "otherNonOperatingIncome": "None", "depreciation": "None", "depreciationAndAmortization": "45648000", "incomeBeforeTax": "59057000", "incomeTaxExpense": "2167000", "interestAndDebtExpense": "None", "netIncomeFromContinuingOperations": "None", "comprehensiveIncomeNetOfTax": "None", "ebit": "51014000", "ebitda": "96662000", "netIncome": "56890000"}, {"fiscalDateEnding": "2013-07-31", "reportedCurrency": "USD", "grossProfit": "367298000", "totalRevenue": "482945000", "costOfRevenue": "115647000", "costofGoodsAndServicesSold": "115647000", "operatingIncome": "54995000", "sellingGeneralAndAdministrative": "34510000", "researchAndDevelopment": "166668000", "operatingExpenses": "312303000", "investmentIncomeNet": "None", "netInterestIncome": "None", "interestIncome": "None", "interestExpense": "404000", "nonInterestIncome": "None", "otherNonOperatingIncome": "None", "depreciation": "None", "depreciationAndAmortization": "47602000", "incomeBeforeTax": "58172000", "incomeTaxExpense": "5875000", "interestAndDebtExpense": "None", "netIncomeFromContinuingOperations": "None", "comprehensiveIncomeNetOfTax": "None", "ebit": "54995000", "ebitda": "102597000", "netIncome": "52297000"}, {"fiscalDateEnding": "2013-04-30", "reportedCurrency": "USD", "grossProfit": "391524000", "totalRevenue": "499257000", "costOfRevenue": "107733000", "costofGoodsAndServicesSold": "107733000", "operatingIncome": "79503000", "sellingGeneralAndAdministrative": "32254000", "researchAndDevelopment": "169962000", "operatingExpenses": "312021000", "investmentIncomeNet": "None", "netInterestIncome": "None", "interestIncome": "None", "interestExpense": "456000", "nonInterestIncome": "None", "otherNonOperatingIncome": "None", "depreciation": "None", "depreciationAndAmortization": "47090000", "incomeBeforeTax": "86707000", "incomeTaxExpense": "18016000", "interestAndDebtExpense": "None", "netIncomeFromContinuingOperations": "None", "comprehensiveIncomeNetOfTax": "None", "ebit": "79503000", "ebitda": "126593000", "netIncome": "68691000"}, {"fiscalDateEnding": "2013-01-31", "reportedCurrency": "USD", "grossProfit": "364074000", "totalRevenue": "475137000", "costOfRevenue": "111063000", "costofGoodsAndServicesSold": "111063000", "operatingIncome": "60981000", "sellingGeneralAndAdministrative": "37938000", "researchAndDevelopment": "157510000", "operatingExpenses": "303093000", "investmentIncomeNet": "None", "netInterestIncome": "None", "interestIncome": "None", "interestExpense": "464000", "nonInterestIncome": "None", "otherNonOperatingIncome": "None", "depreciation": "None", "depreciationAndAmortization": "47064000", "incomeBeforeTax": "71730000", "incomeTaxExpense": "1808000", "interestAndDebtExpense": "None", "netIncomeFromContinuingOperations": "None", "comprehensiveIncomeNetOfTax": "None", "ebit": "60981000", "ebitda": "108045000", "netIncome": "69922000"}, {"fiscalDateEnding": "2012-10-31", "reportedCurrency": "USD", "grossProfit": "351689000", "totalRevenue": "454213000", "costOfRevenue": "102524000", "costofGoodsAndServicesSold": "102524000", "operatingIncome": "39490000", "sellingGeneralAndAdministrative": "41903000", "researchAndDevelopment": "153568000", "operatingExpenses": "312199000", "investmentIncomeNet": "None", "netInterestIncome": "None", "interestIncome": "None", "interestExpense": "14410000", "nonInterestIncome": "None", "otherNonOperatingIncome": "None", "depreciation": "None", "depreciationAndAmortization": "41764000", "incomeBeforeTax": "42732000", "incomeTaxExpense": "13651000", "interestAndDebtExpense": "None", "netIncomeFromContinuingOperations": "None", "comprehensiveIncomeNetOfTax": "None", "ebit": "49781000", "ebitda": "91545000", "netIncome": "29081000"}, {"fiscalDateEnding": "2012-07-31", "reportedCurrency": "USD", "grossProfit": "343958000", "totalRevenue": "443747000", "costOfRevenue": "99789000", "costofGoodsAndServicesSold": "99789000", "operatingIncome": "63395000", "sellingGeneralAndAdministrative": "31769000", "researchAndDevelopment": "143955000", "operatingExpenses": "280563000", "investmentIncomeNet": "None", "netInterestIncome": "None", "interestIncome": "None", "interestExpense": "13191000", "nonInterestIncome": "None", "otherNonOperatingIncome": "None", "depreciation": "None", "depreciationAndAmortization": "40214000", "incomeBeforeTax": "61085000", "incomeTaxExpense": "-14571000", "interestAndDebtExpense": "None", "netIncomeFromContinuingOperations": "None", "comprehensiveIncomeNetOfTax": "None", "ebit": "63395000", "ebitda": "103609000", "netIncome": "75656000"}, {"fiscalDateEnding": "2012-04-30", "reportedCurrency": "USD", "grossProfit": "332055000", "totalRevenue": "432561000", "costOfRevenue": "100506000", "costofGoodsAndServicesSold": "100506000", "operatingIncome": "17136000", "sellingGeneralAndAdministrative": "49948000", "researchAndDevelopment": "151230000", "operatingExpenses": "314919000", "investmentIncomeNet": "None", "netInterestIncome": "None", "interestIncome": "None", "interestExpense": "7174000", "nonInterestIncome": "None", "otherNonOperatingIncome": "None", "depreciation": "None", "depreciationAndAmortization": "42897000", "incomeBeforeTax": "23489000", "incomeTaxExpense": "2518000", "interestAndDebtExpense": "None", "netIncomeFromContinuingOperations": "None", "comprehensiveIncomeNetOfTax": "None", "ebit": "17136000", "ebitda": "60033000", "netIncome": "20971000"}, {"fiscalDateEnding": "2012-01-31", "reportedCurrency": "USD", "grossProfit": "335642000", "totalRevenue": "425496000", "costOfRevenue": "89854000", "costofGoodsAndServicesSold": "89854000", "operatingIncome": "70003000", "sellingGeneralAndAdministrative": "33839000", "researchAndDevelopment": "132875000", "operatingExpenses": "265639000", "investmentIncomeNet": "None", "netInterestIncome": "None", "interestIncome": "None", "interestExpense": "5955000", "nonInterestIncome": "None", "otherNonOperatingIncome": "None", "depreciation": "None", "depreciationAndAmortization": "31965000", "incomeBeforeTax": "73829000", "incomeTaxExpense": "17135000", "interestAndDebtExpense": "None", "netIncomeFromContinuingOperations": "None", "comprehensiveIncomeNetOfTax": "None", "ebit": "66177000", "ebitda": "98142000", "netIncome": "56694000"}, {"fiscalDateEnding": "2011-10-31", "reportedCurrency": "USD", "grossProfit": "305149000", "totalRevenue": "390534000", "costOfRevenue": "85385000", "costofGoodsAndServicesSold": "85385000", "operatingIncome": "56317000", "sellingGeneralAndAdministrative": "26373000", "researchAndDevelopment": "125415000", "operatingExpenses": "248832000", "investmentIncomeNet": "None", "netInterestIncome": "None", "interestIncome": "None", "interestExpense": "39230000", "nonInterestIncome": "None", "otherNonOperatingIncome": "None", "depreciation": "None", "depreciationAndAmortization": "31591000", "incomeBeforeTax": "53555000", "incomeTaxExpense": "13613000", "interestAndDebtExpense": "None", "netIncomeFromContinuingOperations": "None", "comprehensiveIncomeNetOfTax": "None", "ebit": "59079000", "ebitda": "90670000", "netIncome": "39942000"}, {"fiscalDateEnding": "2011-07-31", "reportedCurrency": "USD", "grossProfit": "302063000", "totalRevenue": "386795000", "costOfRevenue": "84732000", "costofGoodsAndServicesSold": "84732000", "operatingIncome": "58179000", "sellingGeneralAndAdministrative": "27052000", "researchAndDevelopment": "122547000", "operatingExpenses": "243884000", "investmentIncomeNet": "None", "netInterestIncome": "None", "interestIncome": "None", "interestExpense": "10467000", "nonInterestIncome": "None", "otherNonOperatingIncome": "None", "depreciation": "None", "depreciationAndAmortization": "31961000", "incomeBeforeTax": "55967000", "incomeTaxExpense": "3885000", "interestAndDebtExpense": "None", "netIncomeFromContinuingOperations": "None", "comprehensiveIncomeNetOfTax": "None", "ebit": "60391000", "ebitda": "92352000", "netIncome": "52082000"}, {"fiscalDateEnding": "2011-04-30", "reportedCurrency": "USD", "grossProfit": "307642000", "totalRevenue": "393670000", "costOfRevenue": "86028000", "costofGoodsAndServicesSold": "86028000", "operatingIncome": "51685000", "sellingGeneralAndAdministrative": "29470000", "researchAndDevelopment": "123169000", "operatingExpenses": "255957000", "investmentIncomeNet": "None", "netInterestIncome": "None", "interestIncome": "None", "interestExpense": "11340000", "nonInterestIncome": "None", "otherNonOperatingIncome": "None", "depreciation": "None", "depreciationAndAmortization": "33322000", "incomeBeforeTax": "57259000", "incomeTaxExpense": "-23855000", "interestAndDebtExpense": "None", "netIncomeFromContinuingOperations": "None", "comprehensiveIncomeNetOfTax": "None", "ebit": "46111000", "ebitda": "79433000", "netIncome": "81114000"}, {"fiscalDateEnding": "2011-01-31", "reportedCurrency": "USD", "grossProfit": "280339000", "totalRevenue": "364644000", "costOfRevenue": "84305000", "costofGoodsAndServicesSold": "84305000", "operatingIncome": "46662000", "sellingGeneralAndAdministrative": "29865000", "researchAndDevelopment": "120740000", "operatingExpenses": "233677000", "investmentIncomeNet": "None", "netInterestIncome": "None", "interestIncome": "None", "interestExpense": "17423000", "nonInterestIncome": "None", "otherNonOperatingIncome": "None", "depreciation": "None", "depreciationAndAmortization": "31676000", "incomeBeforeTax": "52332000", "incomeTaxExpense": "4106000", "interestAndDebtExpense": "None", "netIncomeFromContinuingOperations": "None", "comprehensiveIncomeNetOfTax": "None", "ebit": "40992000", "ebitda": "72668000", "netIncome": "48226000"}, {"fiscalDateEnding": "2010-10-31", "reportedCurrency": "USD", "grossProfit": "295716000", "totalRevenue": "375459000", "costOfRevenue": "79743000", "costofGoodsAndServicesSold": "79743000", "operatingIncome": "33257000", "sellingGeneralAndAdministrative": "32950000", "researchAndDevelopment": "129298000", "operatingExpenses": "262459000", "investmentIncomeNet": "None", "netInterestIncome": "None", "interestIncome": "None", "interestExpense": "41650000", "nonInterestIncome": "None", "otherNonOperatingIncome": "None", "depreciation": "None", "depreciationAndAmortization": "29429000", "incomeBeforeTax": "39696000", "incomeTaxExpense": "14295000", "interestAndDebtExpense": "None", "netIncomeFromContinuingOperations": "None", "comprehensiveIncomeNetOfTax": "None", "ebit": "22273000", "ebitda": "51702000", "netIncome": "25401000"}, {"fiscalDateEnding": "2010-07-31", "reportedCurrency": "USD", "grossProfit": "270186000", "totalRevenue": "336929000", "costOfRevenue": "66743000", "costofGoodsAndServicesSold": "66743000", "operatingIncome": "50793000", "sellingGeneralAndAdministrative": "27371000", "researchAndDevelopment": "105649000", "operatingExpenses": "219393000", "investmentIncomeNet": "None", "netInterestIncome": "None", "interestIncome": "None", "interestExpense": "16308000", "nonInterestIncome": "None", "otherNonOperatingIncome": "None", "depreciation": "None", "depreciationAndAmortization": "21553000", "incomeBeforeTax": "47747000", "incomeTaxExpense": "8420000", "interestAndDebtExpense": "None", "netIncomeFromContinuingOperations": "None", "comprehensiveIncomeNetOfTax": "None", "ebit": "53839000", "ebitda": "75392000", "netIncome": "39327000"}, {"fiscalDateEnding": "2010-04-30", "reportedCurrency": "USD", "grossProfit": "269079000", "totalRevenue": "338106000", "costOfRevenue": "69027000", "costofGoodsAndServicesSold": "69027000", "operatingIncome": "44968000", "sellingGeneralAndAdministrative": "28713000", "researchAndDevelopment": "113050000", "operatingExpenses": "224111000", "investmentIncomeNet": "None", "netInterestIncome": "None", "interestIncome": "None", "interestExpense": "2772000", "nonInterestIncome": "None", "otherNonOperatingIncome": "None", "depreciation": "None", "depreciationAndAmortization": "24567000", "incomeBeforeTax": "53873000", "incomeTaxExpense": "14324000", "interestAndDebtExpense": "None", "netIncomeFromContinuingOperations": "None", "comprehensiveIncomeNetOfTax": "None", "ebit": "36063000", "ebitda": "60630000", "netIncome": "39549000"}, {"fiscalDateEnding": "2010-01-31", "reportedCurrency": "USD", "grossProfit": "264586000", "totalRevenue": "330167000", "costOfRevenue": "65581000", "costofGoodsAndServicesSold": "65581000", "operatingIncome": "55092000", "sellingGeneralAndAdministrative": "25853000", "researchAndDevelopment": "101232000", "operatingExpenses": "209494000", "investmentIncomeNet": "None", "netInterestIncome": "None", "interestIncome": "None", "interestExpense": "22570000", "nonInterestIncome": "None", "otherNonOperatingIncome": "None", "depreciation": "None", "depreciationAndAmortization": "25652000", "incomeBeforeTax": "57342000", "incomeTaxExpense": "-75444000", "interestAndDebtExpense": "None", "netIncomeFromContinuingOperations": "None", "comprehensiveIncomeNetOfTax": "None", "ebit": "52842000", "ebitda": "78494000", "netIncome": "132786000"}, {"fiscalDateEnding": "2009-10-31", "reportedCurrency": "USD", "grossProfit": "265106000", "totalRevenue": "338278000", "costOfRevenue": "73172000", "costofGoodsAndServicesSold": "73172000", "operatingIncome": "24922000", "sellingGeneralAndAdministrative": "35492000", "researchAndDevelopment": "115316000", "operatingExpenses": "240184000", "investmentIncomeNet": "None", "netInterestIncome": "None", "interestIncome": "None", "interestExpense": "21716000", "nonInterestIncome": "None", "otherNonOperatingIncome": "None", "depreciation": "None", "depreciationAndAmortization": "26872000", "incomeBeforeTax": "31813000", "incomeTaxExpense": "12285000", "interestAndDebtExpense": "None", "netIncomeFromContinuingOperations": "None", "comprehensiveIncomeNetOfTax": "None", "ebit": "9243000", "ebitda": "36115000", "netIncome": "19528000"}, {"fiscalDateEnding": "2009-07-31", "reportedCurrency": "USD", "grossProfit": "275142000", "totalRevenue": "345177000", "costOfRevenue": "70035000", "costofGoodsAndServicesSold": "70035000", "operatingIncome": "61089000", "sellingGeneralAndAdministrative": "27735000", "researchAndDevelopment": "104989000", "operatingExpenses": "213653000", "investmentIncomeNet": "None", "netInterestIncome": "None", "interestIncome": "None", "interestExpense": "18108000", "nonInterestIncome": "None", "otherNonOperatingIncome": "None", "depreciation": "None", "depreciationAndAmortization": "2956000", "incomeBeforeTax": "66473000", "incomeTaxExpense": "19037000", "interestAndDebtExpense": "None", "netIncomeFromContinuingOperations": "None", "comprehensiveIncomeNetOfTax": "None", "ebit": "56505000", "ebitda": "59461000", "netIncome": "47436000"}, {"fiscalDateEnding": "2009-04-30", "reportedCurrency": "USD", "grossProfit": "271816000", "totalRevenue": "336835000", "costOfRevenue": "65019000", "costofGoodsAndServicesSold": "65019000", "operatingIncome": "54668000", "sellingGeneralAndAdministrative": "28691000", "researchAndDevelopment": "102996000", "operatingExpenses": "217148000", "investmentIncomeNet": "None", "netInterestIncome": "None", "interestIncome": "None", "interestExpense": "555000", "nonInterestIncome": "None", "otherNonOperatingIncome": "None", "depreciation": "None", "depreciationAndAmortization": "24310000", "incomeBeforeTax": "65113000", "incomeTaxExpense": "16825000", "interestAndDebtExpense": "None", "netIncomeFromContinuingOperations": "None", "comprehensiveIncomeNetOfTax": "None", "ebit": "47005000", "ebitda": "71315000", "netIncome": "48288000"}, {"fiscalDateEnding": "2009-01-31", "reportedCurrency": "USD", "grossProfit": "274331000", "totalRevenue": "339755000", "costOfRevenue": "65424000", "costofGoodsAndServicesSold": "65424000", "operatingIncome": "67572000", "sellingGeneralAndAdministrative": "27182000", "researchAndDevelopment": "98407000", "operatingExpenses": "206759000", "investmentIncomeNet": "None", "netInterestIncome": "None", "interestIncome": "None", "interestExpense": "40379000", "nonInterestIncome": "None", "otherNonOperatingIncome": "None", "depreciation": "None", "depreciationAndAmortization": "25418000", "incomeBeforeTax": "69671000", "incomeTaxExpense": "17242000", "interestAndDebtExpense": "None", "netIncomeFromContinuingOperations": "None", "comprehensiveIncomeNetOfTax": "None", "ebit": "69116000", "ebitda": "94534000", "netIncome": "52429000"}, {"fiscalDateEnding": "2008-10-31", "reportedCurrency": "USD", "grossProfit": "285937000", "totalRevenue": "352805000", "costOfRevenue": "66868000", "costofGoodsAndServicesSold": "66868000", "operatingIncome": "65304000", "sellingGeneralAndAdministrative": "216905000", "researchAndDevelopment": "102564000", "operatingExpenses": "220633000", "investmentIncomeNet": "None", "netInterestIncome": "None", "interestIncome": "None", "interestExpense": "10103000", "nonInterestIncome": "None", "otherNonOperatingIncome": "None", "depreciation": "None", "depreciationAndAmortization": "23608000", "incomeBeforeTax": "55720000", "incomeTaxExpense": "9323000", "interestAndDebtExpense": "None", "netIncomeFromContinuingOperations": "None", "comprehensiveIncomeNetOfTax": "None", "ebit": "96099000", "ebitda": "119707000", "netIncome": "46397000"}, {"fiscalDateEnding": "2008-07-31", "reportedCurrency": "USD", "grossProfit": "277102000", "totalRevenue": "344128000", "costOfRevenue": "67026000", "costofGoodsAndServicesSold": "67026000", "operatingIncome": "50032000", "sellingGeneralAndAdministrative": "26512000", "researchAndDevelopment": "104394000", "operatingExpenses": "222270000", "investmentIncomeNet": "None", "netInterestIncome": "None", "interestIncome": "None", "interestExpense": "4801000", "nonInterestIncome": "None", "otherNonOperatingIncome": "None", "depreciation": "None", "depreciationAndAmortization": "23291000", "incomeBeforeTax": "52979000", "incomeTaxExpense": "-4770000", "interestAndDebtExpense": "None", "netIncomeFromContinuingOperations": "None", "comprehensiveIncomeNetOfTax": "None", "ebit": "56685000", "ebitda": "79976000", "netIncome": "57749000"}, {"fiscalDateEnding": "2008-04-30", "reportedCurrency": "USD", "grossProfit": "260861000", "totalRevenue": "324553000", "costOfRevenue": "63692000", "costofGoodsAndServicesSold": "63692000", "operatingIncome": "49937000", "sellingGeneralAndAdministrative": "26171000", "researchAndDevelopment": "95275000", "operatingExpenses": "210924000", "investmentIncomeNet": "None", "netInterestIncome": "None", "interestIncome": "None", "interestExpense": "5810000", "nonInterestIncome": "None", "otherNonOperatingIncome": "None", "depreciation": "None", "depreciationAndAmortization": "24911000", "incomeBeforeTax": "50088000", "incomeTaxExpense": "10701000", "interestAndDebtExpense": "None", "netIncomeFromContinuingOperations": "None", "comprehensiveIncomeNetOfTax": "None", "ebit": "54889000", "ebitda": "79800000", "netIncome": "39387000"}, {"fiscalDateEnding": "2008-01-31", "reportedCurrency": "USD", "grossProfit": "254155000", "totalRevenue": "315465000", "costOfRevenue": "61310000", "costofGoodsAndServicesSold": "61310000", "operatingIncome": "53839000", "sellingGeneralAndAdministrative": "23841000", "researchAndDevelopment": "92514000", "operatingExpenses": "200316000", "investmentIncomeNet": "None", "netInterestIncome": "None", "interestIncome": "None", "interestExpense": "9094000", "nonInterestIncome": "None", "otherNonOperatingIncome": "None", "depreciation": "None", "depreciationAndAmortization": "25333000", "incomeBeforeTax": "60169000", "incomeTaxExpense": "13724000", "interestAndDebtExpense": "None", "netIncomeFromContinuingOperations": "None", "comprehensiveIncomeNetOfTax": "None", "ebit": "54359000", "ebitda": "79692000", "netIncome": "46445000"}, {"fiscalDateEnding": "2007-10-31", "reportedCurrency": "USD", "grossProfit": "253151000", "totalRevenue": "315233000", "costOfRevenue": "62082000", "costofGoodsAndServicesSold": "62082000", "operatingIncome": "37876000", "sellingGeneralAndAdministrative": "232242000", "researchAndDevelopment": "97016000", "operatingExpenses": "214175000", "investmentIncomeNet": "None", "netInterestIncome": "None", "interestIncome": "None", "interestExpense": "63513000", "nonInterestIncome": "None", "otherNonOperatingIncome": "None", "depreciation": "None", "depreciationAndAmortization": "27523000", "incomeBeforeTax": "47200000", "incomeTaxExpense": "6186000", "interestAndDebtExpense": "None", "netIncomeFromContinuingOperations": "None", "comprehensiveIncomeNetOfTax": "None", "ebit": "38106000", "ebitda": "65629000", "netIncome": "41014000"}, {"fiscalDateEnding": "2007-07-31", "reportedCurrency": "USD", "grossProfit": "245707000", "totalRevenue": "304098000", "costOfRevenue": "58391000", "costofGoodsAndServicesSold": "58391000", "operatingIncome": "22998000", "sellingGeneralAndAdministrative": "24177000", "researchAndDevelopment": "94365000", "operatingExpenses": "220609000", "investmentIncomeNet": "None", "netInterestIncome": "None", "interestIncome": "None", "interestExpense": "33439000", "nonInterestIncome": "None", "otherNonOperatingIncome": "None", "depreciation": "None", "depreciationAndAmortization": "25168000", "incomeBeforeTax": "33827000", "incomeTaxExpense": "8972000", "interestAndDebtExpense": "None", "netIncomeFromContinuingOperations": "None", "comprehensiveIncomeNetOfTax": "None", "ebit": "23077000", "ebitda": "48245000", "netIncome": "24855000"}, {"fiscalDateEnding": "2007-04-30", "reportedCurrency": "USD", "grossProfit": "237511000", "totalRevenue": "292928000", "costOfRevenue": "55417000", "costofGoodsAndServicesSold": "55417000", "operatingIncome": "37348000", "sellingGeneralAndAdministrative": "22551000", "researchAndDevelopment": "91956000", "operatingExpenses": "200163000", "investmentIncomeNet": "None", "netInterestIncome": "None", "interestIncome": "None", "interestExpense": "10959000", "nonInterestIncome": "None", "otherNonOperatingIncome": "None", "depreciation": "None", "depreciationAndAmortization": "25497000", "incomeBeforeTax": "57016000", "incomeTaxExpense": "15751000", "interestAndDebtExpense": "None", "netIncomeFromContinuingOperations": "None", "comprehensiveIncomeNetOfTax": "None", "ebit": "23577000", "ebitda": "49074000", "netIncome": "41265000"}, {"fiscalDateEnding": "2007-01-31", "reportedCurrency": "USD", "grossProfit": "241835000", "totalRevenue": "300210000", "costOfRevenue": "58375000", "costofGoodsAndServicesSold": "58375000", "operatingIncome": "19822000", "sellingGeneralAndAdministrative": "29677000", "researchAndDevelopment": "95884000", "operatingExpenses": "222013000", "investmentIncomeNet": "None", "netInterestIncome": "None", "interestIncome": "None", "interestExpense": "19115000", "nonInterestIncome": "None", "otherNonOperatingIncome": "None", "depreciation": "None", "depreciationAndAmortization": "27179000", "incomeBeforeTax": "27756000", "incomeTaxExpense": "4399000", "interestAndDebtExpense": "None", "netIncomeFromContinuingOperations": "None", "comprehensiveIncomeNetOfTax": "None", "ebit": "16797000", "ebitda": "43976000", "netIncome": "23357000"}, {"fiscalDateEnding": "2006-10-31", "reportedCurrency": "USD", "grossProfit": "226572000", "totalRevenue": "283384000", "costOfRevenue": "56812000", "costofGoodsAndServicesSold": "56812000", "operatingIncome": "11434000", "sellingGeneralAndAdministrative": "219265000", "researchAndDevelopment": "95518000", "operatingExpenses": "215138000", "investmentIncomeNet": "None", "netInterestIncome": "None", "interestIncome": "None", "interestExpense": "11696000", "nonInterestIncome": "None", "otherNonOperatingIncome": "None", "depreciation": "None", "depreciationAndAmortization": "28944000", "incomeBeforeTax": "15976000", "incomeTaxExpense": "5856000", "interestAndDebtExpense": "None", "netIncomeFromContinuingOperations": "None", "comprehensiveIncomeNetOfTax": "None", "ebit": "-3139000", "ebitda": "25805000", "netIncome": "10120000"}, {"fiscalDateEnding": "2006-07-31", "reportedCurrency": "USD", "grossProfit": "221763000", "totalRevenue": "277208000", "costOfRevenue": "55445000", "costofGoodsAndServicesSold": "55445000", "operatingIncome": "13153000", "sellingGeneralAndAdministrative": "26692000", "researchAndDevelopment": "93972000", "operatingExpenses": "208610000", "investmentIncomeNet": "None", "netInterestIncome": "None", "interestIncome": "None", "interestExpense": "1282000", "nonInterestIncome": "None", "otherNonOperatingIncome": "None", "depreciation": "None", "depreciationAndAmortization": "27572000", "incomeBeforeTax": "15574000", "incomeTaxExpense": "8024000", "interestAndDebtExpense": "None", "netIncomeFromContinuingOperations": "None", "comprehensiveIncomeNetOfTax": "None", "ebit": "14419000", "ebitda": "41991000", "netIncome": "7550000"}, {"fiscalDateEnding": "2006-04-30", "reportedCurrency": "USD", "grossProfit": "218924000", "totalRevenue": "274779000", "costOfRevenue": "55855000", "costofGoodsAndServicesSold": "55855000", "operatingIncome": "8111000", "sellingGeneralAndAdministrative": "26661000", "researchAndDevelopment": "91296000", "operatingExpenses": "210813000", "investmentIncomeNet": "None", "netInterestIncome": "None", "interestIncome": "None", "interestExpense": "6669000", "nonInterestIncome": "None", "otherNonOperatingIncome": "None", "depreciation": "None", "depreciationAndAmortization": "28245000", "incomeBeforeTax": "9143000", "incomeTaxExpense": "3768000", "interestAndDebtExpense": "None", "netIncomeFromContinuingOperations": "None", "comprehensiveIncomeNetOfTax": "None", "ebit": "10425000", "ebitda": "38670000", "netIncome": "5375000"}, {"fiscalDateEnding": "2006-01-31", "reportedCurrency": "USD", "grossProfit": "213627000", "totalRevenue": "260189000", "costOfRevenue": "46562000", "costofGoodsAndServicesSold": "46562000", "operatingIncome": "1231000", "sellingGeneralAndAdministrative": "30804000", "researchAndDevelopment": "87604000", "operatingExpenses": "202937000", "investmentIncomeNet": "None", "netInterestIncome": "None", "interestIncome": "None", "interestExpense": "3745000", "nonInterestIncome": "None", "otherNonOperatingIncome": "None", "depreciation": "None", "depreciationAndAmortization": "29729000", "incomeBeforeTax": "3026000", "incomeTaxExpense": "1329000", "interestAndDebtExpense": "None", "netIncomeFromContinuingOperations": "None", "comprehensiveIncomeNetOfTax": "None", "ebit": "9695000", "ebitda": "39424000", "netIncome": "1697000"}, {"fiscalDateEnding": "2005-10-31", "reportedCurrency": "USD", "grossProfit": "208817000", "totalRevenue": "254838000", "costOfRevenue": "46021000", "costofGoodsAndServicesSold": "46021000", "operatingIncome": "-1992000", "sellingGeneralAndAdministrative": "223451000", "researchAndDevelopment": "82102000", "operatingExpenses": "201506000", "investmentIncomeNet": "None", "netInterestIncome": "None", "interestIncome": "None", "interestExpense": "81601000", "nonInterestIncome": "None", "otherNonOperatingIncome": "None", "depreciation": "None", "depreciationAndAmortization": "35138000", "incomeBeforeTax": "787000", "incomeTaxExpense": "14262000", "interestAndDebtExpense": "None", "netIncomeFromContinuingOperations": "None", "comprehensiveIncomeNetOfTax": "None", "ebit": "4532000", "ebitda": "39670000", "netIncome": "-13475000"}, {"fiscalDateEnding": "2005-07-31", "reportedCurrency": "USD", "grossProfit": "208370000", "totalRevenue": "251450000", "costOfRevenue": "43080000", "costofGoodsAndServicesSold": "43080000", "operatingIncome": "-6311000", "sellingGeneralAndAdministrative": "25122000", "researchAndDevelopment": "81948000", "operatingExpenses": "198396000", "investmentIncomeNet": "None", "netInterestIncome": "None", "interestIncome": "None", "interestExpense": "25455000", "nonInterestIncome": "None", "otherNonOperatingIncome": "None", "depreciation": "None", "depreciationAndAmortization": "38807000", "incomeBeforeTax": "29584000", "incomeTaxExpense": "12290000", "interestAndDebtExpense": "None", "netIncomeFromContinuingOperations": "None", "comprehensiveIncomeNetOfTax": "None", "ebit": "-25921000", "ebitda": "12886000", "netIncome": "17294000"}, {"fiscalDateEnding": "2005-04-30", "reportedCurrency": "USD", "grossProfit": "202715000", "totalRevenue": "244339000", "costOfRevenue": "41624000", "costofGoodsAndServicesSold": "41624000", "operatingIncome": "-20328000", "sellingGeneralAndAdministrative": "25311000", "researchAndDevelopment": "80025000", "operatingExpenses": "194944000", "investmentIncomeNet": "None", "netInterestIncome": "None", "interestIncome": "None", "interestExpense": "29101000", "nonInterestIncome": "None", "otherNonOperatingIncome": "None", "depreciation": "None", "depreciationAndAmortization": "50630000", "incomeBeforeTax": "-19006000", "incomeTaxExpense": "-14034000", "interestAndDebtExpense": "None", "netIncomeFromContinuingOperations": "None", "comprehensiveIncomeNetOfTax": "None", "ebit": "6449000", "ebitda": "57079000", "netIncome": "-4972000"}, {"fiscalDateEnding": "2005-01-31", "reportedCurrency": "USD", "grossProfit": "199428000", "totalRevenue": "241304000", "costOfRevenue": "41876000", "costofGoodsAndServicesSold": "41876000", "operatingIncome": "-24353000", "sellingGeneralAndAdministrative": "24223000", "researchAndDevelopment": "72917000", "operatingExpenses": "189982000", "investmentIncomeNet": "None", "netInterestIncome": "None", "interestIncome": "None", "interestExpense": "27045000", "nonInterestIncome": "None", "otherNonOperatingIncome": "None", "depreciation": "None", "depreciationAndAmortization": "50482000", "incomeBeforeTax": "-19154000", "incomeTaxExpense": "-4829000", "interestAndDebtExpense": "None", "netIncomeFromContinuingOperations": "None", "comprehensiveIncomeNetOfTax": "None", "ebit": "9947000", "ebitda": "60429000", "netIncome": "-14325000"}]}