{"symbol": "PNC", "annualReports": [{"fiscalDateEnding": "2024-12-31", "reportedCurrency": "USD", "grossProfit": "20766000000", "totalRevenue": "20766000000", "costOfRevenue": "None", "costofGoodsAndServicesSold": "None", "operatingIncome": "7242000000", "sellingGeneralAndAdministrative": "7302000000", "researchAndDevelopment": "None", "operatingExpenses": "13524000000", "investmentIncomeNet": "None", "netInterestIncome": "13499000000", "interestIncome": "26384000000", "interestExpense": "12885000000", "nonInterestIncome": "None", "otherNonOperatingIncome": "None", "depreciation": "None", "depreciationAndAmortization": "312000000", "incomeBeforeTax": "7242000000", "incomeTaxExpense": "1289000000", "interestAndDebtExpense": "None", "netIncomeFromContinuingOperations": "5953000000", "comprehensiveIncomeNetOfTax": "None", "ebit": "75228000000", "ebitda": "75540000000", "netIncome": "5889000000"}, {"fiscalDateEnding": "2023-12-31", "reportedCurrency": "USD", "grossProfit": "21509000000", "totalRevenue": "21509000000", "costOfRevenue": "2393000000", "costofGoodsAndServicesSold": "2393000000", "operatingIncome": "6736000000", "sellingGeneralAndAdministrative": "7428000000", "researchAndDevelopment": "None", "operatingExpenses": "14773000000", "investmentIncomeNet": "None", "netInterestIncome": "14197000000", "interestIncome": "22915000000", "interestExpense": "10392000000", "nonInterestIncome": "None", "otherNonOperatingIncome": "None", "depreciation": "None", "depreciationAndAmortization": "217000000", "incomeBeforeTax": "6736000000", "incomeTaxExpense": "1089000000", "interestAndDebtExpense": "None", "netIncomeFromContinuingOperations": "6312000000", "comprehensiveIncomeNetOfTax": "None", "ebit": "6736000000", "ebitda": "6953000000", "netIncome": "5578000000"}, {"fiscalDateEnding": "2022-12-31", "reportedCurrency": "USD", "grossProfit": "21114000000", "totalRevenue": "21114000000", "costOfRevenue": "2387000000", "costofGoodsAndServicesSold": "2387000000", "operatingIncome": "7473000000", "sellingGeneralAndAdministrative": "7244000000", "researchAndDevelopment": "None", "operatingExpenses": "13641000000", "investmentIncomeNet": "None", "netInterestIncome": "13014000000", "interestIncome": "15436000000", "interestExpense": "2422000000", "nonInterestIncome": "None", "otherNonOperatingIncome": "None", "depreciation": "None", "depreciationAndAmortization": "651000000", "incomeBeforeTax": "7473000000", "incomeTaxExpense": "1360000000", "interestAndDebtExpense": "None", "netIncomeFromContinuingOperations": "6113000000", "comprehensiveIncomeNetOfTax": "None", "ebit": "7473000000", "ebitda": "8124000000", "netIncome": "6041000000"}, {"fiscalDateEnding": "2021-12-31", "reportedCurrency": "USD", "grossProfit": "19211000000", "totalRevenue": "19211000000", "costOfRevenue": "2351000000", "costofGoodsAndServicesSold": "2351000000", "operatingIncome": "6988000000", "sellingGeneralAndAdministrative": "7141000000", "researchAndDevelopment": "None", "operatingExpenses": "12223000000", "investmentIncomeNet": "None", "netInterestIncome": "10647000000", "interestIncome": "11134000000", "interestExpense": "487000000", "nonInterestIncome": "None", "otherNonOperatingIncome": "None", "depreciation": "None", "depreciationAndAmortization": "1773000000", "incomeBeforeTax": "6988000000", "incomeTaxExpense": "1263000000", "interestAndDebtExpense": "None", "netIncomeFromContinuingOperations": "5725000000", "comprehensiveIncomeNetOfTax": "None", "ebit": "6988000000", "ebitda": "8761000000", "netIncome": "5674000000"}, {"fiscalDateEnding": "2020-12-31", "reportedCurrency": "USD", "grossProfit": "16901000000", "totalRevenue": "16901000000", "costOfRevenue": "2002000000", "costofGoodsAndServicesSold": "2002000000", "operatingIncome": "3429000000", "sellingGeneralAndAdministrative": "5673000000", "researchAndDevelopment": "None", "operatingExpenses": "13472000000", "investmentIncomeNet": "None", "netInterestIncome": "9946000000", "interestIncome": "11307000000", "interestExpense": "1361000000", "nonInterestIncome": "None", "otherNonOperatingIncome": "None", "depreciation": "None", "depreciationAndAmortization": "1497000000", "incomeBeforeTax": "3429000000", "incomeTaxExpense": "426000000", "interestAndDebtExpense": "None", "netIncomeFromContinuingOperations": "3003000000", "comprehensiveIncomeNetOfTax": "None", "ebit": "3429000000", "ebitda": "4926000000", "netIncome": "7517000000"}, {"fiscalDateEnding": "2019-12-31", "reportedCurrency": "USD", "grossProfit": "16839000000", "totalRevenue": "16839000000", "costOfRevenue": "2044000000", "costofGoodsAndServicesSold": "2044000000", "operatingIncome": "5492000000", "sellingGeneralAndAdministrative": "5647000000", "researchAndDevelopment": "None", "operatingExpenses": "11347000000", "investmentIncomeNet": "None", "netInterestIncome": "9965000000", "interestIncome": "13762000000", "interestExpense": "3797000000", "nonInterestIncome": "None", "otherNonOperatingIncome": "None", "depreciation": "None", "depreciationAndAmortization": "1315000000", "incomeBeforeTax": "5492000000", "incomeTaxExpense": "901000000", "interestAndDebtExpense": "None", "netIncomeFromContinuingOperations": "5418000000", "comprehensiveIncomeNetOfTax": "None", "ebit": "5492000000", "ebitda": "6807000000", "netIncome": "5369000000"}, {"fiscalDateEnding": "2018-12-31", "reportedCurrency": "USD", "grossProfit": "16190000000", "totalRevenue": "16190000000", "costOfRevenue": "1921000000", "costofGoodsAndServicesSold": "1921000000", "operatingIncome": "5486000000", "sellingGeneralAndAdministrative": "5471000000", "researchAndDevelopment": "0", "operatingExpenses": "10704000000", "investmentIncomeNet": "None", "netInterestIncome": "9721000000", "interestIncome": "12582000000", "interestExpense": "2861000000", "nonInterestIncome": "None", "otherNonOperatingIncome": "None", "depreciation": "None", "depreciationAndAmortization": "1129000000", "incomeBeforeTax": "5486000000", "incomeTaxExpense": "928000000", "interestAndDebtExpense": "None", "netIncomeFromContinuingOperations": "5346000000", "comprehensiveIncomeNetOfTax": "None", "ebit": "5486000000", "ebitda": "6615000000", "netIncome": "5301000000"}, {"fiscalDateEnding": "2017-12-31", "reportedCurrency": "USD", "grossProfit": "16329000000", "totalRevenue": "16329000000", "costOfRevenue": "1933000000", "costofGoodsAndServicesSold": "1933000000", "operatingIncome": "5490000000", "sellingGeneralAndAdministrative": "5268000000", "researchAndDevelopment": "0", "operatingExpenses": "10839000000", "investmentIncomeNet": "None", "netInterestIncome": "9108000000", "interestIncome": "10814000000", "interestExpense": "1706000000", "nonInterestIncome": "None", "otherNonOperatingIncome": "None", "depreciation": "None", "depreciationAndAmortization": "1117000000", "incomeBeforeTax": "5490000000", "incomeTaxExpense": "102000000", "interestAndDebtExpense": "None", "netIncomeFromContinuingOperations": "5388000000", "comprehensiveIncomeNetOfTax": "None", "ebit": "5490000000", "ebitda": "6607000000", "netIncome": "5338000000"}, {"fiscalDateEnding": "2016-12-31", "reportedCurrency": "USD", "grossProfit": "15162000000", "totalRevenue": "15162000000", "costOfRevenue": "1835000000", "costofGoodsAndServicesSold": "1835000000", "operatingIncome": "5253000000", "sellingGeneralAndAdministrative": "4873000000", "researchAndDevelopment": "0", "operatingExpenses": "9909000000", "investmentIncomeNet": "None", "netInterestIncome": "8391000000", "interestIncome": "9652000000", "interestExpense": "1261000000", "nonInterestIncome": "None", "otherNonOperatingIncome": "None", "depreciation": "None", "depreciationAndAmortization": "1193000000", "incomeBeforeTax": "5253000000", "incomeTaxExpense": "1268000000", "interestAndDebtExpense": "None", "netIncomeFromContinuingOperations": "3985000000", "comprehensiveIncomeNetOfTax": "None", "ebit": "5253000000", "ebitda": "6446000000", "netIncome": "3903000000"}, {"fiscalDateEnding": "2015-12-31", "reportedCurrency": "USD", "grossProfit": "15225000000", "totalRevenue": "15225000000", "costOfRevenue": "1767000000", "costofGoodsAndServicesSold": "1767000000", "operatingIncome": "5507000000", "sellingGeneralAndAdministrative": "4831000000", "researchAndDevelopment": "0", "operatingExpenses": "9718000000", "investmentIncomeNet": "None", "netInterestIncome": "8278000000", "interestIncome": "9323000000", "interestExpense": "1045000000", "nonInterestIncome": "None", "otherNonOperatingIncome": "None", "depreciation": "None", "depreciationAndAmortization": "1088000000", "incomeBeforeTax": "5507000000", "incomeTaxExpense": "1364000000", "interestAndDebtExpense": "None", "netIncomeFromContinuingOperations": "4143000000", "comprehensiveIncomeNetOfTax": "None", "ebit": "5507000000", "ebitda": "6595000000", "netIncome": "4106000000"}, {"fiscalDateEnding": "2014-12-31", "reportedCurrency": "USD", "grossProfit": "15281000000", "totalRevenue": "15281000000", "costOfRevenue": "1692000000", "costofGoodsAndServicesSold": "1692000000", "operatingIncome": "5614000000", "sellingGeneralAndAdministrative": "4611000000", "researchAndDevelopment": "0", "operatingExpenses": "9667000000", "investmentIncomeNet": "None", "netInterestIncome": "None", "interestIncome": "None", "interestExpense": "906000000", "nonInterestIncome": "None", "otherNonOperatingIncome": "None", "depreciation": "None", "depreciationAndAmortization": "988000000", "incomeBeforeTax": "5614000000", "incomeTaxExpense": "1407000000", "interestAndDebtExpense": "None", "netIncomeFromContinuingOperations": "4207000000", "comprehensiveIncomeNetOfTax": "None", "ebit": "5614000000", "ebitda": "6602000000", "netIncome": "4184000000"}, {"fiscalDateEnding": "2013-12-31", "reportedCurrency": "USD", "grossProfit": "16012000000", "totalRevenue": "16012000000", "costOfRevenue": "1596000000", "costofGoodsAndServicesSold": "1596000000", "operatingIncome": "5688000000", "sellingGeneralAndAdministrative": "4743000000", "researchAndDevelopment": "0", "operatingExpenses": "10324000000", "investmentIncomeNet": "None", "netInterestIncome": "None", "interestIncome": "None", "interestExpense": "860000000", "nonInterestIncome": "None", "otherNonOperatingIncome": "None", "depreciation": "None", "depreciationAndAmortization": "1146000000", "incomeBeforeTax": "5688000000", "incomeTaxExpense": "1476000000", "interestAndDebtExpense": "None", "netIncomeFromContinuingOperations": "4227000000", "comprehensiveIncomeNetOfTax": "None", "ebit": "5688000000", "ebitda": "6834000000", "netIncome": "4201000000"}, {"fiscalDateEnding": "2012-12-31", "reportedCurrency": "USD", "grossProfit": "15512000000", "totalRevenue": "15512000000", "costOfRevenue": "1562000000", "costofGoodsAndServicesSold": "1562000000", "operatingIncome": "4039000000", "sellingGeneralAndAdministrative": "4617000000", "researchAndDevelopment": "0", "operatingExpenses": "11473000000", "investmentIncomeNet": "None", "netInterestIncome": "None", "interestIncome": "None", "interestExpense": "1094000000", "nonInterestIncome": "None", "otherNonOperatingIncome": "None", "depreciation": "None", "depreciationAndAmortization": "1159000000", "incomeBeforeTax": "4039000000", "incomeTaxExpense": "1045000000", "interestAndDebtExpense": "None", "netIncomeFromContinuingOperations": "3001000000", "comprehensiveIncomeNetOfTax": "None", "ebit": "4039000000", "ebitda": "5198000000", "netIncome": "3001000000"}, {"fiscalDateEnding": "2011-12-31", "reportedCurrency": "USD", "grossProfit": "14326000000", "totalRevenue": "14326000000", "costOfRevenue": "1399000000", "costofGoodsAndServicesSold": "1399000000", "operatingIncome": "4069000000", "sellingGeneralAndAdministrative": "3966000000", "researchAndDevelopment": "0", "operatingExpenses": "10257000000", "investmentIncomeNet": "None", "netInterestIncome": "None", "interestIncome": "None", "interestExpense": "1494000000", "nonInterestIncome": "None", "otherNonOperatingIncome": "None", "depreciation": "None", "depreciationAndAmortization": "1140000000", "incomeBeforeTax": "4069000000", "incomeTaxExpense": "998000000", "interestAndDebtExpense": "None", "netIncomeFromContinuingOperations": "None", "comprehensiveIncomeNetOfTax": "None", "ebit": "4069000000", "ebitda": "5209000000", "netIncome": "3056000000"}, {"fiscalDateEnding": "2010-12-31", "reportedCurrency": "USD", "grossProfit": "15016000000", "totalRevenue": "15016000000", "costOfRevenue": "1398000000", "costofGoodsAndServicesSold": "1398000000", "operatingIncome": "4061000000", "sellingGeneralAndAdministrative": "3906000000", "researchAndDevelopment": "0", "operatingExpenses": "10955000000", "investmentIncomeNet": "None", "netInterestIncome": "None", "interestIncome": "None", "interestExpense": "1920000000", "nonInterestIncome": "None", "otherNonOperatingIncome": "None", "depreciation": "None", "depreciationAndAmortization": "1059000000", "incomeBeforeTax": "4061000000", "incomeTaxExpense": "1037000000", "interestAndDebtExpense": "None", "netIncomeFromContinuingOperations": "3024000000", "comprehensiveIncomeNetOfTax": "None", "ebit": "4061000000", "ebitda": "5120000000", "netIncome": "3412000000"}, {"fiscalDateEnding": "2009-12-31", "reportedCurrency": "USD", "grossProfit": "15117000000", "totalRevenue": "15117000000", "costOfRevenue": "1408000000", "costofGoodsAndServicesSold": "1408000000", "operatingIncome": "3225000000", "sellingGeneralAndAdministrative": "4119000000", "researchAndDevelopment": "0", "operatingExpenses": "11892000000", "investmentIncomeNet": "None", "netInterestIncome": "None", "interestIncome": "None", "interestExpense": "3003000000", "nonInterestIncome": "None", "otherNonOperatingIncome": "None", "depreciation": "None", "depreciationAndAmortization": "978000000", "incomeBeforeTax": "3225000000", "incomeTaxExpense": "867000000", "interestAndDebtExpense": "None", "netIncomeFromContinuingOperations": "None", "comprehensiveIncomeNetOfTax": "None", "ebit": "3225000000", "ebitda": "4203000000", "netIncome": "2447000000"}, {"fiscalDateEnding": "2008-12-31", "reportedCurrency": "USD", "grossProfit": "6182000000", "totalRevenue": "6182000000", "costOfRevenue": "727000000", "costofGoodsAndServicesSold": "727000000", "operatingIncome": "1094000000", "sellingGeneralAndAdministrative": "1766000000", "researchAndDevelopment": "None", "operatingExpenses": "5088000000", "investmentIncomeNet": "None", "netInterestIncome": "None", "interestIncome": "None", "interestExpense": "2447000000", "nonInterestIncome": "None", "otherNonOperatingIncome": "None", "depreciation": "None", "depreciationAndAmortization": "463000000", "incomeBeforeTax": "1094000000", "incomeTaxExpense": "298000000", "interestAndDebtExpense": "None", "netIncomeFromContinuingOperations": "None", "comprehensiveIncomeNetOfTax": "None", "ebit": "1094000000", "ebitda": "1557000000", "netIncome": "882000000"}, {"fiscalDateEnding": "2007-12-31", "reportedCurrency": "USD", "grossProfit": "5891000000", "totalRevenue": "5891000000", "costOfRevenue": "3566000000", "costofGoodsAndServicesSold": "3566000000", "operatingIncome": "1924000000", "sellingGeneralAndAdministrative": "1815000000", "researchAndDevelopment": "None", "operatingExpenses": "3967000000", "investmentIncomeNet": "None", "netInterestIncome": "None", "interestIncome": "None", "interestExpense": "3197000000", "nonInterestIncome": "None", "otherNonOperatingIncome": "None", "depreciation": "None", "depreciationAndAmortization": "391000000", "incomeBeforeTax": "1924000000", "incomeTaxExpense": "561000000", "interestAndDebtExpense": "None", "netIncomeFromContinuingOperations": "None", "comprehensiveIncomeNetOfTax": "None", "ebit": "1924000000", "ebitda": "2315000000", "netIncome": "1467000000"}, {"fiscalDateEnding": "2006-12-31", "reportedCurrency": "USD", "grossProfit": "6494000000", "totalRevenue": "6494000000", "costOfRevenue": "2491000000", "costofGoodsAndServicesSold": "2491000000", "operatingIncome": "4005000000", "sellingGeneralAndAdministrative": "2432000000", "researchAndDevelopment": "None", "operatingExpenses": "2489000000", "investmentIncomeNet": "None", "netInterestIncome": "None", "interestIncome": "None", "interestExpense": "2367000000", "nonInterestIncome": "None", "otherNonOperatingIncome": "None", "depreciation": "None", "depreciationAndAmortization": "345000000", "incomeBeforeTax": "4005000000", "incomeTaxExpense": "1363000000", "interestAndDebtExpense": "None", "netIncomeFromContinuingOperations": "None", "comprehensiveIncomeNetOfTax": "None", "ebit": "4005000000", "ebitda": "4350000000", "netIncome": "2595000000"}, {"fiscalDateEnding": "2005-12-31", "reportedCurrency": "USD", "grossProfit": "6327000000", "totalRevenue": "6327000000", "costOfRevenue": "1601000000", "costofGoodsAndServicesSold": "1601000000", "operatingIncome": "2000000000", "sellingGeneralAndAdministrative": "2393000000", "researchAndDevelopment": "None", "operatingExpenses": "4327000000", "investmentIncomeNet": "None", "netInterestIncome": "None", "interestIncome": "None", "interestExpense": "1580000000", "nonInterestIncome": "None", "otherNonOperatingIncome": "None", "depreciation": "None", "depreciationAndAmortization": "375000000", "incomeBeforeTax": "2000000000", "incomeTaxExpense": "604000000", "interestAndDebtExpense": "None", "netIncomeFromContinuingOperations": "None", "comprehensiveIncomeNetOfTax": "None", "ebit": "2000000000", "ebitda": "2375000000", "netIncome": "1325000000"}], "quarterlyReports": [{"fiscalDateEnding": "2024-12-31", "reportedCurrency": "USD", "grossProfit": "5518000000", "totalRevenue": "5518000000", "costOfRevenue": "None", "costofGoodsAndServicesSold": "None", "operatingIncome": "1905000000", "sellingGeneralAndAdministrative": "1857000000", "researchAndDevelopment": "None", "operatingExpenses": "3613000000", "investmentIncomeNet": "None", "netInterestIncome": "3523000000", "interestIncome": "6494000000", "interestExpense": "2971000000", "nonInterestIncome": "None", "otherNonOperatingIncome": "None", "depreciation": "None", "depreciationAndAmortization": "75000000", "incomeBeforeTax": "1905000000", "incomeTaxExpense": "278000000", "interestAndDebtExpense": "None", "netIncomeFromContinuingOperations": "1627000000", "comprehensiveIncomeNetOfTax": "None", "ebit": "69891000000", "ebitda": "69966000000", "netIncome": "1610000000"}, {"fiscalDateEnding": "2024-09-30", "reportedCurrency": "USD", "grossProfit": "5431000000", "totalRevenue": "5431000000", "costOfRevenue": "591000000", "costofGoodsAndServicesSold": "591000000", "operatingIncome": "1862000000", "sellingGeneralAndAdministrative": "1869000000", "researchAndDevelopment": "None", "operatingExpenses": "3569000000", "investmentIncomeNet": "None", "netInterestIncome": "3410000000", "interestIncome": "6822000000", "interestExpense": "3412000000", "nonInterestIncome": "None", "otherNonOperatingIncome": "None", "depreciation": "None", "depreciationAndAmortization": "78000000", "incomeBeforeTax": "1862000000", "incomeTaxExpense": "357000000", "interestAndDebtExpense": "None", "netIncomeFromContinuingOperations": "1505000000", "comprehensiveIncomeNetOfTax": "None", "ebit": "1862000000", "ebitda": "1940000000", "netIncome": "1490000000"}, {"fiscalDateEnding": "2024-06-30", "reportedCurrency": "USD", "grossProfit": "4671000000", "totalRevenue": "4671000000", "costOfRevenue": "592000000", "costofGoodsAndServicesSold": "592000000", "operatingIncome": "1819000000", "sellingGeneralAndAdministrative": "1782000000", "researchAndDevelopment": "None", "operatingExpenses": "2852000000", "investmentIncomeNet": "None", "netInterestIncome": "3302000000", "interestIncome": "6568000000", "interestExpense": "3266000000", "nonInterestIncome": "None", "otherNonOperatingIncome": "None", "depreciation": "None", "depreciationAndAmortization": "80000000", "incomeBeforeTax": "1819000000", "incomeTaxExpense": "342000000", "interestAndDebtExpense": "None", "netIncomeFromContinuingOperations": "1477000000", "comprehensiveIncomeNetOfTax": "None", "ebit": "1819000000", "ebitda": "1899000000", "netIncome": "1459000000"}, {"fiscalDateEnding": "2024-03-31", "reportedCurrency": "USD", "grossProfit": "5146000000", "totalRevenue": "5146000000", "costOfRevenue": "585000000", "costofGoodsAndServicesSold": "585000000", "operatingIncome": "1656000000", "sellingGeneralAndAdministrative": "1794000000", "researchAndDevelopment": "None", "operatingExpenses": "3490000000", "investmentIncomeNet": "None", "netInterestIncome": "3264000000", "interestIncome": "6500000000", "interestExpense": "3236000000", "nonInterestIncome": "None", "otherNonOperatingIncome": "None", "depreciation": "None", "depreciationAndAmortization": "79000000", "incomeBeforeTax": "1656000000", "incomeTaxExpense": "312000000", "interestAndDebtExpense": "None", "netIncomeFromContinuingOperations": "1344000000", "comprehensiveIncomeNetOfTax": "None", "ebit": "1656000000", "ebitda": "1735000000", "netIncome": "1330000000"}, {"fiscalDateEnding": "2023-12-31", "reportedCurrency": "USD", "grossProfit": "5373000000", "totalRevenue": "5373000000", "costOfRevenue": "608000000", "costofGoodsAndServicesSold": "608000000", "operatingIncome": "1055000000", "sellingGeneralAndAdministrative": "1983000000", "researchAndDevelopment": "None", "operatingExpenses": "4318000000", "investmentIncomeNet": "None", "netInterestIncome": "3403000000", "interestIncome": "6502000000", "interestExpense": "3099000000", "nonInterestIncome": "None", "otherNonOperatingIncome": "None", "depreciation": "None", "depreciationAndAmortization": "43000000", "incomeBeforeTax": "1055000000", "incomeTaxExpense": "172000000", "interestAndDebtExpense": "None", "netIncomeFromContinuingOperations": "883000000", "comprehensiveIncomeNetOfTax": "None", "ebit": "1055000000", "ebitda": "1098000000", "netIncome": "864000000"}, {"fiscalDateEnding": "2023-09-30", "reportedCurrency": "USD", "grossProfit": "5234000000", "totalRevenue": "5234000000", "costOfRevenue": "591000000", "costofGoodsAndServicesSold": "591000000", "operatingIncome": "1859000000", "sellingGeneralAndAdministrative": "1773000000", "researchAndDevelopment": "None", "operatingExpenses": "3375000000", "investmentIncomeNet": "None", "netInterestIncome": "3418000000", "interestIncome": "6203000000", "interestExpense": "2785000000", "nonInterestIncome": "None", "otherNonOperatingIncome": "None", "depreciation": "None", "depreciationAndAmortization": "49000000", "incomeBeforeTax": "1859000000", "incomeTaxExpense": "289000000", "interestAndDebtExpense": "None", "netIncomeFromContinuingOperations": "1570000000", "comprehensiveIncomeNetOfTax": "None", "ebit": "1859000000", "ebitda": "1908000000", "netIncome": "1554000000"}, {"fiscalDateEnding": "2023-06-30", "reportedCurrency": "USD", "grossProfit": "5293000000", "totalRevenue": "5293000000", "costOfRevenue": "593000000", "costofGoodsAndServicesSold": "593000000", "operatingIncome": "1775000000", "sellingGeneralAndAdministrative": "1846000000", "researchAndDevelopment": "None", "operatingExpenses": "3518000000", "investmentIncomeNet": "None", "netInterestIncome": "3510000000", "interestIncome": "5944000000", "interestExpense": "2434000000", "nonInterestIncome": "None", "otherNonOperatingIncome": "None", "depreciation": "None", "depreciationAndAmortization": "60000000", "incomeBeforeTax": "1775000000", "incomeTaxExpense": "275000000", "interestAndDebtExpense": "None", "netIncomeFromContinuingOperations": "1500000000", "comprehensiveIncomeNetOfTax": "None", "ebit": "1775000000", "ebitda": "1835000000", "netIncome": "1483000000"}, {"fiscalDateEnding": "2023-03-31", "reportedCurrency": "USD", "grossProfit": "5002000000", "totalRevenue": "5603000000", "costOfRevenue": "601000000", "costofGoodsAndServicesSold": "601000000", "operatingIncome": "4104000000", "sellingGeneralAndAdministrative": "1826000000", "researchAndDevelopment": "None", "operatingExpenses": "74000000", "investmentIncomeNet": "None", "netInterestIncome": "3585000000", "interestIncome": "5659000000", "interestExpense": "2074000000", "nonInterestIncome": "None", "otherNonOperatingIncome": "None", "depreciation": "None", "depreciationAndAmortization": "65000000", "incomeBeforeTax": "2047000000", "incomeTaxExpense": "353000000", "interestAndDebtExpense": "None", "netIncomeFromContinuingOperations": "1694000000", "comprehensiveIncomeNetOfTax": "None", "ebit": "2282000000", "ebitda": "4104000000", "netIncome": "1677000000"}, {"fiscalDateEnding": "2022-12-31", "reportedCurrency": "USD", "grossProfit": "5747000000", "totalRevenue": "5747000000", "costOfRevenue": "2387000000", "costofGoodsAndServicesSold": "2387000000", "operatingIncome": "1881000000", "sellingGeneralAndAdministrative": "1943000000", "researchAndDevelopment": "None", "operatingExpenses": "3866000000", "investmentIncomeNet": "None", "netInterestIncome": "3684000000", "interestIncome": "5109000000", "interestExpense": "1425000000", "nonInterestIncome": "None", "otherNonOperatingIncome": "None", "depreciation": "None", "depreciationAndAmortization": "64000000", "incomeBeforeTax": "1881000000", "incomeTaxExpense": "333000000", "interestAndDebtExpense": "None", "netIncomeFromContinuingOperations": "1548000000", "comprehensiveIncomeNetOfTax": "None", "ebit": "1881000000", "ebitda": "1945000000", "netIncome": "1528000000"}, {"fiscalDateEnding": "2022-09-30", "reportedCurrency": "USD", "grossProfit": "5550000000", "totalRevenue": "5550000000", "costOfRevenue": "585000000", "costofGoodsAndServicesSold": "585000000", "operatingIncome": "2028000000", "sellingGeneralAndAdministrative": "1805000000", "researchAndDevelopment": "None", "operatingExpenses": "3522000000", "investmentIncomeNet": "None", "netInterestIncome": "3475000000", "interestIncome": "4132000000", "interestExpense": "657000000", "nonInterestIncome": "None", "otherNonOperatingIncome": "None", "depreciation": "None", "depreciationAndAmortization": "58000000", "incomeBeforeTax": "2028000000", "incomeTaxExpense": "388000000", "interestAndDebtExpense": "None", "netIncomeFromContinuingOperations": "1640000000", "comprehensiveIncomeNetOfTax": "None", "ebit": "2028000000", "ebitda": "2086000000", "netIncome": "1624000000"}, {"fiscalDateEnding": "2022-06-30", "reportedCurrency": "USD", "grossProfit": "5116000000", "totalRevenue": "5116000000", "costOfRevenue": "597000000", "costofGoodsAndServicesSold": "597000000", "operatingIncome": "1836000000", "sellingGeneralAndAdministrative": "1779000000", "researchAndDevelopment": "None", "operatingExpenses": "3280000000", "investmentIncomeNet": "None", "netInterestIncome": "3051000000", "interestIncome": "3281000000", "interestExpense": "230000000", "nonInterestIncome": "None", "otherNonOperatingIncome": "None", "depreciation": "None", "depreciationAndAmortization": "144000000", "incomeBeforeTax": "1836000000", "incomeTaxExpense": "340000000", "interestAndDebtExpense": "None", "netIncomeFromContinuingOperations": "1496000000", "comprehensiveIncomeNetOfTax": "None", "ebit": "1836000000", "ebitda": "1980000000", "netIncome": "1481000000"}, {"fiscalDateEnding": "2022-03-31", "reportedCurrency": "USD", "grossProfit": "-31000000", "totalRevenue": "4692000000", "costOfRevenue": "589000000", "costofGoodsAndServicesSold": "589000000", "operatingIncome": "1817000000", "sellingGeneralAndAdministrative": "1717000000", "researchAndDevelopment": "None", "operatingExpenses": "3172000000", "investmentIncomeNet": "None", "netInterestIncome": "2804000000", "interestIncome": "2914000000", "interestExpense": "110000000", "nonInterestIncome": "None", "otherNonOperatingIncome": "None", "depreciation": "None", "depreciationAndAmortization": "385000000", "incomeBeforeTax": "1728000000", "incomeTaxExpense": "299000000", "interestAndDebtExpense": "None", "netIncomeFromContinuingOperations": "1429000000", "comprehensiveIncomeNetOfTax": "None", "ebit": "1817000000", "ebitda": "2202000000", "netIncome": "1408000000"}, {"fiscalDateEnding": "2021-12-31", "reportedCurrency": "USD", "grossProfit": "5108000000", "totalRevenue": "5108000000", "costOfRevenue": "2002000000", "costofGoodsAndServicesSold": "2002000000", "operatingIncome": "1663000000", "sellingGeneralAndAdministrative": "2038000000", "researchAndDevelopment": "None", "operatingExpenses": "3445000000", "investmentIncomeNet": "None", "netInterestIncome": "2862000000", "interestIncome": "2975000000", "interestExpense": "113000000", "nonInterestIncome": "None", "otherNonOperatingIncome": "None", "depreciation": "None", "depreciationAndAmortization": "558000000", "incomeBeforeTax": "1663000000", "incomeTaxExpense": "357000000", "interestAndDebtExpense": "None", "netIncomeFromContinuingOperations": "1306000000", "comprehensiveIncomeNetOfTax": "None", "ebit": "1663000000", "ebitda": "2221000000", "netIncome": "1293000000"}, {"fiscalDateEnding": "2021-09-30", "reportedCurrency": "USD", "grossProfit": "5197000000", "totalRevenue": "5197000000", "costOfRevenue": "603000000", "costofGoodsAndServicesSold": "603000000", "operatingIncome": "1813000000", "sellingGeneralAndAdministrative": "1986000000", "researchAndDevelopment": "None", "operatingExpenses": "3384000000", "investmentIncomeNet": "None", "netInterestIncome": "2856000000", "interestIncome": "2975000000", "interestExpense": "119000000", "nonInterestIncome": "None", "otherNonOperatingIncome": "None", "depreciation": "None", "depreciationAndAmortization": "421000000", "incomeBeforeTax": "1813000000", "incomeTaxExpense": "323000000", "interestAndDebtExpense": "None", "netIncomeFromContinuingOperations": "1490000000", "comprehensiveIncomeNetOfTax": "None", "ebit": "1813000000", "ebitda": "2234000000", "netIncome": "1474000000"}, {"fiscalDateEnding": "2021-06-30", "reportedCurrency": "USD", "grossProfit": "4667000000", "totalRevenue": "4667000000", "costOfRevenue": "543000000", "costofGoodsAndServicesSold": "543000000", "operatingIncome": "1315000000", "sellingGeneralAndAdministrative": "1640000000", "researchAndDevelopment": "None", "operatingExpenses": "3352000000", "investmentIncomeNet": "None", "netInterestIncome": "2581000000", "interestIncome": "2581000000", "interestExpense": "120000000", "nonInterestIncome": "None", "otherNonOperatingIncome": "None", "depreciation": "None", "depreciationAndAmortization": "419000000", "incomeBeforeTax": "1315000000", "incomeTaxExpense": "212000000", "interestAndDebtExpense": "None", "netIncomeFromContinuingOperations": "1103000000", "comprehensiveIncomeNetOfTax": "None", "ebit": "1315000000", "ebitda": "1734000000", "netIncome": "1091000000"}, {"fiscalDateEnding": "2021-03-31", "reportedCurrency": "USD", "grossProfit": "4192000000", "totalRevenue": "4192000000", "costOfRevenue": "508000000", "costofGoodsAndServicesSold": "508000000", "operatingIncome": "2197000000", "sellingGeneralAndAdministrative": "1477000000", "researchAndDevelopment": "None", "operatingExpenses": "1995000000", "investmentIncomeNet": "None", "netInterestIncome": "2348000000", "interestIncome": "2483000000", "interestExpense": "135000000", "nonInterestIncome": "None", "otherNonOperatingIncome": "None", "depreciation": "None", "depreciationAndAmortization": "375000000", "incomeBeforeTax": "2197000000", "incomeTaxExpense": "371000000", "interestAndDebtExpense": "None", "netIncomeFromContinuingOperations": "1826000000", "comprehensiveIncomeNetOfTax": "None", "ebit": "2197000000", "ebitda": "2572000000", "netIncome": "1816000000"}, {"fiscalDateEnding": "2020-12-31", "reportedCurrency": "USD", "grossProfit": "4193000000", "totalRevenue": "4193000000", "costOfRevenue": "2002000000", "costofGoodsAndServicesSold": "2002000000", "operatingIncome": "1754000000", "sellingGeneralAndAdministrative": "1521000000", "researchAndDevelopment": "None", "operatingExpenses": "2439000000", "investmentIncomeNet": "None", "netInterestIncome": "2424000000", "interestIncome": "2576000000", "interestExpense": "152000000", "nonInterestIncome": "None", "otherNonOperatingIncome": "None", "depreciation": "None", "depreciationAndAmortization": "553000000", "incomeBeforeTax": "1754000000", "incomeTaxExpense": "298000000", "interestAndDebtExpense": "None", "netIncomeFromContinuingOperations": "1300000000", "comprehensiveIncomeNetOfTax": "None", "ebit": "1754000000", "ebitda": "2307000000", "netIncome": "5997000000"}, {"fiscalDateEnding": "2020-09-30", "reportedCurrency": "USD", "grossProfit": "4233000000", "totalRevenue": "4233000000", "costOfRevenue": "497000000", "costofGoodsAndServicesSold": "497000000", "operatingIncome": "1698000000", "sellingGeneralAndAdministrative": "1410000000", "researchAndDevelopment": "None", "operatingExpenses": "2535000000", "investmentIncomeNet": "None", "netInterestIncome": "2484000000", "interestIncome": "2676000000", "interestExpense": "192000000", "nonInterestIncome": "None", "otherNonOperatingIncome": "None", "depreciation": "None", "depreciationAndAmortization": "232000000", "incomeBeforeTax": "1698000000", "incomeTaxExpense": "166000000", "interestAndDebtExpense": "None", "netIncomeFromContinuingOperations": "1532000000", "comprehensiveIncomeNetOfTax": "None", "ebit": "1698000000", "ebitda": "1930000000", "netIncome": "1519000000"}, {"fiscalDateEnding": "2020-06-30", "reportedCurrency": "USD", "grossProfit": "4045000000", "totalRevenue": "4045000000", "costOfRevenue": "500000000", "costofGoodsAndServicesSold": "500000000", "operatingIncome": "-902000000", "sellingGeneralAndAdministrative": "1373000000", "researchAndDevelopment": "None", "operatingExpenses": "4947000000", "investmentIncomeNet": "None", "netInterestIncome": "2527000000", "interestIncome": "2855000000", "interestExpense": "328000000", "nonInterestIncome": "None", "otherNonOperatingIncome": "None", "depreciation": "None", "depreciationAndAmortization": "384000000", "incomeBeforeTax": "-902000000", "incomeTaxExpense": "-158000000", "interestAndDebtExpense": "None", "netIncomeFromContinuingOperations": "-744000000", "comprehensiveIncomeNetOfTax": "None", "ebit": "-902000000", "ebitda": "-518000000", "netIncome": "3648000000"}, {"fiscalDateEnding": "2020-03-31", "reportedCurrency": "USD", "grossProfit": "4327000000", "totalRevenue": "4327000000", "costOfRevenue": "494000000", "costofGoodsAndServicesSold": "494000000", "operatingIncome": "879000000", "sellingGeneralAndAdministrative": "1369000000", "researchAndDevelopment": "None", "operatingExpenses": "3448000000", "investmentIncomeNet": "None", "netInterestIncome": "2511000000", "interestIncome": "3200000000", "interestExpense": "689000000", "nonInterestIncome": "None", "otherNonOperatingIncome": "None", "depreciation": "None", "depreciationAndAmortization": "328000000", "incomeBeforeTax": "879000000", "incomeTaxExpense": "120000000", "interestAndDebtExpense": "None", "netIncomeFromContinuingOperations": "915000000", "comprehensiveIncomeNetOfTax": "None", "ebit": "879000000", "ebitda": "1207000000", "netIncome": "908000000"}, {"fiscalDateEnding": "2019-12-31", "reportedCurrency": "USD", "grossProfit": "4609000000", "totalRevenue": "4609000000", "costOfRevenue": "-11174000000", "costofGoodsAndServicesSold": "-11174000000", "operatingIncome": "1626000000", "sellingGeneralAndAdministrative": "1468000000", "researchAndDevelopment": "None", "operatingExpenses": "2983000000", "investmentIncomeNet": "None", "netInterestIncome": "2488000000", "interestIncome": "3334000000", "interestExpense": "846000000", "nonInterestIncome": "None", "otherNonOperatingIncome": "None", "depreciation": "None", "depreciationAndAmortization": "411000000", "incomeBeforeTax": "1626000000", "incomeTaxExpense": "245000000", "interestAndDebtExpense": "None", "netIncomeFromContinuingOperations": "1381000000", "comprehensiveIncomeNetOfTax": "None", "ebit": "1626000000", "ebitda": "2037000000", "netIncome": "1367000000"}, {"fiscalDateEnding": "2019-09-30", "reportedCurrency": "USD", "grossProfit": "4242000000", "totalRevenue": "4242000000", "costOfRevenue": "497000000", "costofGoodsAndServicesSold": "497000000", "operatingIncome": "1436000000", "sellingGeneralAndAdministrative": "1400000000", "researchAndDevelopment": "None", "operatingExpenses": "2806000000", "investmentIncomeNet": "None", "netInterestIncome": "2504000000", "interestIncome": "3503000000", "interestExpense": "999000000", "nonInterestIncome": "None", "otherNonOperatingIncome": "None", "depreciation": "None", "depreciationAndAmortization": "325000000", "incomeBeforeTax": "1436000000", "incomeTaxExpense": "255000000", "interestAndDebtExpense": "None", "netIncomeFromContinuingOperations": "1392000000", "comprehensiveIncomeNetOfTax": "None", "ebit": "1436000000", "ebitda": "1761000000", "netIncome": "1168000000"}, {"fiscalDateEnding": "2019-06-30", "reportedCurrency": "USD", "grossProfit": "4215000000", "totalRevenue": "4215000000", "costOfRevenue": "510000000", "costofGoodsAndServicesSold": "510000000", "operatingIncome": "1424000000", "sellingGeneralAndAdministrative": "1365000000", "researchAndDevelopment": "None", "operatingExpenses": "2791000000", "investmentIncomeNet": "None", "netInterestIncome": "2498000000", "interestIncome": "3497000000", "interestExpense": "999000000", "nonInterestIncome": "None", "otherNonOperatingIncome": "None", "depreciation": "None", "depreciationAndAmortization": "307000000", "incomeBeforeTax": "1424000000", "incomeTaxExpense": "239000000", "interestAndDebtExpense": "None", "netIncomeFromContinuingOperations": "1374000000", "comprehensiveIncomeNetOfTax": "None", "ebit": "1424000000", "ebitda": "1731000000", "netIncome": "1362000000"}, {"fiscalDateEnding": "2019-03-31", "reportedCurrency": "USD", "grossProfit": "4286000000", "totalRevenue": "4286000000", "costOfRevenue": "488000000", "costofGoodsAndServicesSold": "488000000", "operatingIncome": "1519000000", "sellingGeneralAndAdministrative": "1414000000", "researchAndDevelopment": "None", "operatingExpenses": "2767000000", "investmentIncomeNet": "None", "netInterestIncome": "2475000000", "interestIncome": "3428000000", "interestExpense": "953000000", "nonInterestIncome": "None", "otherNonOperatingIncome": "None", "depreciation": "None", "depreciationAndAmortization": "272000000", "incomeBeforeTax": "1519000000", "incomeTaxExpense": "248000000", "interestAndDebtExpense": "None", "netIncomeFromContinuingOperations": "1271000000", "comprehensiveIncomeNetOfTax": "None", "ebit": "1519000000", "ebitda": "1791000000", "netIncome": "1261000000"}, {"fiscalDateEnding": "2018-12-31", "reportedCurrency": "USD", "grossProfit": "4340000000", "totalRevenue": "4340000000", "costOfRevenue": "1921000000", "costofGoodsAndServicesSold": "1921000000", "operatingIncome": "1615000000", "sellingGeneralAndAdministrative": "1348000000", "researchAndDevelopment": "0", "operatingExpenses": "2725000000", "investmentIncomeNet": "None", "netInterestIncome": "None", "interestIncome": "None", "interestExpense": "878000000", "nonInterestIncome": "None", "otherNonOperatingIncome": "None", "depreciation": "None", "depreciationAndAmortization": "290000000", "incomeBeforeTax": "1615000000", "incomeTaxExpense": "264000000", "interestAndDebtExpense": "None", "netIncomeFromContinuingOperations": "1351000000", "comprehensiveIncomeNetOfTax": "None", "ebit": "1615000000", "ebitda": "1905000000", "netIncome": "1337000000"}, {"fiscalDateEnding": "2018-09-30", "reportedCurrency": "USD", "grossProfit": "4357000000", "totalRevenue": "4357000000", "costOfRevenue": "459000000", "costofGoodsAndServicesSold": "459000000", "operatingIncome": "1661000000", "sellingGeneralAndAdministrative": "1413000000", "researchAndDevelopment": "0", "operatingExpenses": "2696000000", "investmentIncomeNet": "None", "netInterestIncome": "None", "interestIncome": "None", "interestExpense": "757000000", "nonInterestIncome": "None", "otherNonOperatingIncome": "None", "depreciation": "None", "depreciationAndAmortization": "272000000", "incomeBeforeTax": "1661000000", "incomeTaxExpense": "261000000", "interestAndDebtExpense": "None", "netIncomeFromContinuingOperations": "1400000000", "comprehensiveIncomeNetOfTax": "None", "ebit": "1661000000", "ebitda": "1933000000", "netIncome": "1389000000"}, {"fiscalDateEnding": "2018-06-30", "reportedCurrency": "USD", "grossProfit": "4324000000", "totalRevenue": "4324000000", "costOfRevenue": "484000000", "costofGoodsAndServicesSold": "484000000", "operatingIncome": "1660000000", "sellingGeneralAndAdministrative": "1356000000", "researchAndDevelopment": "0", "operatingExpenses": "2664000000", "investmentIncomeNet": "None", "netInterestIncome": "None", "interestIncome": "None", "interestExpense": "669000000", "nonInterestIncome": "None", "otherNonOperatingIncome": "None", "depreciation": "None", "depreciationAndAmortization": "287000000", "incomeBeforeTax": "1660000000", "incomeTaxExpense": "304000000", "interestAndDebtExpense": "None", "netIncomeFromContinuingOperations": "1356000000", "comprehensiveIncomeNetOfTax": "None", "ebit": "1660000000", "ebitda": "1947000000", "netIncome": "1346000000"}, {"fiscalDateEnding": "2018-03-31", "reportedCurrency": "USD", "grossProfit": "4111000000", "totalRevenue": "4111000000", "costOfRevenue": "491000000", "costofGoodsAndServicesSold": "491000000", "operatingIncome": "1492000000", "sellingGeneralAndAdministrative": "1354000000", "researchAndDevelopment": "0", "operatingExpenses": "2619000000", "investmentIncomeNet": "None", "netInterestIncome": "None", "interestIncome": "None", "interestExpense": "557000000", "nonInterestIncome": "None", "otherNonOperatingIncome": "None", "depreciation": "None", "depreciationAndAmortization": "280000000", "incomeBeforeTax": "1492000000", "incomeTaxExpense": "253000000", "interestAndDebtExpense": "None", "netIncomeFromContinuingOperations": "1239000000", "comprehensiveIncomeNetOfTax": "None", "ebit": "1492000000", "ebitda": "1772000000", "netIncome": "1229000000"}, {"fiscalDateEnding": "2017-12-31", "reportedCurrency": "USD", "grossProfit": "4260000000", "totalRevenue": "4260000000", "costOfRevenue": "1933000000", "costofGoodsAndServicesSold": "1933000000", "operatingIncome": "1074000000", "sellingGeneralAndAdministrative": "1438000000", "researchAndDevelopment": "0", "operatingExpenses": "3186000000", "investmentIncomeNet": "None", "netInterestIncome": "None", "interestIncome": "None", "interestExpense": "480000000", "nonInterestIncome": "None", "otherNonOperatingIncome": "None", "depreciation": "None", "depreciationAndAmortization": "258000000", "incomeBeforeTax": "1074000000", "incomeTaxExpense": "-1017000000", "interestAndDebtExpense": "None", "netIncomeFromContinuingOperations": "2091000000", "comprehensiveIncomeNetOfTax": "None", "ebit": "1074000000", "ebitda": "1332000000", "netIncome": "2080000000"}, {"fiscalDateEnding": "2017-09-30", "reportedCurrency": "USD", "grossProfit": "4125000000", "totalRevenue": "4125000000", "costOfRevenue": "463000000", "costofGoodsAndServicesSold": "463000000", "operatingIncome": "1539000000", "sellingGeneralAndAdministrative": "1286000000", "researchAndDevelopment": "0", "operatingExpenses": "2586000000", "investmentIncomeNet": "None", "netInterestIncome": "None", "interestIncome": "None", "interestExpense": "450000000", "nonInterestIncome": "None", "otherNonOperatingIncome": "None", "depreciation": "None", "depreciationAndAmortization": "291000000", "incomeBeforeTax": "1539000000", "incomeTaxExpense": "413000000", "interestAndDebtExpense": "None", "netIncomeFromContinuingOperations": "1126000000", "comprehensiveIncomeNetOfTax": "None", "ebit": "1539000000", "ebitda": "1830000000", "netIncome": "1114000000"}, {"fiscalDateEnding": "2017-06-30", "reportedCurrency": "USD", "grossProfit": "4060000000", "totalRevenue": "4060000000", "costOfRevenue": "483000000", "costofGoodsAndServicesSold": "483000000", "operatingIncome": "1483000000", "sellingGeneralAndAdministrative": "1276000000", "researchAndDevelopment": "0", "operatingExpenses": "2577000000", "investmentIncomeNet": "None", "netInterestIncome": "None", "interestIncome": "None", "interestExpense": "416000000", "nonInterestIncome": "None", "otherNonOperatingIncome": "None", "depreciation": "None", "depreciationAndAmortization": "289000000", "incomeBeforeTax": "1483000000", "incomeTaxExpense": "386000000", "interestAndDebtExpense": "None", "netIncomeFromContinuingOperations": "1097000000", "comprehensiveIncomeNetOfTax": "None", "ebit": "1483000000", "ebitda": "1772000000", "netIncome": "1087000000"}, {"fiscalDateEnding": "2017-03-31", "reportedCurrency": "USD", "grossProfit": "3884000000", "totalRevenue": "3884000000", "costOfRevenue": "448000000", "costofGoodsAndServicesSold": "448000000", "operatingIncome": "1394000000", "sellingGeneralAndAdministrative": "1257000000", "researchAndDevelopment": "0", "operatingExpenses": "2490000000", "investmentIncomeNet": "None", "netInterestIncome": "None", "interestIncome": "None", "interestExpense": "360000000", "nonInterestIncome": "None", "otherNonOperatingIncome": "None", "depreciation": "None", "depreciationAndAmortization": "279000000", "incomeBeforeTax": "1394000000", "incomeTaxExpense": "320000000", "interestAndDebtExpense": "None", "netIncomeFromContinuingOperations": "1074000000", "comprehensiveIncomeNetOfTax": "None", "ebit": "1394000000", "ebitda": "1673000000", "netIncome": "1057000000"}, {"fiscalDateEnding": "2016-12-31", "reportedCurrency": "USD", "grossProfit": "3874000000", "totalRevenue": "3874000000", "costOfRevenue": "1835000000", "costofGoodsAndServicesSold": "1835000000", "operatingIncome": "1366000000", "sellingGeneralAndAdministrative": "1231000000", "researchAndDevelopment": "0", "operatingExpenses": "2508000000", "investmentIncomeNet": "None", "netInterestIncome": "None", "interestIncome": "None", "interestExpense": "323000000", "nonInterestIncome": "None", "otherNonOperatingIncome": "None", "depreciation": "None", "depreciationAndAmortization": "276000000", "incomeBeforeTax": "1366000000", "incomeTaxExpense": "319000000", "interestAndDebtExpense": "None", "netIncomeFromContinuingOperations": "1047000000", "comprehensiveIncomeNetOfTax": "None", "ebit": "1366000000", "ebitda": "1642000000", "netIncome": "1025000000"}, {"fiscalDateEnding": "2016-09-30", "reportedCurrency": "USD", "grossProfit": "3829000000", "totalRevenue": "3829000000", "costOfRevenue": "461000000", "costofGoodsAndServicesSold": "461000000", "operatingIncome": "1348000000", "sellingGeneralAndAdministrative": "1239000000", "researchAndDevelopment": "0", "operatingExpenses": "2481000000", "investmentIncomeNet": "None", "netInterestIncome": "None", "interestIncome": "None", "interestExpense": "313000000", "nonInterestIncome": "None", "otherNonOperatingIncome": "None", "depreciation": "None", "depreciationAndAmortization": "356000000", "incomeBeforeTax": "1348000000", "incomeTaxExpense": "342000000", "interestAndDebtExpense": "None", "netIncomeFromContinuingOperations": "1006000000", "comprehensiveIncomeNetOfTax": "None", "ebit": "1348000000", "ebitda": "1704000000", "netIncome": "988000000"}, {"fiscalDateEnding": "2016-06-30", "reportedCurrency": "USD", "grossProfit": "3794000000", "totalRevenue": "3794000000", "costOfRevenue": "455000000", "costofGoodsAndServicesSold": "455000000", "operatingIncome": "1307000000", "sellingGeneralAndAdministrative": "1226000000", "researchAndDevelopment": "0", "operatingExpenses": "2487000000", "investmentIncomeNet": "None", "netInterestIncome": "None", "interestIncome": "None", "interestExpense": "316000000", "nonInterestIncome": "None", "otherNonOperatingIncome": "None", "depreciation": "None", "depreciationAndAmortization": "291000000", "incomeBeforeTax": "1307000000", "incomeTaxExpense": "318000000", "interestAndDebtExpense": "None", "netIncomeFromContinuingOperations": "989000000", "comprehensiveIncomeNetOfTax": "None", "ebit": "1307000000", "ebitda": "1598000000", "netIncome": "966000000"}, {"fiscalDateEnding": "2016-03-31", "reportedCurrency": "USD", "grossProfit": "3665000000", "totalRevenue": "3665000000", "costOfRevenue": "455000000", "costofGoodsAndServicesSold": "455000000", "operatingIncome": "1232000000", "sellingGeneralAndAdministrative": "1145000000", "researchAndDevelopment": "0", "operatingExpenses": "2433000000", "investmentIncomeNet": "None", "netInterestIncome": "None", "interestIncome": "None", "interestExpense": "309000000", "nonInterestIncome": "None", "otherNonOperatingIncome": "None", "depreciation": "None", "depreciationAndAmortization": "270000000", "incomeBeforeTax": "1232000000", "incomeTaxExpense": "289000000", "interestAndDebtExpense": "None", "netIncomeFromContinuingOperations": "943000000", "comprehensiveIncomeNetOfTax": "None", "ebit": "1232000000", "ebitda": "1502000000", "netIncome": "924000000"}, {"fiscalDateEnding": "2015-12-31", "reportedCurrency": "USD", "grossProfit": "3853000000", "totalRevenue": "3853000000", "costOfRevenue": "1767000000", "costofGoodsAndServicesSold": "1767000000", "operatingIncome": "1383000000", "sellingGeneralAndAdministrative": "1252000000", "researchAndDevelopment": "0", "operatingExpenses": "2470000000", "investmentIncomeNet": "None", "netInterestIncome": "None", "interestIncome": "None", "interestExpense": "266000000", "nonInterestIncome": "None", "otherNonOperatingIncome": "None", "depreciation": "None", "depreciationAndAmortization": "286000000", "incomeBeforeTax": "1383000000", "incomeTaxExpense": "361000000", "interestAndDebtExpense": "None", "netIncomeFromContinuingOperations": "1022000000", "comprehensiveIncomeNetOfTax": "None", "ebit": "1383000000", "ebitda": "1669000000", "netIncome": "1008000000"}, {"fiscalDateEnding": "2015-09-30", "reportedCurrency": "USD", "grossProfit": "3775000000", "totalRevenue": "3775000000", "costOfRevenue": "436000000", "costofGoodsAndServicesSold": "436000000", "operatingIncome": "1342000000", "sellingGeneralAndAdministrative": "1222000000", "researchAndDevelopment": "0", "operatingExpenses": "2433000000", "investmentIncomeNet": "None", "netInterestIncome": "None", "interestIncome": "None", "interestExpense": "279000000", "nonInterestIncome": "None", "otherNonOperatingIncome": "None", "depreciation": "None", "depreciationAndAmortization": "272000000", "incomeBeforeTax": "1342000000", "incomeTaxExpense": "269000000", "interestAndDebtExpense": "None", "netIncomeFromContinuingOperations": "1073000000", "comprehensiveIncomeNetOfTax": "None", "ebit": "1342000000", "ebitda": "1614000000", "netIncome": "1055000000"}, {"fiscalDateEnding": "2015-06-30", "reportedCurrency": "USD", "grossProfit": "3866000000", "totalRevenue": "3866000000", "costOfRevenue": "440000000", "costofGoodsAndServicesSold": "440000000", "operatingIncome": "1454000000", "sellingGeneralAndAdministrative": "1200000000", "researchAndDevelopment": "0", "operatingExpenses": "2412000000", "investmentIncomeNet": "None", "netInterestIncome": "None", "interestIncome": "None", "interestExpense": "253000000", "nonInterestIncome": "None", "otherNonOperatingIncome": "None", "depreciation": "None", "depreciationAndAmortization": "278000000", "incomeBeforeTax": "1454000000", "incomeTaxExpense": "410000000", "interestAndDebtExpense": "None", "netIncomeFromContinuingOperations": "1044000000", "comprehensiveIncomeNetOfTax": "None", "ebit": "1454000000", "ebitda": "1732000000", "netIncome": "1040000000"}, {"fiscalDateEnding": "2015-03-31", "reportedCurrency": "USD", "grossProfit": "3731000000", "totalRevenue": "3731000000", "costOfRevenue": "438000000", "costofGoodsAndServicesSold": "438000000", "operatingIncome": "1328000000", "sellingGeneralAndAdministrative": "1157000000", "researchAndDevelopment": "0", "operatingExpenses": "2403000000", "investmentIncomeNet": "None", "netInterestIncome": "None", "interestIncome": "None", "interestExpense": "247000000", "nonInterestIncome": "None", "otherNonOperatingIncome": "None", "depreciation": "None", "depreciationAndAmortization": "252000000", "incomeBeforeTax": "1328000000", "incomeTaxExpense": "324000000", "interestAndDebtExpense": "None", "netIncomeFromContinuingOperations": "1004000000", "comprehensiveIncomeNetOfTax": "None", "ebit": "1328000000", "ebitda": "1580000000", "netIncome": "1003000000"}, {"fiscalDateEnding": "2014-12-31", "reportedCurrency": "USD", "grossProfit": "3853000000", "totalRevenue": "3853000000", "costOfRevenue": "1692000000", "costofGoodsAndServicesSold": "1692000000", "operatingIncome": "1356000000", "sellingGeneralAndAdministrative": "1170000000", "researchAndDevelopment": "0", "operatingExpenses": "2497000000", "investmentIncomeNet": "None", "netInterestIncome": "None", "interestIncome": "None", "interestExpense": "240000000", "nonInterestIncome": "None", "otherNonOperatingIncome": "None", "depreciation": "None", "depreciationAndAmortization": "264000000", "incomeBeforeTax": "1356000000", "incomeTaxExpense": "299000000", "interestAndDebtExpense": "None", "netIncomeFromContinuingOperations": "1057000000", "comprehensiveIncomeNetOfTax": "None", "ebit": "1356000000", "ebitda": "1620000000", "netIncome": "1036000000"}, {"fiscalDateEnding": "2014-09-30", "reportedCurrency": "USD", "grossProfit": "3841000000", "totalRevenue": "3841000000", "costOfRevenue": "420000000", "costofGoodsAndServicesSold": "420000000", "operatingIncome": "1429000000", "sellingGeneralAndAdministrative": "1189000000", "researchAndDevelopment": "0", "operatingExpenses": "2412000000", "investmentIncomeNet": "None", "netInterestIncome": "None", "interestIncome": "None", "interestExpense": "224000000", "nonInterestIncome": "None", "otherNonOperatingIncome": "None", "depreciation": "None", "depreciationAndAmortization": "248000000", "incomeBeforeTax": "1429000000", "incomeTaxExpense": "391000000", "interestAndDebtExpense": "None", "netIncomeFromContinuingOperations": "1038000000", "comprehensiveIncomeNetOfTax": "None", "ebit": "1429000000", "ebitda": "1677000000", "netIncome": "1037000000"}, {"fiscalDateEnding": "2014-06-30", "reportedCurrency": "USD", "grossProfit": "3810000000", "totalRevenue": "3810000000", "costOfRevenue": "299000000", "costofGoodsAndServicesSold": "299000000", "operatingIncome": "1410000000", "sellingGeneralAndAdministrative": "1172000000", "researchAndDevelopment": "0", "operatingExpenses": "2400000000", "investmentIncomeNet": "None", "netInterestIncome": "None", "interestIncome": "None", "interestExpense": "227000000", "nonInterestIncome": "None", "otherNonOperatingIncome": "None", "depreciation": "None", "depreciationAndAmortization": "240000000", "incomeBeforeTax": "1410000000", "incomeTaxExpense": "358000000", "interestAndDebtExpense": "None", "netIncomeFromContinuingOperations": "1052000000", "comprehensiveIncomeNetOfTax": "None", "ebit": "1410000000", "ebitda": "1650000000", "netIncome": "1049000000"}, {"fiscalDateEnding": "2014-03-31", "reportedCurrency": "USD", "grossProfit": "3777000000", "totalRevenue": "3777000000", "costOfRevenue": "394000000", "costofGoodsAndServicesSold": "394000000", "operatingIncome": "1419000000", "sellingGeneralAndAdministrative": "1080000000", "researchAndDevelopment": "0", "operatingExpenses": "2358000000", "investmentIncomeNet": "None", "netInterestIncome": "None", "interestIncome": "None", "interestExpense": "215000000", "nonInterestIncome": "None", "otherNonOperatingIncome": "None", "depreciation": "None", "depreciationAndAmortization": "236000000", "incomeBeforeTax": "1419000000", "incomeTaxExpense": "359000000", "interestAndDebtExpense": "None", "netIncomeFromContinuingOperations": "1060000000", "comprehensiveIncomeNetOfTax": "None", "ebit": "1419000000", "ebitda": "1655000000", "netIncome": "1062000000"}, {"fiscalDateEnding": "2013-12-31", "reportedCurrency": "USD", "grossProfit": "4073000000", "totalRevenue": "4073000000", "costOfRevenue": "1596000000", "costofGoodsAndServicesSold": "1596000000", "operatingIncome": "1413000000", "sellingGeneralAndAdministrative": "1207000000", "researchAndDevelopment": "0", "operatingExpenses": "2660000000", "investmentIncomeNet": "None", "netInterestIncome": "None", "interestIncome": "None", "interestExpense": "213000000", "nonInterestIncome": "None", "otherNonOperatingIncome": "None", "depreciation": "None", "depreciationAndAmortization": "263000000", "incomeBeforeTax": "1413000000", "incomeTaxExpense": "352000000", "interestAndDebtExpense": "None", "netIncomeFromContinuingOperations": "1061000000", "comprehensiveIncomeNetOfTax": "None", "ebit": "1413000000", "ebitda": "1676000000", "netIncome": "1048000000"}, {"fiscalDateEnding": "2013-09-30", "reportedCurrency": "USD", "grossProfit": "3920000000", "totalRevenue": "3920000000", "costOfRevenue": "351000000", "costofGoodsAndServicesSold": "351000000", "operatingIncome": "1389000000", "sellingGeneralAndAdministrative": "1181000000", "researchAndDevelopment": "0", "operatingExpenses": "2531000000", "investmentIncomeNet": "None", "netInterestIncome": "None", "interestIncome": "None", "interestExpense": "214000000", "nonInterestIncome": "None", "otherNonOperatingIncome": "None", "depreciation": "None", "depreciationAndAmortization": "300000000", "incomeBeforeTax": "1389000000", "incomeTaxExpense": "361000000", "interestAndDebtExpense": "None", "netIncomeFromContinuingOperations": "1039000000", "comprehensiveIncomeNetOfTax": "None", "ebit": "1389000000", "ebitda": "1689000000", "netIncome": "1026000000"}, {"fiscalDateEnding": "2013-06-30", "reportedCurrency": "USD", "grossProfit": "4064000000", "totalRevenue": "4064000000", "costOfRevenue": "395000000", "costofGoodsAndServicesSold": "395000000", "operatingIncome": "1502000000", "sellingGeneralAndAdministrative": "1186000000", "researchAndDevelopment": "0", "operatingExpenses": "2562000000", "investmentIncomeNet": "None", "netInterestIncome": "None", "interestIncome": "None", "interestExpense": "211000000", "nonInterestIncome": "None", "otherNonOperatingIncome": "None", "depreciation": "None", "depreciationAndAmortization": "300000000", "incomeBeforeTax": "1502000000", "incomeTaxExpense": "387000000", "interestAndDebtExpense": "None", "netIncomeFromContinuingOperations": "1123000000", "comprehensiveIncomeNetOfTax": "None", "ebit": "1502000000", "ebitda": "1802000000", "netIncome": "1111000000"}, {"fiscalDateEnding": "2013-03-31", "reportedCurrency": "USD", "grossProfit": "3955000000", "totalRevenue": "3955000000", "costOfRevenue": "394000000", "costofGoodsAndServicesSold": "394000000", "operatingIncome": "1351000000", "sellingGeneralAndAdministrative": "1169000000", "researchAndDevelopment": "0", "operatingExpenses": "2604000000", "investmentIncomeNet": "None", "netInterestIncome": "None", "interestIncome": "None", "interestExpense": "222000000", "nonInterestIncome": "None", "otherNonOperatingIncome": "None", "depreciation": "None", "depreciationAndAmortization": "283000000", "incomeBeforeTax": "1351000000", "incomeTaxExpense": "356000000", "interestAndDebtExpense": "None", "netIncomeFromContinuingOperations": "1004000000", "comprehensiveIncomeNetOfTax": "None", "ebit": "1351000000", "ebitda": "1634000000", "netIncome": "1003000000"}, {"fiscalDateEnding": "2012-12-31", "reportedCurrency": "USD", "grossProfit": "4069000000", "totalRevenue": "4069000000", "costOfRevenue": "1562000000", "costofGoodsAndServicesSold": "1562000000", "operatingIncome": "922000000", "sellingGeneralAndAdministrative": "1216000000", "researchAndDevelopment": "0", "operatingExpenses": "3147000000", "investmentIncomeNet": "None", "netInterestIncome": "None", "interestIncome": "None", "interestExpense": "247000000", "nonInterestIncome": "None", "otherNonOperatingIncome": "None", "depreciation": "None", "depreciationAndAmortization": "298000000", "incomeBeforeTax": "922000000", "incomeTaxExpense": "203000000", "interestAndDebtExpense": "None", "netIncomeFromContinuingOperations": "0", "comprehensiveIncomeNetOfTax": "None", "ebit": "922000000", "ebitda": "1220000000", "netIncome": "718000000"}, {"fiscalDateEnding": "2012-09-30", "reportedCurrency": "USD", "grossProfit": "4088000000", "totalRevenue": "4088000000", "costOfRevenue": "499000000", "costofGoodsAndServicesSold": "499000000", "operatingIncome": "1210000000", "sellingGeneralAndAdministrative": "1171000000", "researchAndDevelopment": "0", "operatingExpenses": "2878000000", "investmentIncomeNet": "None", "netInterestIncome": "None", "interestIncome": "None", "interestExpense": "271000000", "nonInterestIncome": "None", "otherNonOperatingIncome": "None", "depreciation": "None", "depreciationAndAmortization": "307000000", "incomeBeforeTax": "1210000000", "incomeTaxExpense": "285000000", "interestAndDebtExpense": "None", "netIncomeFromContinuingOperations": "0", "comprehensiveIncomeNetOfTax": "None", "ebit": "1210000000", "ebitda": "1517000000", "netIncome": "939000000"}, {"fiscalDateEnding": "2012-06-30", "reportedCurrency": "USD", "grossProfit": "3623000000", "totalRevenue": "3623000000", "costOfRevenue": "526000000", "costofGoodsAndServicesSold": "526000000", "operatingIncome": "719000000", "sellingGeneralAndAdministrative": "1119000000", "researchAndDevelopment": "0", "operatingExpenses": "2904000000", "investmentIncomeNet": "None", "netInterestIncome": "None", "interestIncome": "None", "interestExpense": "270000000", "nonInterestIncome": "None", "otherNonOperatingIncome": "None", "depreciation": "None", "depreciationAndAmortization": "285000000", "incomeBeforeTax": "719000000", "incomeTaxExpense": "173000000", "interestAndDebtExpense": "None", "netIncomeFromContinuingOperations": "0", "comprehensiveIncomeNetOfTax": "None", "ebit": "719000000", "ebitda": "1004000000", "netIncome": "551000000"}, {"fiscalDateEnding": "2012-03-31", "reportedCurrency": "USD", "grossProfit": "3732000000", "totalRevenue": "3732000000", "costOfRevenue": "365000000", "costofGoodsAndServicesSold": "365000000", "operatingIncome": "1092000000", "sellingGeneralAndAdministrative": "1111000000", "researchAndDevelopment": "0", "operatingExpenses": "2640000000", "investmentIncomeNet": "None", "netInterestIncome": "None", "interestIncome": "None", "interestExpense": "306000000", "nonInterestIncome": "None", "otherNonOperatingIncome": "None", "depreciation": "None", "depreciationAndAmortization": "269000000", "incomeBeforeTax": "1092000000", "incomeTaxExpense": "281000000", "interestAndDebtExpense": "None", "netIncomeFromContinuingOperations": "0", "comprehensiveIncomeNetOfTax": "None", "ebit": "1092000000", "ebitda": "1361000000", "netIncome": "805000000"}, {"fiscalDateEnding": "2011-12-31", "reportedCurrency": "USD", "grossProfit": "3549000000", "totalRevenue": "3549000000", "costOfRevenue": "1399000000", "costofGoodsAndServicesSold": "1399000000", "operatingIncome": "640000000", "sellingGeneralAndAdministrative": "1052000000", "researchAndDevelopment": "0", "operatingExpenses": "2909000000", "investmentIncomeNet": "None", "netInterestIncome": "None", "interestIncome": "None", "interestExpense": "335000000", "nonInterestIncome": "None", "otherNonOperatingIncome": "None", "depreciation": "None", "depreciationAndAmortization": "290000000", "incomeBeforeTax": "640000000", "incomeTaxExpense": "147000000", "interestAndDebtExpense": "None", "netIncomeFromContinuingOperations": "0", "comprehensiveIncomeNetOfTax": "None", "ebit": "640000000", "ebitda": "930000000", "netIncome": "476000000"}, {"fiscalDateEnding": "2011-09-30", "reportedCurrency": "USD", "grossProfit": "3544000000", "totalRevenue": "3544000000", "costOfRevenue": "330000000", "costofGoodsAndServicesSold": "330000000", "operatingIncome": "1143000000", "sellingGeneralAndAdministrative": "949000000", "researchAndDevelopment": "0", "operatingExpenses": "2401000000", "investmentIncomeNet": "None", "netInterestIncome": "None", "interestIncome": "None", "interestExpense": "355000000", "nonInterestIncome": "None", "otherNonOperatingIncome": "None", "depreciation": "None", "depreciationAndAmortization": "281000000", "incomeBeforeTax": "1143000000", "incomeTaxExpense": "309000000", "interestAndDebtExpense": "None", "netIncomeFromContinuingOperations": "834000000", "comprehensiveIncomeNetOfTax": "None", "ebit": "1143000000", "ebitda": "1424000000", "netIncome": "830000000"}, {"fiscalDateEnding": "2011-06-30", "reportedCurrency": "USD", "grossProfit": "3602000000", "totalRevenue": "3602000000", "costOfRevenue": "334000000", "costofGoodsAndServicesSold": "334000000", "operatingIncome": "1146000000", "sellingGeneralAndAdministrative": "976000000", "researchAndDevelopment": "0", "operatingExpenses": "2456000000", "investmentIncomeNet": "None", "netInterestIncome": "None", "interestIncome": "None", "interestExpense": "397000000", "nonInterestIncome": "None", "otherNonOperatingIncome": "None", "depreciation": "None", "depreciationAndAmortization": "290000000", "incomeBeforeTax": "1146000000", "incomeTaxExpense": "234000000", "interestAndDebtExpense": "None", "netIncomeFromContinuingOperations": "912000000", "comprehensiveIncomeNetOfTax": "None", "ebit": "1146000000", "ebitda": "1436000000", "netIncome": "913000000"}, {"fiscalDateEnding": "2011-03-31", "reportedCurrency": "USD", "grossProfit": "3631000000", "totalRevenue": "3631000000", "costOfRevenue": "360000000", "costofGoodsAndServicesSold": "360000000", "operatingIncome": "1140000000", "sellingGeneralAndAdministrative": "989000000", "researchAndDevelopment": "0", "operatingExpenses": "2491000000", "investmentIncomeNet": "None", "netInterestIncome": "None", "interestIncome": "None", "interestExpense": "407000000", "nonInterestIncome": "None", "otherNonOperatingIncome": "None", "depreciation": "None", "depreciationAndAmortization": "279000000", "incomeBeforeTax": "1140000000", "incomeTaxExpense": "308000000", "interestAndDebtExpense": "None", "netIncomeFromContinuingOperations": "832000000", "comprehensiveIncomeNetOfTax": "None", "ebit": "1140000000", "ebitda": "1419000000", "netIncome": "837000000"}, {"fiscalDateEnding": "2010-12-31", "reportedCurrency": "USD", "grossProfit": "3462000000", "totalRevenue": "3462000000", "costOfRevenue": "1398000000", "costofGoodsAndServicesSold": "1398000000", "operatingIncome": "1121000000", "sellingGeneralAndAdministrative": "1032000000", "researchAndDevelopment": "0", "operatingExpenses": "2341000000", "investmentIncomeNet": "None", "netInterestIncome": "None", "interestIncome": "None", "interestExpense": "470000000", "nonInterestIncome": "None", "otherNonOperatingIncome": "None", "depreciation": "None", "depreciationAndAmortization": "306000000", "incomeBeforeTax": "1121000000", "incomeTaxExpense": "301000000", "interestAndDebtExpense": "None", "netIncomeFromContinuingOperations": "0", "comprehensiveIncomeNetOfTax": "None", "ebit": "1121000000", "ebitda": "1427000000", "netIncome": "823000000"}, {"fiscalDateEnding": "2010-09-30", "reportedCurrency": "USD", "grossProfit": "3598000000", "totalRevenue": "3598000000", "costOfRevenue": "329000000", "costofGoodsAndServicesSold": "329000000", "operatingIncome": "954000000", "sellingGeneralAndAdministrative": "959000000", "researchAndDevelopment": "0", "operatingExpenses": "2644000000", "investmentIncomeNet": "None", "netInterestIncome": "None", "interestIncome": "None", "interestExpense": "486000000", "nonInterestIncome": "None", "otherNonOperatingIncome": "None", "depreciation": "None", "depreciationAndAmortization": "311000000", "incomeBeforeTax": "954000000", "incomeTaxExpense": "179000000", "interestAndDebtExpense": "None", "netIncomeFromContinuingOperations": "0", "comprehensiveIncomeNetOfTax": "None", "ebit": "954000000", "ebitda": "1265000000", "netIncome": "1101000000"}, {"fiscalDateEnding": "2010-06-30", "reportedCurrency": "USD", "grossProfit": "3912000000", "totalRevenue": "3912000000", "costOfRevenue": "340000000", "costofGoodsAndServicesSold": "340000000", "operatingIncome": "1087000000", "sellingGeneralAndAdministrative": "959000000", "researchAndDevelopment": "0", "operatingExpenses": "2825000000", "investmentIncomeNet": "None", "netInterestIncome": "None", "interestIncome": "None", "interestExpense": "438000000", "nonInterestIncome": "None", "otherNonOperatingIncome": "None", "depreciation": "None", "depreciationAndAmortization": "216000000", "incomeBeforeTax": "1087000000", "incomeTaxExpense": "306000000", "interestAndDebtExpense": "None", "netIncomeFromContinuingOperations": "0", "comprehensiveIncomeNetOfTax": "None", "ebit": "1087000000", "ebitda": "1303000000", "netIncome": "794000000"}, {"fiscalDateEnding": "2010-03-31", "reportedCurrency": "USD", "grossProfit": "3879000000", "totalRevenue": "3879000000", "costOfRevenue": "359000000", "costofGoodsAndServicesSold": "359000000", "operatingIncome": "899000000", "sellingGeneralAndAdministrative": "956000000", "researchAndDevelopment": "0", "operatingExpenses": "2980000000", "investmentIncomeNet": "None", "netInterestIncome": "None", "interestIncome": "None", "interestExpense": "526000000", "nonInterestIncome": "None", "otherNonOperatingIncome": "None", "depreciation": "None", "depreciationAndAmortization": "226000000", "incomeBeforeTax": "899000000", "incomeTaxExpense": "251000000", "interestAndDebtExpense": "None", "netIncomeFromContinuingOperations": "0", "comprehensiveIncomeNetOfTax": "None", "ebit": "899000000", "ebitda": "1125000000", "netIncome": "676000000"}, {"fiscalDateEnding": "2009-12-31", "reportedCurrency": "USD", "grossProfit": "2813000000", "totalRevenue": "2813000000", "costOfRevenue": "1408000000", "costofGoodsAndServicesSold": "1408000000", "operatingIncome": "1565000000", "sellingGeneralAndAdministrative": "699000000", "researchAndDevelopment": "0", "operatingExpenses": "1248000000", "investmentIncomeNet": "None", "netInterestIncome": "None", "interestIncome": "None", "interestExpense": "563000000", "nonInterestIncome": "None", "otherNonOperatingIncome": "None", "depreciation": "None", "depreciationAndAmortization": "231000000", "incomeBeforeTax": "1565000000", "incomeTaxExpense": "503000000", "interestAndDebtExpense": "None", "netIncomeFromContinuingOperations": "0", "comprehensiveIncomeNetOfTax": "None", "ebit": "1565000000", "ebitda": "1796000000", "netIncome": "1144000000"}, {"fiscalDateEnding": "2009-09-30", "reportedCurrency": "USD", "grossProfit": "3982000000", "totalRevenue": "3982000000", "costOfRevenue": "369000000", "costofGoodsAndServicesSold": "369000000", "operatingIncome": "725000000", "sellingGeneralAndAdministrative": "1068000000", "researchAndDevelopment": "0", "operatingExpenses": "3257000000", "investmentIncomeNet": "None", "netInterestIncome": "None", "interestIncome": "None", "interestExpense": "664000000", "nonInterestIncome": "None", "otherNonOperatingIncome": "None", "depreciation": "None", "depreciationAndAmortization": "242000000", "incomeBeforeTax": "725000000", "incomeTaxExpense": "185000000", "interestAndDebtExpense": "None", "netIncomeFromContinuingOperations": "0", "comprehensiveIncomeNetOfTax": "None", "ebit": "725000000", "ebitda": "967000000", "netIncome": "579000000"}, {"fiscalDateEnding": "2009-06-30", "reportedCurrency": "USD", "grossProfit": "3958000000", "totalRevenue": "3958000000", "costOfRevenue": "384000000", "costofGoodsAndServicesSold": "384000000", "operatingIncome": "224000000", "sellingGeneralAndAdministrative": "1086000000", "researchAndDevelopment": "0", "operatingExpenses": "3734000000", "investmentIncomeNet": "None", "netInterestIncome": "None", "interestIncome": "None", "interestExpense": "807000000", "nonInterestIncome": "None", "otherNonOperatingIncome": "None", "depreciation": "None", "depreciationAndAmortization": "247000000", "incomeBeforeTax": "224000000", "incomeTaxExpense": "29000000", "interestAndDebtExpense": "None", "netIncomeFromContinuingOperations": "0", "comprehensiveIncomeNetOfTax": "None", "ebit": "224000000", "ebitda": "471000000", "netIncome": "198000000"}, {"fiscalDateEnding": "2009-03-31", "reportedCurrency": "USD", "grossProfit": "3835000000", "totalRevenue": "3835000000", "costOfRevenue": "386000000", "costofGoodsAndServicesSold": "386000000", "operatingIncome": "648000000", "sellingGeneralAndAdministrative": "996000000", "researchAndDevelopment": "0", "operatingExpenses": "3187000000", "investmentIncomeNet": "None", "netInterestIncome": "None", "interestIncome": "None", "interestExpense": "939000000", "nonInterestIncome": "None", "otherNonOperatingIncome": "None", "depreciation": "None", "depreciationAndAmortization": "258000000", "incomeBeforeTax": "648000000", "incomeTaxExpense": "128000000", "interestAndDebtExpense": "None", "netIncomeFromContinuingOperations": "0", "comprehensiveIncomeNetOfTax": "None", "ebit": "648000000", "ebitda": "906000000", "netIncome": "526000000"}, {"fiscalDateEnding": "2008-12-31", "reportedCurrency": "USD", "grossProfit": "1536000000", "totalRevenue": "1536000000", "costOfRevenue": "-4787000000", "costofGoodsAndServicesSold": "-4787000000", "operatingIncome": "-445000000", "sellingGeneralAndAdministrative": "494000000", "researchAndDevelopment": "0", "operatingExpenses": "1981000000", "investmentIncomeNet": "None", "netInterestIncome": "None", "interestIncome": "None", "interestExpense": "551000000", "nonInterestIncome": "None", "otherNonOperatingIncome": "None", "depreciation": "None", "depreciationAndAmortization": "75000000", "incomeBeforeTax": "-445000000", "incomeTaxExpense": "-197000000", "interestAndDebtExpense": "None", "netIncomeFromContinuingOperations": "0", "comprehensiveIncomeNetOfTax": "None", "ebit": "-445000000", "ebitda": "-370000000", "netIncome": "-248000000"}, {"fiscalDateEnding": "2008-09-30", "reportedCurrency": "USD", "grossProfit": "1783000000", "totalRevenue": "1783000000", "costOfRevenue": "180000000", "costofGoodsAndServicesSold": "180000000", "operatingIncome": "333000000", "sellingGeneralAndAdministrative": "569000000", "researchAndDevelopment": "0", "operatingExpenses": "1450000000", "investmentIncomeNet": "None", "netInterestIncome": "None", "interestIncome": "None", "interestExpense": "574000000", "nonInterestIncome": "None", "otherNonOperatingIncome": "None", "depreciation": "None", "depreciationAndAmortization": "176000000", "incomeBeforeTax": "333000000", "incomeTaxExpense": "74000000", "interestAndDebtExpense": "None", "netIncomeFromContinuingOperations": "0", "comprehensiveIncomeNetOfTax": "None", "ebit": "333000000", "ebitda": "509000000", "netIncome": "248000000"}, {"fiscalDateEnding": "2008-06-30", "reportedCurrency": "USD", "grossProfit": "2039000000", "totalRevenue": "2039000000", "costOfRevenue": "184000000", "costofGoodsAndServicesSold": "184000000", "operatingIncome": "738000000", "sellingGeneralAndAdministrative": "547000000", "researchAndDevelopment": "0", "operatingExpenses": "1301000000", "investmentIncomeNet": "None", "netInterestIncome": "None", "interestIncome": "None", "interestExpense": "600000000", "nonInterestIncome": "None", "otherNonOperatingIncome": "None", "depreciation": "None", "depreciationAndAmortization": "76000000", "incomeBeforeTax": "738000000", "incomeTaxExpense": "233000000", "interestAndDebtExpense": "None", "netIncomeFromContinuingOperations": "0", "comprehensiveIncomeNetOfTax": "None", "ebit": "738000000", "ebitda": "814000000", "netIncome": "505000000"}, {"fiscalDateEnding": "2008-03-31", "reportedCurrency": "USD", "grossProfit": "1821000000", "totalRevenue": "1821000000", "costOfRevenue": "177000000", "costofGoodsAndServicesSold": "177000000", "operatingIncome": "635000000", "sellingGeneralAndAdministrative": "544000000", "researchAndDevelopment": "0", "operatingExpenses": "1186000000", "investmentIncomeNet": "None", "netInterestIncome": "None", "interestIncome": "None", "interestExpense": "765000000", "nonInterestIncome": "None", "otherNonOperatingIncome": "None", "depreciation": "None", "depreciationAndAmortization": "92000000", "incomeBeforeTax": "635000000", "incomeTaxExpense": "251000000", "interestAndDebtExpense": "None", "netIncomeFromContinuingOperations": "0", "comprehensiveIncomeNetOfTax": "None", "ebit": "635000000", "ebitda": "727000000", "netIncome": "377000000"}, {"fiscalDateEnding": "2007-12-31", "reportedCurrency": "USD", "grossProfit": "1754000000", "totalRevenue": "1754000000", "costOfRevenue": "1065000000", "costofGoodsAndServicesSold": "1065000000", "operatingIncome": "226000000", "sellingGeneralAndAdministrative": "553000000", "researchAndDevelopment": "0", "operatingExpenses": "1528000000", "investmentIncomeNet": "None", "netInterestIncome": "None", "interestIncome": "None", "interestExpense": "877000000", "nonInterestIncome": "None", "otherNonOperatingIncome": "None", "depreciation": "None", "depreciationAndAmortization": "94000000", "incomeBeforeTax": "226000000", "incomeTaxExpense": "48000000", "interestAndDebtExpense": "None", "netIncomeFromContinuingOperations": "0", "comprehensiveIncomeNetOfTax": "None", "ebit": "226000000", "ebitda": "320000000", "netIncome": "178000000"}, {"fiscalDateEnding": "2007-09-30", "reportedCurrency": "USD", "grossProfit": "1751000000", "totalRevenue": "1751000000", "costOfRevenue": "931000000", "costofGoodsAndServicesSold": "931000000", "operatingIncome": "587000000", "sellingGeneralAndAdministrative": "553000000", "researchAndDevelopment": "0", "operatingExpenses": "1164000000", "investmentIncomeNet": "None", "netInterestIncome": "None", "interestIncome": "None", "interestExpense": "866000000", "nonInterestIncome": "None", "otherNonOperatingIncome": "None", "depreciation": "None", "depreciationAndAmortization": "83000000", "incomeBeforeTax": "587000000", "incomeTaxExpense": "180000000", "interestAndDebtExpense": "None", "netIncomeFromContinuingOperations": "0", "comprehensiveIncomeNetOfTax": "None", "ebit": "587000000", "ebitda": "670000000", "netIncome": "407000000"}, {"fiscalDateEnding": "2007-06-30", "reportedCurrency": "USD", "grossProfit": "1713000000", "totalRevenue": "1713000000", "costOfRevenue": "870000000", "costofGoodsAndServicesSold": "870000000", "operatingIncome": "619000000", "sellingGeneralAndAdministrative": "544000000", "researchAndDevelopment": "0", "operatingExpenses": "1094000000", "investmentIncomeNet": "None", "netInterestIncome": "None", "interestIncome": "None", "interestExpense": "816000000", "nonInterestIncome": "None", "otherNonOperatingIncome": "None", "depreciation": "None", "depreciationAndAmortization": "78000000", "incomeBeforeTax": "619000000", "incomeTaxExpense": "196000000", "interestAndDebtExpense": "None", "netIncomeFromContinuingOperations": "0", "comprehensiveIncomeNetOfTax": "None", "ebit": "619000000", "ebitda": "697000000", "netIncome": "423000000"}, {"fiscalDateEnding": "2007-03-31", "reportedCurrency": "USD", "grossProfit": "1614000000", "totalRevenue": "1614000000", "costOfRevenue": "700000000", "costofGoodsAndServicesSold": "700000000", "operatingIncome": "662000000", "sellingGeneralAndAdministrative": "490000000", "researchAndDevelopment": "0", "operatingExpenses": "952000000", "investmentIncomeNet": "None", "netInterestIncome": "None", "interestIncome": "None", "interestExpense": "692000000", "nonInterestIncome": "None", "otherNonOperatingIncome": "None", "depreciation": "None", "depreciationAndAmortization": "77000000", "incomeBeforeTax": "662000000", "incomeTaxExpense": "203000000", "interestAndDebtExpense": "None", "netIncomeFromContinuingOperations": "0", "comprehensiveIncomeNetOfTax": "None", "ebit": "662000000", "ebitda": "739000000", "netIncome": "459000000"}, {"fiscalDateEnding": "2006-12-31", "reportedCurrency": "USD", "grossProfit": "-531000000", "totalRevenue": "-531000000", "costOfRevenue": "693000000", "costofGoodsAndServicesSold": "693000000", "operatingIncome": "571000000", "sellingGeneralAndAdministrative": "497000000", "researchAndDevelopment": "0", "operatingExpenses": "-1102000000", "investmentIncomeNet": "None", "netInterestIncome": "None", "interestIncome": "None", "interestExpense": "651000000", "nonInterestIncome": "None", "otherNonOperatingIncome": "None", "depreciation": "None", "depreciationAndAmortization": "77000000", "incomeBeforeTax": "571000000", "incomeTaxExpense": "148000000", "interestAndDebtExpense": "None", "netIncomeFromContinuingOperations": "0", "comprehensiveIncomeNetOfTax": "None", "ebit": "571000000", "ebitda": "648000000", "netIncome": "376000000"}, {"fiscalDateEnding": "2006-09-30", "reportedCurrency": "USD", "grossProfit": "3510000000", "totalRevenue": "3510000000", "costOfRevenue": "652000000", "costofGoodsAndServicesSold": "652000000", "operatingIncome": "2321000000", "sellingGeneralAndAdministrative": "659000000", "researchAndDevelopment": "0", "operatingExpenses": "1189000000", "investmentIncomeNet": "None", "netInterestIncome": "None", "interestIncome": "None", "interestExpense": "636000000", "nonInterestIncome": "None", "otherNonOperatingIncome": "None", "depreciation": "None", "depreciationAndAmortization": "86000000", "incomeBeforeTax": "2321000000", "incomeTaxExpense": "837000000", "interestAndDebtExpense": "None", "netIncomeFromContinuingOperations": "0", "comprehensiveIncomeNetOfTax": "None", "ebit": "2321000000", "ebitda": "2407000000", "netIncome": "1484000000"}, {"fiscalDateEnding": "2006-06-30", "reportedCurrency": "USD", "grossProfit": "1786000000", "totalRevenue": "1786000000", "costOfRevenue": "614000000", "costofGoodsAndServicesSold": "614000000", "operatingIncome": "578000000", "sellingGeneralAndAdministrative": "634000000", "researchAndDevelopment": "0", "operatingExpenses": "1208000000", "investmentIncomeNet": "None", "netInterestIncome": "None", "interestIncome": "None", "interestExpense": "570000000", "nonInterestIncome": "None", "otherNonOperatingIncome": "None", "depreciation": "None", "depreciationAndAmortization": "89000000", "incomeBeforeTax": "578000000", "incomeTaxExpense": "197000000", "interestAndDebtExpense": "None", "netIncomeFromContinuingOperations": "0", "comprehensiveIncomeNetOfTax": "None", "ebit": "578000000", "ebitda": "667000000", "netIncome": "381000000"}, {"fiscalDateEnding": "2006-03-31", "reportedCurrency": "USD", "grossProfit": "1741000000", "totalRevenue": "1741000000", "costOfRevenue": "532000000", "costofGoodsAndServicesSold": "532000000", "operatingIncome": "535000000", "sellingGeneralAndAdministrative": "642000000", "researchAndDevelopment": "0", "operatingExpenses": "1206000000", "investmentIncomeNet": "None", "netInterestIncome": "None", "interestIncome": "None", "interestExpense": "510000000", "nonInterestIncome": "None", "otherNonOperatingIncome": "None", "depreciation": "None", "depreciationAndAmortization": "93000000", "incomeBeforeTax": "535000000", "incomeTaxExpense": "181000000", "interestAndDebtExpense": "None", "netIncomeFromContinuingOperations": "0", "comprehensiveIncomeNetOfTax": "None", "ebit": "535000000", "ebitda": "628000000", "netIncome": "354000000"}, {"fiscalDateEnding": "2005-12-31", "reportedCurrency": "USD", "grossProfit": "1706000000", "totalRevenue": "1706000000", "costOfRevenue": "503000000", "costofGoodsAndServicesSold": "503000000", "operatingIncome": "536000000", "sellingGeneralAndAdministrative": "633000000", "researchAndDevelopment": "0", "operatingExpenses": "1170000000", "investmentIncomeNet": "None", "netInterestIncome": "None", "interestIncome": "None", "interestExpense": "479000000", "nonInterestIncome": "None", "otherNonOperatingIncome": "None", "depreciation": "None", "depreciationAndAmortization": "98000000", "incomeBeforeTax": "536000000", "incomeTaxExpense": "181000000", "interestAndDebtExpense": "None", "netIncomeFromContinuingOperations": "0", "comprehensiveIncomeNetOfTax": "None", "ebit": "536000000", "ebitda": "634000000", "netIncome": "355000000"}, {"fiscalDateEnding": "2005-09-30", "reportedCurrency": "USD", "grossProfit": "1675000000", "totalRevenue": "1675000000", "costOfRevenue": "452000000", "costofGoodsAndServicesSold": "452000000", "operatingIncome": "486000000", "sellingGeneralAndAdministrative": "631000000", "researchAndDevelopment": "0", "operatingExpenses": "1189000000", "investmentIncomeNet": "None", "netInterestIncome": "None", "interestIncome": "None", "interestExpense": "436000000", "nonInterestIncome": "None", "otherNonOperatingIncome": "None", "depreciation": "None", "depreciationAndAmortization": "111000000", "incomeBeforeTax": "486000000", "incomeTaxExpense": "152000000", "interestAndDebtExpense": "None", "netIncomeFromContinuingOperations": "0", "comprehensiveIncomeNetOfTax": "None", "ebit": "486000000", "ebitda": "597000000", "netIncome": "334000000"}, {"fiscalDateEnding": "2005-06-30", "reportedCurrency": "USD", "grossProfit": "1463000000", "totalRevenue": "1463000000", "costOfRevenue": "340000000", "costofGoodsAndServicesSold": "340000000", "operatingIncome": "441000000", "sellingGeneralAndAdministrative": "567000000", "researchAndDevelopment": "0", "operatingExpenses": "1022000000", "investmentIncomeNet": "None", "netInterestIncome": "None", "interestIncome": "None", "interestExpense": "367000000", "nonInterestIncome": "None", "otherNonOperatingIncome": "None", "depreciation": "None", "depreciationAndAmortization": "86000000", "incomeBeforeTax": "441000000", "incomeTaxExpense": "159000000", "interestAndDebtExpense": "None", "netIncomeFromContinuingOperations": "0", "comprehensiveIncomeNetOfTax": "None", "ebit": "441000000", "ebitda": "527000000", "netIncome": "282000000"}, {"fiscalDateEnding": "2005-03-31", "reportedCurrency": "USD", "grossProfit": "1480000000", "totalRevenue": "1480000000", "costOfRevenue": "306000000", "costofGoodsAndServicesSold": "306000000", "operatingIncome": "466000000", "sellingGeneralAndAdministrative": "562000000", "researchAndDevelopment": "0", "operatingExpenses": "1014000000", "investmentIncomeNet": "None", "netInterestIncome": "None", "interestIncome": "None", "interestExpense": "298000000", "nonInterestIncome": "None", "otherNonOperatingIncome": "None", "depreciation": "None", "depreciationAndAmortization": "80000000", "incomeBeforeTax": "466000000", "incomeTaxExpense": "112000000", "interestAndDebtExpense": "None", "netIncomeFromContinuingOperations": "0", "comprehensiveIncomeNetOfTax": "None", "ebit": "466000000", "ebitda": "546000000", "netIncome": "354000000"}, {"fiscalDateEnding": "2004-12-31", "reportedCurrency": "USD", "grossProfit": "1407000000", "totalRevenue": "1407000000", "costOfRevenue": "259000000", "costofGoodsAndServicesSold": "259000000", "operatingIncome": "434000000", "sellingGeneralAndAdministrative": "534000000", "researchAndDevelopment": "0", "operatingExpenses": "973000000", "investmentIncomeNet": "None", "netInterestIncome": "None", "interestIncome": "None", "interestExpense": "240000000", "nonInterestIncome": "None", "otherNonOperatingIncome": "None", "depreciation": "None", "depreciationAndAmortization": "76000000", "incomeBeforeTax": "434000000", "incomeTaxExpense": "127000000", "interestAndDebtExpense": "None", "netIncomeFromContinuingOperations": "0", "comprehensiveIncomeNetOfTax": "None", "ebit": "434000000", "ebitda": "510000000", "netIncome": "307000000"}]}