{"symbol": "MO", "annualReports": [{"fiscalDateEnding": "2024-12-31", "reportedCurrency": "USD", "grossProfit": "14367000000", "totalRevenue": "20444000000", "costOfRevenue": "6077000000", "costofGoodsAndServicesSold": "6077000000", "operatingIncome": "11241000000", "sellingGeneralAndAdministrative": "214000000", "researchAndDevelopment": "None", "operatingExpenses": "3126000000", "investmentIncomeNet": "None", "netInterestIncome": "-1037000000", "interestIncome": "87000000", "interestExpense": "1124000000", "nonInterestIncome": "None", "otherNonOperatingIncome": "None", "depreciation": "None", "depreciationAndAmortization": "286000000", "incomeBeforeTax": "13658000000", "incomeTaxExpense": "2394000000", "interestAndDebtExpense": "None", "netIncomeFromContinuingOperations": "11264000000", "comprehensiveIncomeNetOfTax": "None", "ebit": "14782000000", "ebitda": "15068000000", "netIncome": "11264000000"}, {"fiscalDateEnding": "2023-12-31", "reportedCurrency": "USD", "grossProfit": "14284000000", "totalRevenue": "24483000000", "costOfRevenue": "10199000000", "costofGoodsAndServicesSold": "10199000000", "operatingIncome": "12318000000", "sellingGeneralAndAdministrative": "2768000000", "researchAndDevelopment": "220000000", "operatingExpenses": "1966000000", "investmentIncomeNet": "None", "netInterestIncome": "-984000000", "interestIncome": "160000000", "interestExpense": "989000000", "nonInterestIncome": "None", "otherNonOperatingIncome": "None", "depreciation": "None", "depreciationAndAmortization": "-2944000000", "incomeBeforeTax": "10928000000", "incomeTaxExpense": "2798000000", "interestAndDebtExpense": "None", "netIncomeFromContinuingOperations": "8760000000", "comprehensiveIncomeNetOfTax": "None", "ebit": "12318000000", "ebitda": "12318000000", "netIncome": "8130000000"}, {"fiscalDateEnding": "2022-12-31", "reportedCurrency": "USD", "grossProfit": "14246000000", "totalRevenue": "25096000000", "costOfRevenue": "6442000000", "costofGoodsAndServicesSold": "6442000000", "operatingIncome": "11919000000", "sellingGeneralAndAdministrative": "2327000000", "researchAndDevelopment": "162000000", "operatingExpenses": "8769000000", "investmentIncomeNet": "None", "netInterestIncome": "-1058000000", "interestIncome": "70000000", "interestExpense": "1128000000", "nonInterestIncome": "None", "otherNonOperatingIncome": "None", "depreciation": "None", "depreciationAndAmortization": "226000000", "incomeBeforeTax": "7389000000", "incomeTaxExpense": "1625000000", "interestAndDebtExpense": "None", "netIncomeFromContinuingOperations": "5764000000", "comprehensiveIncomeNetOfTax": "None", "ebit": "8517000000", "ebitda": "8743000000", "netIncome": "5764000000"}, {"fiscalDateEnding": "2021-12-31", "reportedCurrency": "USD", "grossProfit": "13992000000", "totalRevenue": "26013000000", "costOfRevenue": "7119000000", "costofGoodsAndServicesSold": "7119000000", "operatingIncome": "11560000000", "sellingGeneralAndAdministrative": "2432000000", "researchAndDevelopment": "145000000", "operatingExpenses": "9551000000", "investmentIncomeNet": "None", "netInterestIncome": "-1162000000", "interestIncome": "26000000", "interestExpense": "1188000000", "nonInterestIncome": "None", "otherNonOperatingIncome": "-797000000", "depreciation": "None", "depreciationAndAmortization": "244000000", "incomeBeforeTax": "3824000000", "incomeTaxExpense": "1349000000", "interestAndDebtExpense": "None", "netIncomeFromContinuingOperations": "2475000000", "comprehensiveIncomeNetOfTax": "None", "ebit": "5012000000", "ebitda": "5256000000", "netIncome": "2475000000"}, {"fiscalDateEnding": "2020-12-31", "reportedCurrency": "USD", "grossProfit": "13023000000", "totalRevenue": "26153000000", "costOfRevenue": "7818000000", "costofGoodsAndServicesSold": "7818000000", "operatingIncome": "10873000000", "sellingGeneralAndAdministrative": "2154000000", "researchAndDevelopment": "131000000", "operatingExpenses": "9972000000", "investmentIncomeNet": "None", "netInterestIncome": "-1209000000", "interestIncome": "14000000", "interestExpense": "1223000000", "nonInterestIncome": "None", "otherNonOperatingIncome": "-140000000", "depreciation": "None", "depreciationAndAmortization": "257000000", "incomeBeforeTax": "6890000000", "incomeTaxExpense": "2436000000", "interestAndDebtExpense": "None", "netIncomeFromContinuingOperations": "4454000000", "comprehensiveIncomeNetOfTax": "None", "ebit": "8126000000", "ebitda": "8383000000", "netIncome": "4467000000"}, {"fiscalDateEnding": "2019-12-31", "reportedCurrency": "USD", "grossProfit": "12711000000", "totalRevenue": "25110000000", "costOfRevenue": "7085000000", "costofGoodsAndServicesSold": "7085000000", "operatingIncome": "10326000000", "sellingGeneralAndAdministrative": "2226000000", "researchAndDevelopment": "168000000", "operatingExpenses": "9311000000", "investmentIncomeNet": "None", "netInterestIncome": "-1280000000", "interestIncome": "445000000", "interestExpense": "1322000000", "nonInterestIncome": "None", "otherNonOperatingIncome": "None", "depreciation": "None", "depreciationAndAmortization": "226000000", "incomeBeforeTax": "766000000", "incomeTaxExpense": "2064000000", "interestAndDebtExpense": "None", "netIncomeFromContinuingOperations": "-1298000000", "comprehensiveIncomeNetOfTax": "None", "ebit": "2093000000", "ebitda": "2319000000", "netIncome": "-1293000000"}, {"fiscalDateEnding": "2018-12-31", "reportedCurrency": "USD", "grossProfit": "12254000000", "totalRevenue": "25364000000", "costOfRevenue": "7373000000", "costofGoodsAndServicesSold": "7373000000", "operatingIncome": "9115000000", "sellingGeneralAndAdministrative": "2756000000", "researchAndDevelopment": "252000000", "operatingExpenses": "10129000000", "investmentIncomeNet": "None", "netInterestIncome": "-665000000", "interestIncome": "32000000", "interestExpense": "697000000", "nonInterestIncome": "None", "otherNonOperatingIncome": "890000000", "depreciation": "None", "depreciationAndAmortization": "227000000", "incomeBeforeTax": "9341000000", "incomeTaxExpense": "2374000000", "interestAndDebtExpense": "None", "netIncomeFromContinuingOperations": "11715000000", "comprehensiveIncomeNetOfTax": "None", "ebit": "10034000000", "ebitda": "10261000000", "netIncome": "6963000000"}, {"fiscalDateEnding": "2017-12-31", "reportedCurrency": "USD", "grossProfit": "11951000000", "totalRevenue": "19494000000", "costOfRevenue": "7543000000", "costofGoodsAndServicesSold": "7543000000", "operatingIncome": "9556000000", "sellingGeneralAndAdministrative": "2362000000", "researchAndDevelopment": "241000000", "operatingExpenses": "9905000000", "investmentIncomeNet": "None", "netInterestIncome": "-705000000", "interestIncome": "31000000", "interestExpense": "736000000", "nonInterestIncome": "None", "otherNonOperatingIncome": "532000000", "depreciation": "None", "depreciationAndAmortization": "209000000", "incomeBeforeTax": "9828000000", "incomeTaxExpense": "-399000000", "interestAndDebtExpense": "None", "netIncomeFromContinuingOperations": "9429000000", "comprehensiveIncomeNetOfTax": "None", "ebit": "10559000000", "ebitda": "10768000000", "netIncome": "10222000000"}, {"fiscalDateEnding": "2016-12-31", "reportedCurrency": "USD", "grossProfit": "11591000000", "totalRevenue": "19337000000", "costOfRevenue": "7746000000", "costofGoodsAndServicesSold": "7746000000", "operatingIncome": "8762000000", "sellingGeneralAndAdministrative": "2650000000", "researchAndDevelopment": "203000000", "operatingExpenses": "10396000000", "investmentIncomeNet": "None", "netInterestIncome": "-747000000", "interestIncome": "71000000", "interestExpense": "760000000", "nonInterestIncome": "None", "otherNonOperatingIncome": "None", "depreciation": "None", "depreciationAndAmortization": "204000000", "incomeBeforeTax": "21852000000", "incomeTaxExpense": "7608000000", "interestAndDebtExpense": "None", "netIncomeFromContinuingOperations": "14244000000", "comprehensiveIncomeNetOfTax": "None", "ebit": "22607000000", "ebitda": "22811000000", "netIncome": "14239000000"}, {"fiscalDateEnding": "2015-12-31", "reportedCurrency": "USD", "grossProfit": "11114000000", "totalRevenue": "18854000000", "costOfRevenue": "7740000000", "costofGoodsAndServicesSold": "7740000000", "operatingIncome": "8361000000", "sellingGeneralAndAdministrative": "2749000000", "researchAndDevelopment": "186000000", "operatingExpenses": "10489000000", "investmentIncomeNet": "None", "netInterestIncome": "None", "interestIncome": "60000000", "interestExpense": "821000000", "nonInterestIncome": "None", "otherNonOperatingIncome": "None", "depreciation": "None", "depreciationAndAmortization": "225000000", "incomeBeforeTax": "8078000000", "incomeTaxExpense": "2835000000", "interestAndDebtExpense": "None", "netIncomeFromContinuingOperations": "5243000000", "comprehensiveIncomeNetOfTax": "None", "ebit": "8897000000", "ebitda": "9122000000", "netIncome": "5241000000"}, {"fiscalDateEnding": "2014-12-31", "reportedCurrency": "USD", "grossProfit": "10160000000", "totalRevenue": "17945000000", "costOfRevenue": "7785000000", "costofGoodsAndServicesSold": "7785000000", "operatingIncome": "7620000000", "sellingGeneralAndAdministrative": "2541000000", "researchAndDevelopment": "167000000", "operatingExpenses": "10326000000", "investmentIncomeNet": "None", "netInterestIncome": "None", "interestIncome": "None", "interestExpense": "857000000", "nonInterestIncome": "None", "otherNonOperatingIncome": "None", "depreciation": "None", "depreciationAndAmortization": "208000000", "incomeBeforeTax": "7774000000", "incomeTaxExpense": "2704000000", "interestAndDebtExpense": "None", "netIncomeFromContinuingOperations": "5070000000", "comprehensiveIncomeNetOfTax": "None", "ebit": "8631000000", "ebitda": "8839000000", "netIncome": "5070000000"}, {"fiscalDateEnding": "2013-12-31", "reportedCurrency": "USD", "grossProfit": "10457000000", "totalRevenue": "17663000000", "costOfRevenue": "7206000000", "costofGoodsAndServicesSold": "7206000000", "operatingIncome": "8084000000", "sellingGeneralAndAdministrative": "2362000000", "researchAndDevelopment": "153000000", "operatingExpenses": "9568000000", "investmentIncomeNet": "None", "netInterestIncome": "None", "interestIncome": "None", "interestExpense": "1053000000", "nonInterestIncome": "None", "otherNonOperatingIncome": "None", "depreciation": "None", "depreciationAndAmortization": "212000000", "incomeBeforeTax": "6942000000", "incomeTaxExpense": "2407000000", "interestAndDebtExpense": "None", "netIncomeFromContinuingOperations": "None", "comprehensiveIncomeNetOfTax": "None", "ebit": "7995000000", "ebitda": "8207000000", "netIncome": "4535000000"}, {"fiscalDateEnding": "2012-12-31", "reportedCurrency": "USD", "grossProfit": "9563000000", "totalRevenue": "17500000000", "costOfRevenue": "7937000000", "costofGoodsAndServicesSold": "7937000000", "operatingIncome": "7253000000", "sellingGeneralAndAdministrative": "2249000000", "researchAndDevelopment": "136000000", "operatingExpenses": "10186000000", "investmentIncomeNet": "None", "netInterestIncome": "None", "interestIncome": "None", "interestExpense": "1128000000", "nonInterestIncome": "None", "otherNonOperatingIncome": "None", "depreciation": "None", "depreciationAndAmortization": "225000000", "incomeBeforeTax": "6477000000", "incomeTaxExpense": "2294000000", "interestAndDebtExpense": "None", "netIncomeFromContinuingOperations": "None", "comprehensiveIncomeNetOfTax": "None", "ebit": "7602000000", "ebitda": "7827000000", "netIncome": "4180000000"}, {"fiscalDateEnding": "2011-12-31", "reportedCurrency": "USD", "grossProfit": "8939000000", "totalRevenue": "16619000000", "costOfRevenue": "7680000000", "costofGoodsAndServicesSold": "7680000000", "operatingIncome": "6068000000", "sellingGeneralAndAdministrative": "2663000000", "researchAndDevelopment": "128000000", "operatingExpenses": "10343000000", "investmentIncomeNet": "None", "netInterestIncome": "None", "interestIncome": "None", "interestExpense": "1220000000", "nonInterestIncome": "None", "otherNonOperatingIncome": "730000000", "depreciation": "None", "depreciationAndAmortization": "253000000", "incomeBeforeTax": "5582000000", "incomeTaxExpense": "2189000000", "interestAndDebtExpense": "None", "netIncomeFromContinuingOperations": "3393000000", "comprehensiveIncomeNetOfTax": "None", "ebit": "6799000000", "ebitda": "7052000000", "netIncome": "3390000000"}, {"fiscalDateEnding": "2010-12-31", "reportedCurrency": "USD", "grossProfit": "9188000000", "totalRevenue": "16892000000", "costOfRevenue": "7704000000", "costofGoodsAndServicesSold": "7704000000", "operatingIncome": "6228000000", "sellingGeneralAndAdministrative": "2924000000", "researchAndDevelopment": "144000000", "operatingExpenses": "10628000000", "investmentIncomeNet": "None", "netInterestIncome": "None", "interestIncome": "None", "interestExpense": "1136000000", "nonInterestIncome": "None", "otherNonOperatingIncome": "628000000", "depreciation": "None", "depreciationAndAmortization": "276000000", "incomeBeforeTax": "5723000000", "incomeTaxExpense": "1816000000", "interestAndDebtExpense": "None", "netIncomeFromContinuingOperations": "3907000000", "comprehensiveIncomeNetOfTax": "None", "ebit": "6857000000", "ebitda": "7133000000", "netIncome": "3905000000"}, {"fiscalDateEnding": "2009-12-31", "reportedCurrency": "USD", "grossProfit": "8834000000", "totalRevenue": "16824000000", "costOfRevenue": "7990000000", "costofGoodsAndServicesSold": "7990000000", "operatingIncome": "5462000000", "sellingGeneralAndAdministrative": "2951000000", "researchAndDevelopment": "177000000", "operatingExpenses": "10941000000", "investmentIncomeNet": "None", "netInterestIncome": "None", "interestIncome": "None", "interestExpense": "1189000000", "nonInterestIncome": "None", "otherNonOperatingIncome": "600000000", "depreciation": "None", "depreciationAndAmortization": "291000000", "incomeBeforeTax": "4877000000", "incomeTaxExpense": "1669000000", "interestAndDebtExpense": "None", "netIncomeFromContinuingOperations": "3208000000", "comprehensiveIncomeNetOfTax": "None", "ebit": "6064000000", "ebitda": "6355000000", "netIncome": "3206000000"}, {"fiscalDateEnding": "2008-12-31", "reportedCurrency": "USD", "grossProfit": "7687000000", "totalRevenue": "15957000000", "costOfRevenue": "8270000000", "costofGoodsAndServicesSold": "8270000000", "operatingIncome": "4882000000", "sellingGeneralAndAdministrative": "2356000000", "researchAndDevelopment": "232000000", "operatingExpenses": "10626000000", "investmentIncomeNet": "None", "netInterestIncome": "None", "interestIncome": "None", "interestExpense": "237000000", "nonInterestIncome": "None", "otherNonOperatingIncome": "None", "depreciation": "None", "depreciationAndAmortization": "215000000", "incomeBeforeTax": "4789000000", "incomeTaxExpense": "1699000000", "interestAndDebtExpense": "None", "netIncomeFromContinuingOperations": "None", "comprehensiveIncomeNetOfTax": "None", "ebit": "6866000000", "ebitda": "7081000000", "netIncome": "4930000000"}, {"fiscalDateEnding": "2007-12-31", "reportedCurrency": "USD", "grossProfit": "21504000000", "totalRevenue": "38051000000", "costOfRevenue": "16547000000", "costofGoodsAndServicesSold": "16547000000", "operatingIncome": "13235000000", "sellingGeneralAndAdministrative": "8269000000", "researchAndDevelopment": "631000000", "operatingExpenses": "24816000000", "investmentIncomeNet": "None", "netInterestIncome": "None", "interestIncome": "None", "interestExpense": "475000000", "nonInterestIncome": "None", "otherNonOperatingIncome": "None", "depreciation": "None", "depreciationAndAmortization": "980000000", "incomeBeforeTax": "13020000000", "incomeTaxExpense": "4096000000", "interestAndDebtExpense": "None", "netIncomeFromContinuingOperations": "None", "comprehensiveIncomeNetOfTax": "None", "ebit": "13882000000", "ebitda": "14862000000", "netIncome": "9786000000"}, {"fiscalDateEnding": "2006-12-31", "reportedCurrency": "USD", "grossProfit": "32844000000", "totalRevenue": "70324000000", "costOfRevenue": "37480000000", "costofGoodsAndServicesSold": "37480000000", "operatingIncome": "17413000000", "sellingGeneralAndAdministrative": "16036000000", "researchAndDevelopment": "1005000000", "operatingExpenses": "53516000000", "investmentIncomeNet": "None", "netInterestIncome": "None", "interestIncome": "None", "interestExpense": "629000000", "nonInterestIncome": "None", "otherNonOperatingIncome": "None", "depreciation": "None", "depreciationAndAmortization": "1804000000", "incomeBeforeTax": "16536000000", "incomeTaxExpense": "4351000000", "interestAndDebtExpense": "None", "netIncomeFromContinuingOperations": "None", "comprehensiveIncomeNetOfTax": "None", "ebit": "16373000000", "ebitda": "18177000000", "netIncome": "12022000000"}, {"fiscalDateEnding": "2005-12-31", "reportedCurrency": "USD", "grossProfit": "32156000000", "totalRevenue": "68920000000", "costOfRevenue": "36764000000", "costofGoodsAndServicesSold": "36764000000", "operatingIncome": "16592000000", "sellingGeneralAndAdministrative": "15672000000", "researchAndDevelopment": "943000000", "operatingExpenses": "52436000000", "investmentIncomeNet": "None", "netInterestIncome": "None", "interestIncome": "None", "interestExpense": "0", "nonInterestIncome": "None", "otherNonOperatingIncome": "None", "depreciation": "None", "depreciationAndAmortization": "1675000000", "incomeBeforeTax": "15435000000", "incomeTaxExpense": "4618000000", "interestAndDebtExpense": "None", "netIncomeFromContinuingOperations": "None", "comprehensiveIncomeNetOfTax": "None", "ebit": "15053000000", "ebitda": "16728000000", "netIncome": "10435000000"}], "quarterlyReports": [{"fiscalDateEnding": "2024-12-31", "reportedCurrency": "USD", "grossProfit": "3604000000", "totalRevenue": "5106000000", "costOfRevenue": "1502000000", "costofGoodsAndServicesSold": "1502000000", "operatingIncome": "2882000000", "sellingGeneralAndAdministrative": "35000000", "researchAndDevelopment": "None", "operatingExpenses": "722000000", "investmentIncomeNet": "None", "netInterestIncome": "-255000000", "interestIncome": "None", "interestExpense": "342000000", "nonInterestIncome": "None", "otherNonOperatingIncome": "None", "depreciation": "None", "depreciationAndAmortization": "73000000", "incomeBeforeTax": "2777000000", "incomeTaxExpense": "-262000000", "interestAndDebtExpense": "None", "netIncomeFromContinuingOperations": "3039000000", "comprehensiveIncomeNetOfTax": "None", "ebit": "3119000000", "ebitda": "3192000000", "netIncome": "3039000000"}, {"fiscalDateEnding": "2024-09-30", "reportedCurrency": "USD", "grossProfit": "3808000000", "totalRevenue": "5344000000", "costOfRevenue": "1536000000", "costofGoodsAndServicesSold": "1536000000", "operatingIncome": "3152000000", "sellingGeneralAndAdministrative": "25000000", "researchAndDevelopment": "None", "operatingExpenses": "656000000", "investmentIncomeNet": "None", "netInterestIncome": "-267000000", "interestIncome": "None", "interestExpense": "267000000", "nonInterestIncome": "None", "otherNonOperatingIncome": "None", "depreciation": "None", "depreciationAndAmortization": "74000000", "incomeBeforeTax": "3026000000", "incomeTaxExpense": "733000000", "interestAndDebtExpense": "None", "netIncomeFromContinuingOperations": "2293000000", "comprehensiveIncomeNetOfTax": "None", "ebit": "3293000000", "ebitda": "3367000000", "netIncome": "2293000000"}, {"fiscalDateEnding": "2024-06-30", "reportedCurrency": "USD", "grossProfit": "3675000000", "totalRevenue": "5277000000", "costOfRevenue": "1602000000", "costofGoodsAndServicesSold": "1602000000", "operatingIncome": "2533000000", "sellingGeneralAndAdministrative": "25000000", "researchAndDevelopment": "53000000", "operatingExpenses": "1142000000", "investmentIncomeNet": "None", "netInterestIncome": "-261000000", "interestIncome": "None", "interestExpense": "261000000", "nonInterestIncome": "None", "otherNonOperatingIncome": "None", "depreciation": "None", "depreciationAndAmortization": "74000000", "incomeBeforeTax": "5116000000", "incomeTaxExpense": "1313000000", "interestAndDebtExpense": "None", "netIncomeFromContinuingOperations": "3803000000", "comprehensiveIncomeNetOfTax": "None", "ebit": "5377000000", "ebitda": "5451000000", "netIncome": "3803000000"}, {"fiscalDateEnding": "2024-03-31", "reportedCurrency": "USD", "grossProfit": "3280000000", "totalRevenue": "4717000000", "costOfRevenue": "1437000000", "costofGoodsAndServicesSold": "1437000000", "operatingIncome": "2674000000", "sellingGeneralAndAdministrative": "24000000", "researchAndDevelopment": "220000000", "operatingExpenses": "606000000", "investmentIncomeNet": "None", "netInterestIncome": "-254000000", "interestIncome": "None", "interestExpense": "254000000", "nonInterestIncome": "None", "otherNonOperatingIncome": "None", "depreciation": "None", "depreciationAndAmortization": "65000000", "incomeBeforeTax": "2739000000", "incomeTaxExpense": "610000000", "interestAndDebtExpense": "None", "netIncomeFromContinuingOperations": "2129000000", "comprehensiveIncomeNetOfTax": "None", "ebit": "2993000000", "ebitda": "3058000000", "netIncome": "2129000000"}, {"fiscalDateEnding": "2023-12-31", "reportedCurrency": "USD", "grossProfit": "3458000000", "totalRevenue": "5024000000", "costOfRevenue": "1566000000", "costofGoodsAndServicesSold": "1566000000", "operatingIncome": "3676000000", "sellingGeneralAndAdministrative": "167000000", "researchAndDevelopment": "220000000", "operatingExpenses": "-218000000", "investmentIncomeNet": "None", "netInterestIncome": "-231000000", "interestIncome": "None", "interestExpense": "231000000", "nonInterestIncome": "None", "otherNonOperatingIncome": "None", "depreciation": "None", "depreciationAndAmortization": "43812", "incomeBeforeTax": "2735000000", "incomeTaxExpense": "675000000", "interestAndDebtExpense": "None", "netIncomeFromContinuingOperations": "2060000000", "comprehensiveIncomeNetOfTax": "None", "ebit": "3753956188", "ebitda": "3754000000", "netIncome": "2060000000"}, {"fiscalDateEnding": "2023-09-30", "reportedCurrency": "USD", "grossProfit": "3699000000", "totalRevenue": "5277000000", "costOfRevenue": "1578000000", "costofGoodsAndServicesSold": "1578000000", "operatingIncome": "3089000000", "sellingGeneralAndAdministrative": "33000000", "researchAndDevelopment": "None", "operatingExpenses": "610000000", "investmentIncomeNet": "None", "netInterestIncome": "-272000000", "interestIncome": "214000000", "interestExpense": "272000000", "nonInterestIncome": "None", "otherNonOperatingIncome": "None", "depreciation": "None", "depreciationAndAmortization": "80000000", "incomeBeforeTax": "2908000000", "incomeTaxExpense": "742000000", "interestAndDebtExpense": "None", "netIncomeFromContinuingOperations": "2166000000", "comprehensiveIncomeNetOfTax": "None", "ebit": "3180000000", "ebitda": "3260000000", "netIncome": "2166000000"}, {"fiscalDateEnding": "2023-06-30", "reportedCurrency": "USD", "grossProfit": "3757000000", "totalRevenue": "5438000000", "costOfRevenue": "1681000000", "costofGoodsAndServicesSold": "1681000000", "operatingIncome": "2905000000", "sellingGeneralAndAdministrative": "31000000", "researchAndDevelopment": "None", "operatingExpenses": "852000000", "investmentIncomeNet": "None", "netInterestIncome": "-257000000", "interestIncome": "130000000", "interestExpense": "257000000", "nonInterestIncome": "None", "otherNonOperatingIncome": "None", "depreciation": "None", "depreciationAndAmortization": "62000000", "incomeBeforeTax": "2806000000", "incomeTaxExpense": "689000000", "interestAndDebtExpense": "None", "netIncomeFromContinuingOperations": "2117000000", "comprehensiveIncomeNetOfTax": "None", "ebit": "3063000000", "ebitda": "3125000000", "netIncome": "2117000000"}, {"fiscalDateEnding": "2023-03-31", "reportedCurrency": "USD", "grossProfit": "3329000000", "totalRevenue": "4763000000", "costOfRevenue": "1434000000", "costofGoodsAndServicesSold": "1434000000", "operatingIncome": "2757000000", "sellingGeneralAndAdministrative": "541000000", "researchAndDevelopment": "None", "operatingExpenses": "572000000", "investmentIncomeNet": "None", "netInterestIncome": "-229000000", "interestIncome": "309000000", "interestExpense": "229000000", "nonInterestIncome": "None", "otherNonOperatingIncome": "None", "depreciation": "None", "depreciationAndAmortization": "52000000", "incomeBeforeTax": "2479000000", "incomeTaxExpense": "692000000", "interestAndDebtExpense": "None", "netIncomeFromContinuingOperations": "1787000000", "comprehensiveIncomeNetOfTax": "None", "ebit": "2708000000", "ebitda": "2760000000", "netIncome": "1787000000"}, {"fiscalDateEnding": "2022-12-31", "reportedCurrency": "USD", "grossProfit": "3510000000", "totalRevenue": "5083000000", "costOfRevenue": "1573000000", "costofGoodsAndServicesSold": "1573000000", "operatingIncome": "2818000000", "sellingGeneralAndAdministrative": "443000000", "researchAndDevelopment": "162000000", "operatingExpenses": "508000000", "investmentIncomeNet": "None", "netInterestIncome": "-226000000", "interestIncome": "161000000", "interestExpense": "296000000", "nonInterestIncome": "None", "otherNonOperatingIncome": "None", "depreciation": "None", "depreciationAndAmortization": "63000000", "incomeBeforeTax": "2704000000", "incomeTaxExpense": "14000000", "interestAndDebtExpense": "None", "netIncomeFromContinuingOperations": "2690000000", "comprehensiveIncomeNetOfTax": "None", "ebit": "3025000000", "ebitda": "3088000000", "netIncome": "2690000000"}, {"fiscalDateEnding": "2022-09-30", "reportedCurrency": "USD", "grossProfit": "3697000000", "totalRevenue": "5412000000", "costOfRevenue": "1715000000", "costofGoodsAndServicesSold": "1715000000", "operatingIncome": "678000000", "sellingGeneralAndAdministrative": "44000000", "researchAndDevelopment": "None", "operatingExpenses": "585000000", "investmentIncomeNet": "None", "netInterestIncome": "-271000000", "interestIncome": "2649000000", "interestExpense": "271000000", "nonInterestIncome": "None", "otherNonOperatingIncome": "None", "depreciation": "None", "depreciationAndAmortization": "54000000", "incomeBeforeTax": "407000000", "incomeTaxExpense": "183000000", "interestAndDebtExpense": "None", "netIncomeFromContinuingOperations": "224000000", "comprehensiveIncomeNetOfTax": "None", "ebit": "678000000", "ebitda": "732000000", "netIncome": "221000000"}, {"fiscalDateEnding": "2022-06-30", "reportedCurrency": "USD", "grossProfit": "3666000000", "totalRevenue": "5374000000", "costOfRevenue": "1708000000", "costofGoodsAndServicesSold": "1708000000", "operatingIncome": "3105000000", "sellingGeneralAndAdministrative": "47000000", "researchAndDevelopment": "None", "operatingExpenses": "514000000", "investmentIncomeNet": "None", "netInterestIncome": "-280000000", "interestIncome": "388000000", "interestExpense": "280000000", "nonInterestIncome": "None", "otherNonOperatingIncome": "-4000000", "depreciation": "None", "depreciationAndAmortization": "57000000", "incomeBeforeTax": "1605000000", "incomeTaxExpense": "714000000", "interestAndDebtExpense": "None", "netIncomeFromContinuingOperations": "891000000", "comprehensiveIncomeNetOfTax": "None", "ebit": "3197000000", "ebitda": "3254000000", "netIncome": "889000000"}, {"fiscalDateEnding": "2022-03-31", "reportedCurrency": "USD", "grossProfit": "3373000000", "totalRevenue": "4819000000", "costOfRevenue": "1446000000", "costofGoodsAndServicesSold": "1446000000", "operatingIncome": "2884000000", "sellingGeneralAndAdministrative": "443000000", "researchAndDevelopment": "None", "operatingExpenses": "443000000", "investmentIncomeNet": "None", "netInterestIncome": "-281000000", "interestIncome": "147000000", "interestExpense": "281000000", "nonInterestIncome": "None", "otherNonOperatingIncome": "-10000000", "depreciation": "None", "depreciationAndAmortization": "52000000", "incomeBeforeTax": "2673000000", "incomeTaxExpense": "714000000", "interestAndDebtExpense": "None", "netIncomeFromContinuingOperations": "1959000000", "comprehensiveIncomeNetOfTax": "None", "ebit": "2882000000", "ebitda": "2934000000", "netIncome": "1955000000"}, {"fiscalDateEnding": "2021-12-31", "reportedCurrency": "USD", "grossProfit": "3315000000", "totalRevenue": "5086000000", "costOfRevenue": "1771000000", "costofGoodsAndServicesSold": "1771000000", "operatingIncome": "2733000000", "sellingGeneralAndAdministrative": "90000000", "researchAndDevelopment": "145000000", "operatingExpenses": "582000000", "investmentIncomeNet": "None", "netInterestIncome": "-293000000", "interestIncome": "520000000", "interestExpense": "319000000", "nonInterestIncome": "None", "otherNonOperatingIncome": "-20000000", "depreciation": "None", "depreciationAndAmortization": "54000000", "incomeBeforeTax": "2280000000", "incomeTaxExpense": "656000000", "interestAndDebtExpense": "None", "netIncomeFromContinuingOperations": "1624000000", "comprehensiveIncomeNetOfTax": "None", "ebit": "2872000000", "ebitda": "2926000000", "netIncome": "1621000000"}, {"fiscalDateEnding": "2021-09-30", "reportedCurrency": "USD", "grossProfit": "3673000000", "totalRevenue": "5531000000", "costOfRevenue": "1858000000", "costofGoodsAndServicesSold": "1858000000", "operatingIncome": "2951000000", "sellingGeneralAndAdministrative": "556000000", "researchAndDevelopment": "None", "operatingExpenses": "722000000", "investmentIncomeNet": "None", "netInterestIncome": "-266000000", "interestIncome": "6181000000", "interestExpense": "266000000", "nonInterestIncome": "None", "otherNonOperatingIncome": "-135000000", "depreciation": "None", "depreciationAndAmortization": "62000000", "incomeBeforeTax": "-3302000000", "incomeTaxExpense": "-582000000", "interestAndDebtExpense": "None", "netIncomeFromContinuingOperations": "-2720000000", "comprehensiveIncomeNetOfTax": "None", "ebit": "-3036000000", "ebitda": "-2974000000", "netIncome": "-2722000000"}, {"fiscalDateEnding": "2021-06-30", "reportedCurrency": "USD", "grossProfit": "3732000000", "totalRevenue": "5614000000", "costOfRevenue": "1882000000", "costofGoodsAndServicesSold": "1882000000", "operatingIncome": "3186000000", "sellingGeneralAndAdministrative": "546000000", "researchAndDevelopment": "None", "operatingExpenses": "546000000", "investmentIncomeNet": "None", "netInterestIncome": "-295000000", "interestIncome": "220000000", "interestExpense": "295000000", "nonInterestIncome": "None", "otherNonOperatingIncome": "-103000000", "depreciation": "None", "depreciationAndAmortization": "65000000", "incomeBeforeTax": "2909000000", "incomeTaxExpense": "759000000", "interestAndDebtExpense": "None", "netIncomeFromContinuingOperations": "2150000000", "comprehensiveIncomeNetOfTax": "None", "ebit": "3240000000", "ebitda": "3305000000", "netIncome": "2146000000"}, {"fiscalDateEnding": "2021-03-31", "reportedCurrency": "USD", "grossProfit": "3272000000", "totalRevenue": "4880000000", "costOfRevenue": "1608000000", "costofGoodsAndServicesSold": "1608000000", "operatingIncome": "2690000000", "sellingGeneralAndAdministrative": "539000000", "researchAndDevelopment": "None", "operatingExpenses": "582000000", "investmentIncomeNet": "None", "netInterestIncome": "-308000000", "interestIncome": "220000000", "interestExpense": "308000000", "nonInterestIncome": "None", "otherNonOperatingIncome": "-539000000", "depreciation": "None", "depreciationAndAmortization": "63000000", "incomeBeforeTax": "1937000000", "incomeTaxExpense": "516000000", "interestAndDebtExpense": "None", "netIncomeFromContinuingOperations": "1421000000", "comprehensiveIncomeNetOfTax": "None", "ebit": "2773000000", "ebitda": "2836000000", "netIncome": "1421000000"}, {"fiscalDateEnding": "2020-12-31", "reportedCurrency": "USD", "grossProfit": "3146000000", "totalRevenue": "5055000000", "costOfRevenue": "1909000000", "costofGoodsAndServicesSold": "1909000000", "operatingIncome": "2581000000", "sellingGeneralAndAdministrative": "77000000", "researchAndDevelopment": "131000000", "operatingExpenses": "569000000", "investmentIncomeNet": "None", "netInterestIncome": "-316000000", "interestIncome": "120000000", "interestExpense": "316000000", "nonInterestIncome": "None", "otherNonOperatingIncome": "368000000", "depreciation": "None", "depreciationAndAmortization": "65000000", "incomeBeforeTax": "2541000000", "incomeTaxExpense": "619000000", "interestAndDebtExpense": "None", "netIncomeFromContinuingOperations": "806000000", "comprehensiveIncomeNetOfTax": "None", "ebit": "-1038000000", "ebitda": "-973000000", "netIncome": "1922000000"}, {"fiscalDateEnding": "2020-09-30", "reportedCurrency": "USD", "grossProfit": "3717000000", "totalRevenue": "5678000000", "costOfRevenue": "1961000000", "costofGoodsAndServicesSold": "1961000000", "operatingIncome": "3160000000", "sellingGeneralAndAdministrative": "60000000", "researchAndDevelopment": "None", "operatingExpenses": "557000000", "investmentIncomeNet": "None", "netInterestIncome": "-310000000", "interestIncome": "782000000", "interestExpense": "310000000", "nonInterestIncome": "None", "otherNonOperatingIncome": "-577000000", "depreciation": "None", "depreciationAndAmortization": "62000000", "incomeBeforeTax": "-324000000", "incomeTaxExpense": "632000000", "interestAndDebtExpense": "None", "netIncomeFromContinuingOperations": "-956000000", "comprehensiveIncomeNetOfTax": "None", "ebit": "-14000000", "ebitda": "48000000", "netIncome": "-952000000"}, {"fiscalDateEnding": "2020-06-30", "reportedCurrency": "USD", "grossProfit": "3287000000", "totalRevenue": "5062000000", "costOfRevenue": "1775000000", "costofGoodsAndServicesSold": "1775000000", "operatingIncome": "2796000000", "sellingGeneralAndAdministrative": "45000000", "researchAndDevelopment": "None", "operatingExpenses": "491000000", "investmentIncomeNet": "None", "netInterestIncome": "-308000000", "interestIncome": "298000000", "interestExpense": "308000000", "nonInterestIncome": "None", "otherNonOperatingIncome": "49000000", "depreciation": "None", "depreciationAndAmortization": "65000000", "incomeBeforeTax": "2565000000", "incomeTaxExpense": "627000000", "interestAndDebtExpense": "None", "netIncomeFromContinuingOperations": "1938000000", "comprehensiveIncomeNetOfTax": "None", "ebit": "2796000000", "ebitda": "2861000000", "netIncome": "1940000000"}, {"fiscalDateEnding": "2020-03-31", "reportedCurrency": "USD", "grossProfit": "2873000000", "totalRevenue": "5046000000", "costOfRevenue": "2173000000", "costofGoodsAndServicesSold": "2173000000", "operatingIncome": "2336000000", "sellingGeneralAndAdministrative": "537000000", "researchAndDevelopment": "None", "operatingExpenses": "537000000", "investmentIncomeNet": "None", "netInterestIncome": "-275000000", "interestIncome": "113000000", "interestExpense": "275000000", "nonInterestIncome": "None", "otherNonOperatingIncome": "20000000", "depreciation": "None", "depreciationAndAmortization": "65000000", "incomeBeforeTax": "2108000000", "incomeTaxExpense": "558000000", "interestAndDebtExpense": "None", "netIncomeFromContinuingOperations": "2666000000", "comprehensiveIncomeNetOfTax": "None", "ebit": "2777000000", "ebitda": "2842000000", "netIncome": "1550000000"}, {"fiscalDateEnding": "2019-12-31", "reportedCurrency": "USD", "grossProfit": "3084000000", "totalRevenue": "4802000000", "costOfRevenue": "1718000000", "costofGoodsAndServicesSold": "1718000000", "operatingIncome": "2427000000", "sellingGeneralAndAdministrative": "45000000", "researchAndDevelopment": "168000000", "operatingExpenses": "572000000", "investmentIncomeNet": "None", "netInterestIncome": "-291000000", "interestIncome": "559000000", "interestExpense": "291000000", "nonInterestIncome": "None", "otherNonOperatingIncome": "None", "depreciation": "None", "depreciationAndAmortization": "63000000", "incomeBeforeTax": "-1223000000", "incomeTaxExpense": "591000000", "interestAndDebtExpense": "None", "netIncomeFromContinuingOperations": "-1814000000", "comprehensiveIncomeNetOfTax": "None", "ebit": "-932000000", "ebitda": "-869000000", "netIncome": "-1809000000"}, {"fiscalDateEnding": "2019-09-30", "reportedCurrency": "USD", "grossProfit": "3497000000", "totalRevenue": "5412000000", "costOfRevenue": "1915000000", "costofGoodsAndServicesSold": "1915000000", "operatingIncome": "2944000000", "sellingGeneralAndAdministrative": "552000000", "researchAndDevelopment": "None", "operatingExpenses": "552000000", "investmentIncomeNet": "None", "netInterestIncome": "-293000000", "interestIncome": "46000000", "interestExpense": "293000000", "nonInterestIncome": "None", "otherNonOperatingIncome": "-303000000", "depreciation": "None", "depreciationAndAmortization": "57000000", "incomeBeforeTax": "-2128000000", "incomeTaxExpense": "474000000", "interestAndDebtExpense": "None", "netIncomeFromContinuingOperations": "-1654000000", "comprehensiveIncomeNetOfTax": "None", "ebit": "2976000000", "ebitda": "3033000000", "netIncome": "-2600000000"}, {"fiscalDateEnding": "2019-06-30", "reportedCurrency": "USD", "grossProfit": "3319000000", "totalRevenue": "5193000000", "costOfRevenue": "1874000000", "costofGoodsAndServicesSold": "1874000000", "operatingIncome": "2717000000", "sellingGeneralAndAdministrative": "569000000", "researchAndDevelopment": "None", "operatingExpenses": "569000000", "investmentIncomeNet": "None", "netInterestIncome": "-312000000", "interestIncome": "138000000", "interestExpense": "312000000", "nonInterestIncome": "None", "otherNonOperatingIncome": "181000000", "depreciation": "None", "depreciationAndAmortization": "53000000", "incomeBeforeTax": "2601000000", "incomeTaxExpense": "604000000", "interestAndDebtExpense": "None", "netIncomeFromContinuingOperations": "3205000000", "comprehensiveIncomeNetOfTax": "None", "ebit": "2802000000", "ebitda": "2855000000", "netIncome": "1994000000"}, {"fiscalDateEnding": "2019-03-31", "reportedCurrency": "USD", "grossProfit": "2811000000", "totalRevenue": "4389000000", "costOfRevenue": "1578000000", "costofGoodsAndServicesSold": "1578000000", "operatingIncome": "2238000000", "sellingGeneralAndAdministrative": "525000000", "researchAndDevelopment": "252000000", "operatingExpenses": "533000000", "investmentIncomeNet": "None", "netInterestIncome": "-384000000", "interestIncome": "None", "interestExpense": "384000000", "nonInterestIncome": "None", "otherNonOperatingIncome": "-339000000", "depreciation": "None", "depreciationAndAmortization": "53000000", "incomeBeforeTax": "1516000000", "incomeTaxExpense": "395000000", "interestAndDebtExpense": "None", "netIncomeFromContinuingOperations": "1911000000", "comprehensiveIncomeNetOfTax": "None", "ebit": "2303000000", "ebitda": "2356000000", "netIncome": "1118000000"}, {"fiscalDateEnding": "2018-12-31", "reportedCurrency": "USD", "grossProfit": "2922000000", "totalRevenue": "4786000000", "costOfRevenue": "1864000000", "costofGoodsAndServicesSold": "1864000000", "operatingIncome": "1744000000", "sellingGeneralAndAdministrative": "789000000", "researchAndDevelopment": "252000000", "operatingExpenses": "797000000", "investmentIncomeNet": "None", "netInterestIncome": "None", "interestIncome": "None", "interestExpense": "162000000", "nonInterestIncome": "None", "otherNonOperatingIncome": "131000000", "depreciation": "None", "depreciationAndAmortization": "8000000", "incomeBeforeTax": "1710000000", "incomeTaxExpense": "459000000", "interestAndDebtExpense": "None", "netIncomeFromContinuingOperations": "2169000000", "comprehensiveIncomeNetOfTax": "None", "ebit": "2253000000", "ebitda": "2261000000", "netIncome": "1249000000"}, {"fiscalDateEnding": "2018-09-30", "reportedCurrency": "USD", "grossProfit": "3255000000", "totalRevenue": "5292000000", "costOfRevenue": "2037000000", "costofGoodsAndServicesSold": "2037000000", "operatingIncome": "2557000000", "sellingGeneralAndAdministrative": "700000000", "researchAndDevelopment": "0", "operatingExpenses": "700000000", "investmentIncomeNet": "None", "netInterestIncome": "None", "interestIncome": "None", "interestExpense": "159000000", "nonInterestIncome": "None", "otherNonOperatingIncome": "189000000", "depreciation": "None", "depreciationAndAmortization": "64000000", "incomeBeforeTax": "2608000000", "incomeTaxExpense": "664000000", "interestAndDebtExpense": "None", "netIncomeFromContinuingOperations": "3272000000", "comprehensiveIncomeNetOfTax": "None", "ebit": "2595000000", "ebitda": "2659000000", "netIncome": "1941000000"}, {"fiscalDateEnding": "2018-06-30", "reportedCurrency": "USD", "grossProfit": "3141000000", "totalRevenue": "4879000000", "costOfRevenue": "1738000000", "costofGoodsAndServicesSold": "1738000000", "operatingIncome": "2498000000", "sellingGeneralAndAdministrative": "641000000", "researchAndDevelopment": "0", "operatingExpenses": "641000000", "investmentIncomeNet": "None", "netInterestIncome": "None", "interestIncome": "None", "interestExpense": "178000000", "nonInterestIncome": "None", "otherNonOperatingIncome": "228000000", "depreciation": "None", "depreciationAndAmortization": "51000000", "incomeBeforeTax": "2557000000", "incomeTaxExpense": "680000000", "interestAndDebtExpense": "None", "netIncomeFromContinuingOperations": "3237000000", "comprehensiveIncomeNetOfTax": "None", "ebit": "2496000000", "ebitda": "2547000000", "netIncome": "1873000000"}, {"fiscalDateEnding": "2018-03-31", "reportedCurrency": "USD", "grossProfit": "2936000000", "totalRevenue": "4670000000", "costOfRevenue": "1734000000", "costofGoodsAndServicesSold": "1734000000", "operatingIncome": "2316000000", "sellingGeneralAndAdministrative": "613000000", "researchAndDevelopment": "0", "operatingExpenses": "618000000", "investmentIncomeNet": "None", "netInterestIncome": "None", "interestIncome": "None", "interestExpense": "166000000", "nonInterestIncome": "None", "otherNonOperatingIncome": "342000000", "depreciation": "None", "depreciationAndAmortization": "5000000", "incomeBeforeTax": "2466000000", "incomeTaxExpense": "571000000", "interestAndDebtExpense": "None", "netIncomeFromContinuingOperations": "3037000000", "comprehensiveIncomeNetOfTax": "None", "ebit": "2330000000", "ebitda": "2335000000", "netIncome": "1892000000"}, {"fiscalDateEnding": "2017-12-31", "reportedCurrency": "USD", "grossProfit": "2870000000", "totalRevenue": "4714000000", "costOfRevenue": "1844000000", "costofGoodsAndServicesSold": "1844000000", "operatingIncome": "2163000000", "sellingGeneralAndAdministrative": "698000000", "researchAndDevelopment": "241000000", "operatingExpenses": "698000000", "investmentIncomeNet": "None", "netInterestIncome": "None", "interestIncome": "None", "interestExpense": "211000000", "nonInterestIncome": "None", "otherNonOperatingIncome": "200000000", "depreciation": "None", "depreciationAndAmortization": "54000000", "incomeBeforeTax": "2183000000", "incomeTaxExpense": "-2785000000", "interestAndDebtExpense": "None", "netIncomeFromContinuingOperations": "-602000000", "comprehensiveIncomeNetOfTax": "None", "ebit": "2486000000", "ebitda": "2540000000", "netIncome": "4959000000"}, {"fiscalDateEnding": "2017-09-30", "reportedCurrency": "USD", "grossProfit": "3183000000", "totalRevenue": "5123000000", "costOfRevenue": "1940000000", "costofGoodsAndServicesSold": "1940000000", "operatingIncome": "2607000000", "sellingGeneralAndAdministrative": "568000000", "researchAndDevelopment": "0", "operatingExpenses": "568000000", "investmentIncomeNet": "None", "netInterestIncome": "None", "interestIncome": "None", "interestExpense": "169000000", "nonInterestIncome": "None", "otherNonOperatingIncome": "169000000", "depreciation": "None", "depreciationAndAmortization": "51000000", "incomeBeforeTax": "2644000000", "incomeTaxExpense": "777000000", "interestAndDebtExpense": "None", "netIncomeFromContinuingOperations": "3421000000", "comprehensiveIncomeNetOfTax": "None", "ebit": "2625000000", "ebitda": "2676000000", "netIncome": "1864000000"}, {"fiscalDateEnding": "2017-06-30", "reportedCurrency": "USD", "grossProfit": "3119000000", "totalRevenue": "5068000000", "costOfRevenue": "1949000000", "costofGoodsAndServicesSold": "1949000000", "operatingIncome": "2539000000", "sellingGeneralAndAdministrative": "563000000", "researchAndDevelopment": "0", "operatingExpenses": "568000000", "investmentIncomeNet": "None", "netInterestIncome": "None", "interestIncome": "None", "interestExpense": "177000000", "nonInterestIncome": "None", "otherNonOperatingIncome": "140000000", "depreciation": "None", "depreciationAndAmortization": "5000000", "incomeBeforeTax": "2910000000", "incomeTaxExpense": "920000000", "interestAndDebtExpense": "None", "netIncomeFromContinuingOperations": "3830000000", "comprehensiveIncomeNetOfTax": "None", "ebit": "2630000000", "ebitda": "2635000000", "netIncome": "1986000000"}, {"fiscalDateEnding": "2017-03-31", "reportedCurrency": "USD", "grossProfit": "2779000000", "totalRevenue": "4589000000", "costOfRevenue": "1810000000", "costofGoodsAndServicesSold": "1810000000", "operatingIncome": "2247000000", "sellingGeneralAndAdministrative": "528000000", "researchAndDevelopment": "0", "operatingExpenses": "528000000", "investmentIncomeNet": "None", "netInterestIncome": "None", "interestIncome": "None", "interestExpense": "179000000", "nonInterestIncome": "None", "otherNonOperatingIncome": "23000000", "depreciation": "None", "depreciationAndAmortization": "52000000", "incomeBeforeTax": "2091000000", "incomeTaxExpense": "689000000", "interestAndDebtExpense": "None", "netIncomeFromContinuingOperations": "2780000000", "comprehensiveIncomeNetOfTax": "None", "ebit": "2243000000", "ebitda": "2295000000", "netIncome": "1399000000"}, {"fiscalDateEnding": "2016-12-31", "reportedCurrency": "USD", "grossProfit": "2828000000", "totalRevenue": "4733000000", "costOfRevenue": "1905000000", "costofGoodsAndServicesSold": "1905000000", "operatingIncome": "1993000000", "sellingGeneralAndAdministrative": "773000000", "researchAndDevelopment": "203000000", "operatingExpenses": "779000000", "investmentIncomeNet": "None", "netInterestIncome": "None", "interestIncome": "None", "interestExpense": "189000000", "nonInterestIncome": "None", "otherNonOperatingIncome": "None", "depreciation": "None", "depreciationAndAmortization": "55000000", "incomeBeforeTax": "15708000000", "incomeTaxExpense": "5430000000", "interestAndDebtExpense": "None", "netIncomeFromContinuingOperations": "13385000000", "comprehensiveIncomeNetOfTax": "None", "ebit": "2335000000", "ebitda": "2390000000", "netIncome": "10258000000"}, {"fiscalDateEnding": "2016-09-30", "reportedCurrency": "USD", "grossProfit": "3150000000", "totalRevenue": "5193000000", "costOfRevenue": "2043000000", "costofGoodsAndServicesSold": "2043000000", "operatingIncome": "2382000000", "sellingGeneralAndAdministrative": "766000000", "researchAndDevelopment": "0", "operatingExpenses": "766000000", "investmentIncomeNet": "None", "netInterestIncome": "None", "interestIncome": "None", "interestExpense": "179000000", "nonInterestIncome": "None", "otherNonOperatingIncome": "-476000000", "depreciation": "None", "depreciationAndAmortization": "51000000", "incomeBeforeTax": "1727000000", "incomeTaxExpense": "633000000", "interestAndDebtExpense": "None", "netIncomeFromContinuingOperations": "2360000000", "comprehensiveIncomeNetOfTax": "None", "ebit": "2429000000", "ebitda": "2480000000", "netIncome": "1092000000"}, {"fiscalDateEnding": "2016-06-30", "reportedCurrency": "USD", "grossProfit": "2957000000", "totalRevenue": "4881000000", "costOfRevenue": "1924000000", "costofGoodsAndServicesSold": "1924000000", "operatingIncome": "2410000000", "sellingGeneralAndAdministrative": "546000000", "researchAndDevelopment": "0", "operatingExpenses": "546000000", "investmentIncomeNet": "None", "netInterestIncome": "None", "interestIncome": "None", "interestExpense": "192000000", "nonInterestIncome": "None", "otherNonOperatingIncome": "316000000", "depreciation": "None", "depreciationAndAmortization": "49000000", "incomeBeforeTax": "2534000000", "incomeTaxExpense": "880000000", "interestAndDebtExpense": "None", "netIncomeFromContinuingOperations": "3414000000", "comprehensiveIncomeNetOfTax": "None", "ebit": "2412000000", "ebitda": "2461000000", "netIncome": "1650000000"}, {"fiscalDateEnding": "2016-03-31", "reportedCurrency": "USD", "grossProfit": "2656000000", "totalRevenue": "4530000000", "costOfRevenue": "1874000000", "costofGoodsAndServicesSold": "1874000000", "operatingIncome": "1977000000", "sellingGeneralAndAdministrative": "559000000", "researchAndDevelopment": "0", "operatingExpenses": "559000000", "investmentIncomeNet": "None", "netInterestIncome": "None", "interestIncome": "None", "interestExpense": "200000000", "nonInterestIncome": "None", "otherNonOperatingIncome": "106000000", "depreciation": "None", "depreciationAndAmortization": "49000000", "incomeBeforeTax": "1883000000", "incomeTaxExpense": "665000000", "interestAndDebtExpense": "None", "netIncomeFromContinuingOperations": "2548000000", "comprehensiveIncomeNetOfTax": "None", "ebit": "2135000000", "ebitda": "2184000000", "netIncome": "1215000000"}, {"fiscalDateEnding": "2015-12-31", "reportedCurrency": "USD", "grossProfit": "2722000000", "totalRevenue": "4729000000", "costOfRevenue": "2007000000", "costofGoodsAndServicesSold": "2007000000", "operatingIncome": "1965000000", "sellingGeneralAndAdministrative": "752000000", "researchAndDevelopment": "186000000", "operatingExpenses": "757000000", "investmentIncomeNet": "None", "netInterestIncome": "None", "interestIncome": "None", "interestExpense": "208000000", "nonInterestIncome": "None", "otherNonOperatingIncome": "None", "depreciation": "None", "depreciationAndAmortization": "5000000", "incomeBeforeTax": "1973000000", "incomeTaxExpense": "725000000", "interestAndDebtExpense": "None", "netIncomeFromContinuingOperations": "5243000000", "comprehensiveIncomeNetOfTax": "None", "ebit": "2317000000", "ebitda": "2322000000", "netIncome": "1245000000"}, {"fiscalDateEnding": "2015-09-30", "reportedCurrency": "USD", "grossProfit": "3046000000", "totalRevenue": "4978000000", "costOfRevenue": "1932000000", "costofGoodsAndServicesSold": "1932000000", "operatingIncome": "2307000000", "sellingGeneralAndAdministrative": "733000000", "researchAndDevelopment": "0", "operatingExpenses": "739000000", "investmentIncomeNet": "None", "netInterestIncome": "None", "interestIncome": "None", "interestExpense": "205000000", "nonInterestIncome": "None", "otherNonOperatingIncome": "None", "depreciation": "None", "depreciationAndAmortization": "50000000", "incomeBeforeTax": "2289000000", "incomeTaxExpense": "761000000", "interestAndDebtExpense": "None", "netIncomeFromContinuingOperations": "0", "comprehensiveIncomeNetOfTax": "None", "ebit": "2307000000", "ebitda": "2357000000", "netIncome": "1525000000"}, {"fiscalDateEnding": "2015-06-30", "reportedCurrency": "USD", "grossProfit": "2871000000", "totalRevenue": "4875000000", "costOfRevenue": "2004000000", "costofGoodsAndServicesSold": "2004000000", "operatingIncome": "2224000000", "sellingGeneralAndAdministrative": "638000000", "researchAndDevelopment": "0", "operatingExpenses": "643000000", "investmentIncomeNet": "None", "netInterestIncome": "None", "interestIncome": "None", "interestExpense": "195000000", "nonInterestIncome": "None", "otherNonOperatingIncome": "225000000", "depreciation": "None", "depreciationAndAmortization": "51000000", "incomeBeforeTax": "2254000000", "incomeTaxExpense": "805000000", "interestAndDebtExpense": "None", "netIncomeFromContinuingOperations": "3059000000", "comprehensiveIncomeNetOfTax": "None", "ebit": "2233000000", "ebitda": "2284000000", "netIncome": "1445000000"}, {"fiscalDateEnding": "2015-03-31", "reportedCurrency": "USD", "grossProfit": "2475000000", "totalRevenue": "4272000000", "costOfRevenue": "1797000000", "costofGoodsAndServicesSold": "1797000000", "operatingIncome": "1865000000", "sellingGeneralAndAdministrative": "605000000", "researchAndDevelopment": "0", "operatingExpenses": "610000000", "investmentIncomeNet": "None", "netInterestIncome": "None", "interestIncome": "None", "interestExpense": "209000000", "nonInterestIncome": "None", "otherNonOperatingIncome": "-94000000", "depreciation": "None", "depreciationAndAmortization": "49000000", "incomeBeforeTax": "1562000000", "incomeTaxExpense": "544000000", "interestAndDebtExpense": "None", "netIncomeFromContinuingOperations": "2106000000", "comprehensiveIncomeNetOfTax": "None", "ebit": "1865000000", "ebitda": "1914000000", "netIncome": "1016000000"}, {"fiscalDateEnding": "2014-12-31", "reportedCurrency": "USD", "grossProfit": "2627000000", "totalRevenue": "4613000000", "costOfRevenue": "1986000000", "costofGoodsAndServicesSold": "1986000000", "operatingIncome": "1912000000", "sellingGeneralAndAdministrative": "713000000", "researchAndDevelopment": "167000000", "operatingExpenses": "715000000", "investmentIncomeNet": "None", "netInterestIncome": "None", "interestIncome": "None", "interestExpense": "212000000", "nonInterestIncome": "None", "otherNonOperatingIncome": "None", "depreciation": "None", "depreciationAndAmortization": "5000000", "incomeBeforeTax": "1909000000", "incomeTaxExpense": "673000000", "interestAndDebtExpense": "None", "netIncomeFromContinuingOperations": "5070000000", "comprehensiveIncomeNetOfTax": "None", "ebit": "2201000000", "ebitda": "2206000000", "netIncome": "1233000000"}, {"fiscalDateEnding": "2014-09-30", "reportedCurrency": "USD", "grossProfit": "2674000000", "totalRevenue": "4753000000", "costOfRevenue": "2079000000", "costofGoodsAndServicesSold": "2079000000", "operatingIncome": "1999000000", "sellingGeneralAndAdministrative": "658000000", "researchAndDevelopment": "0", "operatingExpenses": "668000000", "investmentIncomeNet": "None", "netInterestIncome": "None", "interestIncome": "None", "interestExpense": "213000000", "nonInterestIncome": "None", "otherNonOperatingIncome": "None", "depreciation": "None", "depreciationAndAmortization": "5000000", "incomeBeforeTax": "2114000000", "incomeTaxExpense": "717000000", "interestAndDebtExpense": "None", "netIncomeFromContinuingOperations": "0", "comprehensiveIncomeNetOfTax": "None", "ebit": "2053000000", "ebitda": "2058000000", "netIncome": "1394000000"}, {"fiscalDateEnding": "2014-06-30", "reportedCurrency": "USD", "grossProfit": "2603000000", "totalRevenue": "4571000000", "costOfRevenue": "1968000000", "costofGoodsAndServicesSold": "1968000000", "operatingIncome": "1975000000", "sellingGeneralAndAdministrative": "597000000", "researchAndDevelopment": "153000000", "operatingExpenses": "638000000", "investmentIncomeNet": "None", "netInterestIncome": "None", "interestIncome": "None", "interestExpense": "230000000", "nonInterestIncome": "None", "otherNonOperatingIncome": "200000000", "depreciation": "None", "depreciationAndAmortization": "50000000", "incomeBeforeTax": "1945000000", "incomeTaxExpense": "683000000", "interestAndDebtExpense": "None", "netIncomeFromContinuingOperations": "2628000000", "comprehensiveIncomeNetOfTax": "None", "ebit": "1953000000", "ebitda": "2003000000", "netIncome": "1259000000"}, {"fiscalDateEnding": "2014-03-31", "reportedCurrency": "USD", "grossProfit": "2256000000", "totalRevenue": "4008000000", "costOfRevenue": "1752000000", "costofGoodsAndServicesSold": "1752000000", "operatingIncome": "1734000000", "sellingGeneralAndAdministrative": "515000000", "researchAndDevelopment": "0", "operatingExpenses": "520000000", "investmentIncomeNet": "None", "netInterestIncome": "None", "interestIncome": "None", "interestExpense": "153000000", "nonInterestIncome": "None", "otherNonOperatingIncome": "225000000", "depreciation": "None", "depreciationAndAmortization": "5000000", "incomeBeforeTax": "1806000000", "incomeTaxExpense": "631000000", "interestAndDebtExpense": "None", "netIncomeFromContinuingOperations": "2437000000", "comprehensiveIncomeNetOfTax": "None", "ebit": "1729000000", "ebitda": "1734000000", "netIncome": "1172000000"}, {"fiscalDateEnding": "2013-12-31", "reportedCurrency": "USD", "grossProfit": "2408000000", "totalRevenue": "4404000000", "costOfRevenue": "1996000000", "costofGoodsAndServicesSold": "1996000000", "operatingIncome": "1799000000", "sellingGeneralAndAdministrative": "597000000", "researchAndDevelopment": "153000000", "operatingExpenses": "599000000", "investmentIncomeNet": "None", "netInterestIncome": "None", "interestIncome": "None", "interestExpense": "255000000", "nonInterestIncome": "None", "otherNonOperatingIncome": "None", "depreciation": "None", "depreciationAndAmortization": "5000000", "incomeBeforeTax": "713000000", "incomeTaxExpense": "225000000", "interestAndDebtExpense": "None", "netIncomeFromContinuingOperations": "0", "comprehensiveIncomeNetOfTax": "None", "ebit": "2062000000", "ebitda": "2067000000", "netIncome": "487000000"}, {"fiscalDateEnding": "2013-09-30", "reportedCurrency": "USD", "grossProfit": "2821000000", "totalRevenue": "4760000000", "costOfRevenue": "1939000000", "costofGoodsAndServicesSold": "1939000000", "operatingIncome": "2132000000", "sellingGeneralAndAdministrative": "684000000", "researchAndDevelopment": "0", "operatingExpenses": "689000000", "investmentIncomeNet": "None", "netInterestIncome": "None", "interestIncome": "None", "interestExpense": "269000000", "nonInterestIncome": "None", "otherNonOperatingIncome": "None", "depreciation": "None", "depreciationAndAmortization": "52000000", "incomeBeforeTax": "2118000000", "incomeTaxExpense": "722000000", "interestAndDebtExpense": "None", "netIncomeFromContinuingOperations": "0", "comprehensiveIncomeNetOfTax": "None", "ebit": "2132000000", "ebitda": "2184000000", "netIncome": "1392000000"}, {"fiscalDateEnding": "2013-06-30", "reportedCurrency": "USD", "grossProfit": "2554000000", "totalRevenue": "4526000000", "costOfRevenue": "1972000000", "costofGoodsAndServicesSold": "1972000000", "operatingIncome": "2001000000", "sellingGeneralAndAdministrative": "547000000", "researchAndDevelopment": "0", "operatingExpenses": "552000000", "investmentIncomeNet": "None", "netInterestIncome": "None", "interestIncome": "None", "interestExpense": "264000000", "nonInterestIncome": "None", "otherNonOperatingIncome": "227000000", "depreciation": "None", "depreciationAndAmortization": "5000000", "incomeBeforeTax": "1964000000", "incomeTaxExpense": "698000000", "interestAndDebtExpense": "None", "netIncomeFromContinuingOperations": "2662000000", "comprehensiveIncomeNetOfTax": "None", "ebit": "2275000000", "ebitda": "2280000000", "netIncome": "1263000000"}, {"fiscalDateEnding": "2013-03-31", "reportedCurrency": "USD", "grossProfit": "2674000000", "totalRevenue": "3973000000", "costOfRevenue": "1299000000", "costofGoodsAndServicesSold": "1299000000", "operatingIncome": "2152000000", "sellingGeneralAndAdministrative": "1555000000", "researchAndDevelopment": "0", "operatingExpenses": "522000000", "investmentIncomeNet": "None", "netInterestIncome": "None", "interestIncome": "None", "interestExpense": "261000000", "nonInterestIncome": "None", "otherNonOperatingIncome": "256000000", "depreciation": "None", "depreciationAndAmortization": "54000000", "incomeBeforeTax": "2147000000", "incomeTaxExpense": "762000000", "interestAndDebtExpense": "None", "netIncomeFromContinuingOperations": "2909000000", "comprehensiveIncomeNetOfTax": "None", "ebit": "2408000000", "ebitda": "2462000000", "netIncome": "1381000000"}, {"fiscalDateEnding": "2012-12-31", "reportedCurrency": "USD", "grossProfit": "2383000000", "totalRevenue": "4460000000", "costOfRevenue": "2077000000", "costofGoodsAndServicesSold": "2077000000", "operatingIncome": "1765000000", "sellingGeneralAndAdministrative": "603000000", "researchAndDevelopment": "136000000", "operatingExpenses": "604000000", "investmentIncomeNet": "None", "netInterestIncome": "None", "interestIncome": "None", "interestExpense": "258000000", "nonInterestIncome": "None", "otherNonOperatingIncome": "None", "depreciation": "None", "depreciationAndAmortization": "5000000", "incomeBeforeTax": "1758000000", "incomeTaxExpense": "653000000", "interestAndDebtExpense": "None", "netIncomeFromContinuingOperations": "0", "comprehensiveIncomeNetOfTax": "None", "ebit": "2069000000", "ebitda": "2074000000", "netIncome": "1103000000"}, {"fiscalDateEnding": "2012-09-30", "reportedCurrency": "USD", "grossProfit": "2484000000", "totalRevenue": "4466000000", "costOfRevenue": "1982000000", "costofGoodsAndServicesSold": "1982000000", "operatingIncome": "1969000000", "sellingGeneralAndAdministrative": "548000000", "researchAndDevelopment": "0", "operatingExpenses": "553000000", "investmentIncomeNet": "None", "netInterestIncome": "None", "interestIncome": "None", "interestExpense": "282000000", "nonInterestIncome": "None", "otherNonOperatingIncome": "-874000000", "depreciation": "None", "depreciationAndAmortization": "5000000", "incomeBeforeTax": "1043000000", "incomeTaxExpense": "386000000", "interestAndDebtExpense": "None", "netIncomeFromContinuingOperations": "1429000000", "comprehensiveIncomeNetOfTax": "None", "ebit": "2030000000", "ebitda": "2035000000", "netIncome": "655000000"}, {"fiscalDateEnding": "2012-06-30", "reportedCurrency": "USD", "grossProfit": "2494000000", "totalRevenue": "4580000000", "costOfRevenue": "2086000000", "costofGoodsAndServicesSold": "2086000000", "operatingIncome": "1877000000", "sellingGeneralAndAdministrative": "596000000", "researchAndDevelopment": "0", "operatingExpenses": "601000000", "investmentIncomeNet": "None", "netInterestIncome": "None", "interestIncome": "None", "interestExpense": "293000000", "nonInterestIncome": "None", "otherNonOperatingIncome": "223000000", "depreciation": "None", "depreciationAndAmortization": "5000000", "incomeBeforeTax": "1807000000", "incomeTaxExpense": "581000000", "interestAndDebtExpense": "None", "netIncomeFromContinuingOperations": "1226000000", "comprehensiveIncomeNetOfTax": "None", "ebit": "1945000000", "ebitda": "1950000000", "netIncome": "1221000000"}, {"fiscalDateEnding": "2012-03-31", "reportedCurrency": "USD", "grossProfit": "2202000000", "totalRevenue": "3994000000", "costOfRevenue": "1792000000", "costofGoodsAndServicesSold": "1792000000", "operatingIncome": "1642000000", "sellingGeneralAndAdministrative": "534000000", "researchAndDevelopment": "0", "operatingExpenses": "539000000", "investmentIncomeNet": "None", "netInterestIncome": "None", "interestIncome": "None", "interestExpense": "293000000", "nonInterestIncome": "None", "otherNonOperatingIncome": "178000000", "depreciation": "None", "depreciationAndAmortization": "56000000", "incomeBeforeTax": "1527000000", "incomeTaxExpense": "554000000", "interestAndDebtExpense": "None", "netIncomeFromContinuingOperations": "973000000", "comprehensiveIncomeNetOfTax": "None", "ebit": "2162000000", "ebitda": "2218000000", "netIncome": "1191000000"}, {"fiscalDateEnding": "2011-12-31", "reportedCurrency": "USD", "grossProfit": "2374000000", "totalRevenue": "4346000000", "costOfRevenue": "1972000000", "costofGoodsAndServicesSold": "1972000000", "operatingIncome": "1356000000", "sellingGeneralAndAdministrative": "790000000", "researchAndDevelopment": "128000000", "operatingExpenses": "794000000", "investmentIncomeNet": "None", "netInterestIncome": "None", "interestIncome": "None", "interestExpense": "629000000", "nonInterestIncome": "None", "otherNonOperatingIncome": "178000000", "depreciation": "None", "depreciationAndAmortization": "69000000", "incomeBeforeTax": "1183000000", "incomeTaxExpense": "346000000", "interestAndDebtExpense": "None", "netIncomeFromContinuingOperations": "559000000", "comprehensiveIncomeNetOfTax": "None", "ebit": "2106000000", "ebitda": "2175000000", "netIncome": "836000000"}, {"fiscalDateEnding": "2011-09-30", "reportedCurrency": "USD", "grossProfit": "2445000000", "totalRevenue": "4328000000", "costOfRevenue": "1883000000", "costofGoodsAndServicesSold": "1883000000", "operatingIncome": "1878000000", "sellingGeneralAndAdministrative": "581000000", "researchAndDevelopment": "0", "operatingExpenses": "586000000", "investmentIncomeNet": "None", "netInterestIncome": "None", "interestIncome": "None", "interestExpense": "293000000", "nonInterestIncome": "None", "otherNonOperatingIncome": "208000000", "depreciation": "None", "depreciationAndAmortization": "63000000", "incomeBeforeTax": "1793000000", "incomeTaxExpense": "619000000", "interestAndDebtExpense": "None", "netIncomeFromContinuingOperations": "1174000000", "comprehensiveIncomeNetOfTax": "None", "ebit": "1840000000", "ebitda": "1903000000", "netIncome": "1173000000"}, {"fiscalDateEnding": "2011-06-30", "reportedCurrency": "USD", "grossProfit": "1972000000", "totalRevenue": "4002000000", "costOfRevenue": "2030000000", "costofGoodsAndServicesSold": "2030000000", "operatingIncome": "1295000000", "sellingGeneralAndAdministrative": "671000000", "researchAndDevelopment": "0", "operatingExpenses": "676000000", "investmentIncomeNet": "None", "netInterestIncome": "None", "interestIncome": "None", "interestExpense": "294000000", "nonInterestIncome": "None", "otherNonOperatingIncome": "155000000", "depreciation": "None", "depreciationAndAmortization": "5000000", "incomeBeforeTax": "1156000000", "incomeTaxExpense": "712000000", "interestAndDebtExpense": "None", "netIncomeFromContinuingOperations": "444000000", "comprehensiveIncomeNetOfTax": "None", "ebit": "1297000000", "ebitda": "1302000000", "netIncome": "444000000"}, {"fiscalDateEnding": "2011-03-31", "reportedCurrency": "USD", "grossProfit": "2148000000", "totalRevenue": "3943000000", "costOfRevenue": "1795000000", "costofGoodsAndServicesSold": "1795000000", "operatingIncome": "1539000000", "sellingGeneralAndAdministrative": "601000000", "researchAndDevelopment": "0", "operatingExpenses": "607000000", "investmentIncomeNet": "None", "netInterestIncome": "None", "interestIncome": "None", "interestExpense": "278000000", "nonInterestIncome": "None", "otherNonOperatingIncome": "189000000", "depreciation": "None", "depreciationAndAmortization": "6000000", "incomeBeforeTax": "1450000000", "incomeTaxExpense": "512000000", "interestAndDebtExpense": "None", "netIncomeFromContinuingOperations": "1216000000", "comprehensiveIncomeNetOfTax": "None", "ebit": "1543000000", "ebitda": "1549000000", "netIncome": "937000000"}, {"fiscalDateEnding": "2010-12-31", "reportedCurrency": "USD", "grossProfit": "2254000000", "totalRevenue": "4139000000", "costOfRevenue": "1885000000", "costofGoodsAndServicesSold": "1885000000", "operatingIncome": "1493000000", "sellingGeneralAndAdministrative": "752000000", "researchAndDevelopment": "144000000", "operatingExpenses": "756000000", "investmentIncomeNet": "None", "netInterestIncome": "None", "interestIncome": "None", "interestExpense": "280000000", "nonInterestIncome": "None", "otherNonOperatingIncome": "191000000", "depreciation": "None", "depreciationAndAmortization": "68000000", "incomeBeforeTax": "1407000000", "incomeTaxExpense": "487000000", "interestAndDebtExpense": "None", "netIncomeFromContinuingOperations": "64000000", "comprehensiveIncomeNetOfTax": "None", "ebit": "1687000000", "ebitda": "1755000000", "netIncome": "916000000"}, {"fiscalDateEnding": "2010-09-30", "reportedCurrency": "USD", "grossProfit": "2476000000", "totalRevenue": "4461000000", "costOfRevenue": "1985000000", "costofGoodsAndServicesSold": "1985000000", "operatingIncome": "1776000000", "sellingGeneralAndAdministrative": "691000000", "researchAndDevelopment": "0", "operatingExpenses": "697000000", "investmentIncomeNet": "None", "netInterestIncome": "None", "interestIncome": "None", "interestExpense": "279000000", "nonInterestIncome": "None", "otherNonOperatingIncome": "186000000", "depreciation": "None", "depreciationAndAmortization": "6000000", "incomeBeforeTax": "1683000000", "incomeTaxExpense": "552000000", "interestAndDebtExpense": "None", "netIncomeFromContinuingOperations": "1410000000", "comprehensiveIncomeNetOfTax": "None", "ebit": "1782000000", "ebitda": "1788000000", "netIncome": "1126000000"}, {"fiscalDateEnding": "2010-06-30", "reportedCurrency": "USD", "grossProfit": "2374000000", "totalRevenue": "4341000000", "costOfRevenue": "1967000000", "costofGoodsAndServicesSold": "1967000000", "operatingIncome": "1529000000", "sellingGeneralAndAdministrative": "651000000", "researchAndDevelopment": "0", "operatingExpenses": "825000000", "investmentIncomeNet": "None", "netInterestIncome": "None", "interestIncome": "None", "interestExpense": "290000000", "nonInterestIncome": "None", "otherNonOperatingIncome": "113000000", "depreciation": "None", "depreciationAndAmortization": "4000000", "incomeBeforeTax": "1352000000", "incomeTaxExpense": "309000000", "interestAndDebtExpense": "None", "netIncomeFromContinuingOperations": "1333000000", "comprehensiveIncomeNetOfTax": "None", "ebit": "1614000000", "ebitda": "1618000000", "netIncome": "1042000000"}, {"fiscalDateEnding": "2010-03-31", "reportedCurrency": "USD", "grossProfit": "2084000000", "totalRevenue": "3951000000", "costOfRevenue": "1867000000", "costofGoodsAndServicesSold": "1867000000", "operatingIncome": "1430000000", "sellingGeneralAndAdministrative": "641000000", "researchAndDevelopment": "0", "operatingExpenses": "654000000", "investmentIncomeNet": "None", "netInterestIncome": "None", "interestIncome": "None", "interestExpense": "287000000", "nonInterestIncome": "None", "otherNonOperatingIncome": "138000000", "depreciation": "None", "depreciationAndAmortization": "6000000", "incomeBeforeTax": "1281000000", "incomeTaxExpense": "468000000", "interestAndDebtExpense": "None", "netIncomeFromContinuingOperations": "1100000000", "comprehensiveIncomeNetOfTax": "None", "ebit": "1500000000", "ebitda": "1506000000", "netIncome": "813000000"}, {"fiscalDateEnding": "2009-12-31", "reportedCurrency": "USD", "grossProfit": "2051000000", "totalRevenue": "4100000000", "costOfRevenue": "2049000000", "costofGoodsAndServicesSold": "2049000000", "operatingIncome": "1200000000", "sellingGeneralAndAdministrative": "426000000", "researchAndDevelopment": "177000000", "operatingExpenses": "430000000", "investmentIncomeNet": "None", "netInterestIncome": "None", "interestIncome": "None", "interestExpense": "287000000", "nonInterestIncome": "None", "otherNonOperatingIncome": "None", "depreciation": "None", "depreciationAndAmortization": "73000000", "incomeBeforeTax": "1075000000", "incomeTaxExpense": "349000000", "interestAndDebtExpense": "None", "netIncomeFromContinuingOperations": "0", "comprehensiveIncomeNetOfTax": "None", "ebit": "1362000000", "ebitda": "1435000000", "netIncome": "725000000"}, {"fiscalDateEnding": "2009-09-30", "reportedCurrency": "USD", "grossProfit": "4267000000", "totalRevenue": "6300000000", "costOfRevenue": "2033000000", "costofGoodsAndServicesSold": "2033000000", "operatingIncome": "1394000000", "sellingGeneralAndAdministrative": "717000000", "researchAndDevelopment": "0", "operatingExpenses": "891000000", "investmentIncomeNet": "None", "netInterestIncome": "None", "interestIncome": "None", "interestExpense": "279000000", "nonInterestIncome": "None", "otherNonOperatingIncome": "119000000", "depreciation": "None", "depreciationAndAmortization": "7000000", "incomeBeforeTax": "1234000000", "incomeTaxExpense": "352000000", "interestAndDebtExpense": "None", "netIncomeFromContinuingOperations": "1161000000", "comprehensiveIncomeNetOfTax": "None", "ebit": "1577000000", "ebitda": "1584000000", "netIncome": "879000000"}, {"fiscalDateEnding": "2009-06-30", "reportedCurrency": "USD", "grossProfit": "4581000000", "totalRevenue": "6719000000", "costOfRevenue": "2138000000", "costofGoodsAndServicesSold": "2138000000", "operatingIncome": "1677000000", "sellingGeneralAndAdministrative": "739000000", "researchAndDevelopment": "0", "operatingExpenses": "779000000", "investmentIncomeNet": "None", "netInterestIncome": "None", "interestIncome": "None", "interestExpense": "287000000", "nonInterestIncome": "None", "otherNonOperatingIncome": "217000000", "depreciation": "None", "depreciationAndAmortization": "3000000", "incomeBeforeTax": "1607000000", "incomeTaxExpense": "596000000", "interestAndDebtExpense": "None", "netIncomeFromContinuingOperations": "1298000000", "comprehensiveIncomeNetOfTax": "None", "ebit": "1960000000", "ebitda": "1963000000", "netIncome": "1010000000"}, {"fiscalDateEnding": "2009-03-31", "reportedCurrency": "USD", "grossProfit": "2042000000", "totalRevenue": "3812000000", "costOfRevenue": "1770000000", "costofGoodsAndServicesSold": "1770000000", "operatingIncome": "1191000000", "sellingGeneralAndAdministrative": "717000000", "researchAndDevelopment": "0", "operatingExpenses": "851000000", "investmentIncomeNet": "None", "netInterestIncome": "None", "interestIncome": "None", "interestExpense": "336000000", "nonInterestIncome": "None", "otherNonOperatingIncome": "None", "depreciation": "None", "depreciationAndAmortization": "78000000", "incomeBeforeTax": "961000000", "incomeTaxExpense": "372000000", "interestAndDebtExpense": "None", "netIncomeFromContinuingOperations": "0", "comprehensiveIncomeNetOfTax": "None", "ebit": "1297000000", "ebitda": "1375000000", "netIncome": "589000000"}, {"fiscalDateEnding": "2008-12-31", "reportedCurrency": "USD", "grossProfit": "-730000000", "totalRevenue": "1255000000", "costOfRevenue": "1985000000", "costofGoodsAndServicesSold": "1985000000", "operatingIncome": "998000000", "sellingGeneralAndAdministrative": "693000000", "researchAndDevelopment": "232000000", "operatingExpenses": "805000000", "investmentIncomeNet": "None", "netInterestIncome": "None", "interestIncome": "None", "interestExpense": "237000000", "nonInterestIncome": "None", "otherNonOperatingIncome": "None", "depreciation": "None", "depreciationAndAmortization": "53000000", "incomeBeforeTax": "981000000", "incomeTaxExpense": "302000000", "interestAndDebtExpense": "None", "netIncomeFromContinuingOperations": "0", "comprehensiveIncomeNetOfTax": "None", "ebit": "-1436000000", "ebitda": "-1383000000", "netIncome": "679000000"}, {"fiscalDateEnding": "2008-09-30", "reportedCurrency": "USD", "grossProfit": "3008000000", "totalRevenue": "5238000000", "costOfRevenue": "2230000000", "costofGoodsAndServicesSold": "2230000000", "operatingIncome": "1399000000", "sellingGeneralAndAdministrative": "763000000", "researchAndDevelopment": "0", "operatingExpenses": "712000000", "investmentIncomeNet": "None", "netInterestIncome": "None", "interestIncome": "None", "interestExpense": "25000000", "nonInterestIncome": "None", "otherNonOperatingIncome": "None", "depreciation": "None", "depreciationAndAmortization": "52000000", "incomeBeforeTax": "1358000000", "incomeTaxExpense": "491000000", "interestAndDebtExpense": "None", "netIncomeFromContinuingOperations": "0", "comprehensiveIncomeNetOfTax": "None", "ebit": "1383000000", "ebitda": "1435000000", "netIncome": "867000000"}, {"fiscalDateEnding": "2008-06-30", "reportedCurrency": "USD", "grossProfit": "2011000000", "totalRevenue": "5054000000", "costOfRevenue": "3043000000", "costofGoodsAndServicesSold": "3043000000", "operatingIncome": "1417000000", "sellingGeneralAndAdministrative": "649000000", "researchAndDevelopment": "0", "operatingExpenses": "594000000", "investmentIncomeNet": "None", "netInterestIncome": "None", "interestIncome": "None", "interestExpense": "18000000", "nonInterestIncome": "None", "otherNonOperatingIncome": "None", "depreciation": "None", "depreciationAndAmortization": "51000000", "incomeBeforeTax": "1471000000", "incomeTaxExpense": "541000000", "interestAndDebtExpense": "None", "netIncomeFromContinuingOperations": "0", "comprehensiveIncomeNetOfTax": "None", "ebit": "1489000000", "ebitda": "1540000000", "netIncome": "930000000"}, {"fiscalDateEnding": "2008-03-31", "reportedCurrency": "USD", "grossProfit": "1717000000", "totalRevenue": "3604000000", "costOfRevenue": "1887000000", "costofGoodsAndServicesSold": "1887000000", "operatingIncome": "1213000000", "sellingGeneralAndAdministrative": "648000000", "researchAndDevelopment": "0", "operatingExpenses": "504000000", "investmentIncomeNet": "None", "netInterestIncome": "None", "interestIncome": "None", "interestExpense": "16000000", "nonInterestIncome": "None", "otherNonOperatingIncome": "None", "depreciation": "None", "depreciationAndAmortization": "59000000", "incomeBeforeTax": "979000000", "incomeTaxExpense": "365000000", "interestAndDebtExpense": "None", "netIncomeFromContinuingOperations": "0", "comprehensiveIncomeNetOfTax": "None", "ebit": "1154000000", "ebitda": "1213000000", "netIncome": "2454000000"}, {"fiscalDateEnding": "2007-12-31", "reportedCurrency": "USD", "grossProfit": "5205000000", "totalRevenue": "9253000000", "costOfRevenue": "4048000000", "costofGoodsAndServicesSold": "4048000000", "operatingIncome": "3036000000", "sellingGeneralAndAdministrative": "2054000000", "researchAndDevelopment": "269000000", "operatingExpenses": "2169000000", "investmentIncomeNet": "None", "netInterestIncome": "None", "interestIncome": "None", "interestExpense": "15000000", "nonInterestIncome": "None", "otherNonOperatingIncome": "None", "depreciation": "None", "depreciationAndAmortization": "276000000", "incomeBeforeTax": "3008000000", "incomeTaxExpense": "862000000", "interestAndDebtExpense": "None", "netIncomeFromContinuingOperations": "0", "comprehensiveIncomeNetOfTax": "None", "ebit": "3036000000", "ebitda": "3312000000", "netIncome": "2188000000"}, {"fiscalDateEnding": "2007-09-30", "reportedCurrency": "USD", "grossProfit": "5639000000", "totalRevenue": "9964000000", "costOfRevenue": "4325000000", "costofGoodsAndServicesSold": "4325000000", "operatingIncome": "3705000000", "sellingGeneralAndAdministrative": "1907000000", "researchAndDevelopment": "0", "operatingExpenses": "1934000000", "investmentIncomeNet": "None", "netInterestIncome": "None", "interestIncome": "None", "interestExpense": "11000000", "nonInterestIncome": "None", "otherNonOperatingIncome": "None", "depreciation": "None", "depreciationAndAmortization": "242000000", "incomeBeforeTax": "3694000000", "incomeTaxExpense": "1117000000", "interestAndDebtExpense": "None", "netIncomeFromContinuingOperations": "0", "comprehensiveIncomeNetOfTax": "None", "ebit": "3463000000", "ebitda": "3705000000", "netIncome": "2633000000"}, {"fiscalDateEnding": "2007-06-30", "reportedCurrency": "USD", "grossProfit": "5532000000", "totalRevenue": "9797000000", "costOfRevenue": "4265000000", "costofGoodsAndServicesSold": "4265000000", "operatingIncome": "3244000000", "sellingGeneralAndAdministrative": "1966000000", "researchAndDevelopment": "0", "operatingExpenses": "2288000000", "investmentIncomeNet": "None", "netInterestIncome": "None", "interestIncome": "None", "interestExpense": "62000000", "nonInterestIncome": "None", "otherNonOperatingIncome": "None", "depreciation": "None", "depreciationAndAmortization": "236000000", "incomeBeforeTax": "3182000000", "incomeTaxExpense": "1066000000", "interestAndDebtExpense": "None", "netIncomeFromContinuingOperations": "0", "comprehensiveIncomeNetOfTax": "None", "ebit": "3008000000", "ebitda": "3244000000", "netIncome": "2215000000"}, {"fiscalDateEnding": "2007-03-31", "reportedCurrency": "USD", "grossProfit": "5128000000", "totalRevenue": "9037000000", "costOfRevenue": "3909000000", "costofGoodsAndServicesSold": "3909000000", "operatingIncome": "3250000000", "sellingGeneralAndAdministrative": "1878000000", "researchAndDevelopment": "0", "operatingExpenses": "1878000000", "investmentIncomeNet": "None", "netInterestIncome": "None", "interestIncome": "None", "interestExpense": "114000000", "nonInterestIncome": "None", "otherNonOperatingIncome": "None", "depreciation": "None", "depreciationAndAmortization": "226000000", "incomeBeforeTax": "3136000000", "incomeTaxExpense": "1051000000", "interestAndDebtExpense": "None", "netIncomeFromContinuingOperations": "0", "comprehensiveIncomeNetOfTax": "None", "ebit": "956000000", "ebitda": "1182000000", "netIncome": "2750000000"}, {"fiscalDateEnding": "2006-12-31", "reportedCurrency": "USD", "grossProfit": "8078000000", "totalRevenue": "17985000000", "costOfRevenue": "9907000000", "costofGoodsAndServicesSold": "9907000000", "operatingIncome": "4218000000", "sellingGeneralAndAdministrative": "4029000000", "researchAndDevelopment": "586000000", "operatingExpenses": "4479000000", "investmentIncomeNet": "None", "netInterestIncome": "None", "interestIncome": "None", "interestExpense": "42000000", "nonInterestIncome": "None", "otherNonOperatingIncome": "None", "depreciation": "None", "depreciationAndAmortization": "465000000", "incomeBeforeTax": "4043000000", "incomeTaxExpense": "1076000000", "interestAndDebtExpense": "None", "netIncomeFromContinuingOperations": "0", "comprehensiveIncomeNetOfTax": "None", "ebit": "3599000000", "ebitda": "4064000000", "netIncome": "2959000000"}, {"fiscalDateEnding": "2006-09-30", "reportedCurrency": "USD", "grossProfit": "8391000000", "totalRevenue": "17656000000", "costOfRevenue": "9265000000", "costofGoodsAndServicesSold": "9265000000", "operatingIncome": "4713000000", "sellingGeneralAndAdministrative": "3726000000", "researchAndDevelopment": "0", "operatingExpenses": "3675000000", "investmentIncomeNet": "None", "netInterestIncome": "None", "interestIncome": "None", "interestExpense": "193000000", "nonInterestIncome": "None", "otherNonOperatingIncome": "None", "depreciation": "None", "depreciationAndAmortization": "456000000", "incomeBeforeTax": "4520000000", "incomeTaxExpense": "1598000000", "interestAndDebtExpense": "None", "netIncomeFromContinuingOperations": "0", "comprehensiveIncomeNetOfTax": "None", "ebit": "3135000000", "ebitda": "3591000000", "netIncome": "2875000000"}, {"fiscalDateEnding": "2006-06-30", "reportedCurrency": "USD", "grossProfit": "8481000000", "totalRevenue": "17874000000", "costOfRevenue": "9393000000", "costofGoodsAndServicesSold": "9393000000", "operatingIncome": "4403000000", "sellingGeneralAndAdministrative": "3679000000", "researchAndDevelopment": "0", "operatingExpenses": "4078000000", "investmentIncomeNet": "None", "netInterestIncome": "None", "interestIncome": "None", "interestExpense": "266000000", "nonInterestIncome": "None", "otherNonOperatingIncome": "None", "depreciation": "None", "depreciationAndAmortization": "437000000", "incomeBeforeTax": "4137000000", "incomeTaxExpense": "1388000000", "interestAndDebtExpense": "None", "netIncomeFromContinuingOperations": "0", "comprehensiveIncomeNetOfTax": "None", "ebit": "3009000000", "ebitda": "3446000000", "netIncome": "2711000000"}, {"fiscalDateEnding": "2006-03-31", "reportedCurrency": "USD", "grossProfit": "7894000000", "totalRevenue": "16809000000", "costOfRevenue": "8915000000", "costofGoodsAndServicesSold": "8915000000", "operatingIncome": "4079000000", "sellingGeneralAndAdministrative": "3540000000", "researchAndDevelopment": "0", "operatingExpenses": "3815000000", "investmentIncomeNet": "None", "netInterestIncome": "None", "interestIncome": "None", "interestExpense": "243000000", "nonInterestIncome": "None", "otherNonOperatingIncome": "None", "depreciation": "None", "depreciationAndAmortization": "446000000", "incomeBeforeTax": "3836000000", "incomeTaxExpense": "289000000", "interestAndDebtExpense": "None", "netIncomeFromContinuingOperations": "0", "comprehensiveIncomeNetOfTax": "None", "ebit": "2845000000", "ebitda": "3291000000", "netIncome": "3477000000"}, {"fiscalDateEnding": "2005-12-31", "reportedCurrency": "USD", "grossProfit": "7950000000", "totalRevenue": "17827000000", "costOfRevenue": "9877000000", "costofGoodsAndServicesSold": "9877000000", "operatingIncome": "3630000000", "sellingGeneralAndAdministrative": "3982000000", "researchAndDevelopment": "943000000", "operatingExpenses": "4428000000", "investmentIncomeNet": "None", "netInterestIncome": "None", "interestIncome": "None", "interestExpense": "250000000", "nonInterestIncome": "None", "otherNonOperatingIncome": "None", "depreciation": "None", "depreciationAndAmortization": "452000000", "incomeBeforeTax": "3380000000", "incomeTaxExpense": "1037000000", "interestAndDebtExpense": "None", "netIncomeFromContinuingOperations": "0", "comprehensiveIncomeNetOfTax": "None", "ebit": "3522000000", "ebitda": "3974000000", "netIncome": "2289000000"}, {"fiscalDateEnding": "2005-09-30", "reportedCurrency": "USD", "grossProfit": "8224000000", "totalRevenue": "17306000000", "costOfRevenue": "9082000000", "costofGoodsAndServicesSold": "9082000000", "operatingIncome": "4315000000", "sellingGeneralAndAdministrative": "3619000000", "researchAndDevelopment": "0", "operatingExpenses": "3909000000", "investmentIncomeNet": "None", "netInterestIncome": "None", "interestIncome": "None", "interestExpense": "306000000", "nonInterestIncome": "None", "otherNonOperatingIncome": "None", "depreciation": "None", "depreciationAndAmortization": "406000000", "incomeBeforeTax": "4009000000", "incomeTaxExpense": "1098000000", "interestAndDebtExpense": "None", "netIncomeFromContinuingOperations": "0", "comprehensiveIncomeNetOfTax": "None", "ebit": "3909000000", "ebitda": "4315000000", "netIncome": "2883000000"}, {"fiscalDateEnding": "2005-06-30", "reportedCurrency": "USD", "grossProfit": "8191000000", "totalRevenue": "17325000000", "costOfRevenue": "9134000000", "costofGoodsAndServicesSold": "9134000000", "operatingIncome": "4471000000", "sellingGeneralAndAdministrative": "3643000000", "researchAndDevelopment": "0", "operatingExpenses": "3718000000", "investmentIncomeNet": "None", "netInterestIncome": "None", "interestIncome": "None", "interestExpense": "320000000", "nonInterestIncome": "None", "otherNonOperatingIncome": "None", "depreciation": "None", "depreciationAndAmortization": "410000000", "incomeBeforeTax": "4151000000", "incomeTaxExpense": "1192000000", "interestAndDebtExpense": "None", "netIncomeFromContinuingOperations": "0", "comprehensiveIncomeNetOfTax": "None", "ebit": "4473000000", "ebitda": "4883000000", "netIncome": "2667000000"}, {"fiscalDateEnding": "2005-03-31", "reportedCurrency": "USD", "grossProfit": "7791000000", "totalRevenue": "16462000000", "costOfRevenue": "8671000000", "costofGoodsAndServicesSold": "8671000000", "operatingIncome": "4176000000", "sellingGeneralAndAdministrative": "3556000000", "researchAndDevelopment": "0", "operatingExpenses": "3615000000", "investmentIncomeNet": "None", "netInterestIncome": "None", "interestIncome": "None", "interestExpense": "281000000", "nonInterestIncome": "None", "otherNonOperatingIncome": "None", "depreciation": "None", "depreciationAndAmortization": "407000000", "incomeBeforeTax": "3895000000", "incomeTaxExpense": "1291000000", "interestAndDebtExpense": "None", "netIncomeFromContinuingOperations": "0", "comprehensiveIncomeNetOfTax": "None", "ebit": "3769000000", "ebitda": "4176000000", "netIncome": "2596000000"}, {"fiscalDateEnding": "2004-12-31", "reportedCurrency": "USD", "grossProfit": "7307000000", "totalRevenue": "16019000000", "costOfRevenue": "8712000000", "costofGoodsAndServicesSold": "8712000000", "operatingIncome": "3378000000", "sellingGeneralAndAdministrative": "2698000000", "researchAndDevelopment": "809000000", "operatingExpenses": "3823000000", "investmentIncomeNet": "None", "netInterestIncome": "None", "interestIncome": "None", "interestExpense": "291000000", "nonInterestIncome": "None", "otherNonOperatingIncome": "None", "depreciation": "None", "depreciationAndAmortization": "438000000", "incomeBeforeTax": "3087000000", "incomeTaxExpense": "1096000000", "interestAndDebtExpense": "None", "netIncomeFromContinuingOperations": "0", "comprehensiveIncomeNetOfTax": "None", "ebit": "3484000000", "ebitda": "3922000000", "netIncome": "1947000000"}]}