{"symbol": "LUV", "annualReports": [{"fiscalDateEnding": "2024-12-31", "reportedCurrency": "USD", "grossProfit": "4459000000", "totalRevenue": "27483000000", "costOfRevenue": "23024000000", "costofGoodsAndServicesSold": "23024000000", "operatingIncome": "321000000", "sellingGeneralAndAdministrative": "None", "researchAndDevelopment": "None", "operatingExpenses": "4138000000", "investmentIncomeNet": "None", "netInterestIncome": "283000000", "interestIncome": "497000000", "interestExpense": "214000000", "nonInterestIncome": "None", "otherNonOperatingIncome": "None", "depreciation": "None", "depreciationAndAmortization": "1657000000", "incomeBeforeTax": "598000000", "incomeTaxExpense": "133000000", "interestAndDebtExpense": "None", "netIncomeFromContinuingOperations": "465000000", "comprehensiveIncomeNetOfTax": "None", "ebit": "847000000", "ebitda": "2504000000", "netIncome": "465000000"}, {"fiscalDateEnding": "2023-12-31", "reportedCurrency": "USD", "grossProfit": "4223000000", "totalRevenue": "26091000000", "costOfRevenue": "21868000000", "costofGoodsAndServicesSold": "21868000000", "operatingIncome": "224000000", "sellingGeneralAndAdministrative": "3726000000", "researchAndDevelopment": "None", "operatingExpenses": "3992000000", "investmentIncomeNet": "None", "netInterestIncome": "303000000", "interestIncome": "541000000", "interestExpense": "236000000", "nonInterestIncome": "None", "otherNonOperatingIncome": "None", "depreciation": "None", "depreciationAndAmortization": "1522000000", "incomeBeforeTax": "633000000", "incomeTaxExpense": "168000000", "interestAndDebtExpense": "None", "netIncomeFromContinuingOperations": "497000000", "comprehensiveIncomeNetOfTax": "None", "ebit": "869000000", "ebitda": "2391000000", "netIncome": "465000000"}, {"fiscalDateEnding": "2022-12-31", "reportedCurrency": "USD", "grossProfit": "4752000000", "totalRevenue": "23814000000", "costOfRevenue": "19062000000", "costofGoodsAndServicesSold": "19062000000", "operatingIncome": "1017000000", "sellingGeneralAndAdministrative": "3511000000", "researchAndDevelopment": "None", "operatingExpenses": "3735000000", "investmentIncomeNet": "None", "netInterestIncome": "-84000000", "interestIncome": "88000000", "interestExpense": "301000000", "nonInterestIncome": "None", "otherNonOperatingIncome": "12000000", "depreciation": "None", "depreciationAndAmortization": "1351000000", "incomeBeforeTax": "728000000", "incomeTaxExpense": "189000000", "interestAndDebtExpense": "None", "netIncomeFromContinuingOperations": "539000000", "comprehensiveIncomeNetOfTax": "None", "ebit": "1029000000", "ebitda": "2380000000", "netIncome": "539000000"}, {"fiscalDateEnding": "2021-12-31", "reportedCurrency": "USD", "grossProfit": "4115000000", "totalRevenue": "15790000000", "costOfRevenue": "11675000000", "costofGoodsAndServicesSold": "11675000000", "operatingIncome": "1721000000", "sellingGeneralAndAdministrative": "2203000000", "researchAndDevelopment": "None", "operatingExpenses": "2394000000", "investmentIncomeNet": "None", "netInterestIncome": "-418000000", "interestIncome": "418000000", "interestExpense": "431000000", "nonInterestIncome": "None", "otherNonOperatingIncome": "35000000", "depreciation": "None", "depreciationAndAmortization": "1272000000", "incomeBeforeTax": "1325000000", "incomeTaxExpense": "348000000", "interestAndDebtExpense": "None", "netIncomeFromContinuingOperations": "977000000", "comprehensiveIncomeNetOfTax": "None", "ebit": "1756000000", "ebitda": "3028000000", "netIncome": "977000000"}, {"fiscalDateEnding": "2020-12-31", "reportedCurrency": "USD", "grossProfit": "-1890000000", "totalRevenue": "9048000000", "costOfRevenue": "10938000000", "costofGoodsAndServicesSold": "10938000000", "operatingIncome": "-3816000000", "sellingGeneralAndAdministrative": "1770000000", "researchAndDevelopment": "None", "operatingExpenses": "1926000000", "investmentIncomeNet": "None", "netInterestIncome": "-282000000", "interestIncome": "32000000", "interestExpense": "314000000", "nonInterestIncome": "None", "otherNonOperatingIncome": "-126000000", "depreciation": "None", "depreciationAndAmortization": "1255000000", "incomeBeforeTax": "-4256000000", "incomeTaxExpense": "-1182000000", "interestAndDebtExpense": "None", "netIncomeFromContinuingOperations": "-3074000000", "comprehensiveIncomeNetOfTax": "None", "ebit": "-3954000000", "ebitda": "-2699000000", "netIncome": "-3074000000"}, {"fiscalDateEnding": "2019-12-31", "reportedCurrency": "USD", "grossProfit": "5983000000", "totalRevenue": "22428000000", "costOfRevenue": "16445000000", "costofGoodsAndServicesSold": "16445000000", "operatingIncome": "2957000000", "sellingGeneralAndAdministrative": "2814000000", "researchAndDevelopment": "None", "operatingExpenses": "3026000000", "investmentIncomeNet": "None", "netInterestIncome": "8000000", "interestIncome": "90000000", "interestExpense": "82000000", "nonInterestIncome": "None", "otherNonOperatingIncome": "82000000", "depreciation": "None", "depreciationAndAmortization": "1219000000", "incomeBeforeTax": "2957000000", "incomeTaxExpense": "657000000", "interestAndDebtExpense": "None", "netIncomeFromContinuingOperations": "2300000000", "comprehensiveIncomeNetOfTax": "None", "ebit": "3010000000", "ebitda": "4229000000", "netIncome": "2300000000"}, {"fiscalDateEnding": "2018-12-31", "reportedCurrency": "USD", "grossProfit": "6058000000", "totalRevenue": "21965000000", "costOfRevenue": "15907000000", "costofGoodsAndServicesSold": "15907000000", "operatingIncome": "3206000000", "sellingGeneralAndAdministrative": "2637000000", "researchAndDevelopment": "0", "operatingExpenses": "2852000000", "investmentIncomeNet": "None", "netInterestIncome": "-24000000", "interestIncome": "69000000", "interestExpense": "93000000", "nonInterestIncome": "None", "otherNonOperatingIncome": "51000000", "depreciation": "None", "depreciationAndAmortization": "1201000000", "incomeBeforeTax": "3164000000", "incomeTaxExpense": "699000000", "interestAndDebtExpense": "None", "netIncomeFromContinuingOperations": "2465000000", "comprehensiveIncomeNetOfTax": "None", "ebit": "3222000000", "ebitda": "4423000000", "netIncome": "2465000000"}, {"fiscalDateEnding": "2017-12-31", "reportedCurrency": "USD", "grossProfit": "6203000000", "totalRevenue": "21171000000", "costOfRevenue": "14968000000", "costofGoodsAndServicesSold": "14968000000", "operatingIncome": "3515000000", "sellingGeneralAndAdministrative": "2623000000", "researchAndDevelopment": "0", "operatingExpenses": "2688000000", "investmentIncomeNet": "None", "netInterestIncome": "-30000000", "interestIncome": "35000000", "interestExpense": "65000000", "nonInterestIncome": "None", "otherNonOperatingIncome": "-199000000", "depreciation": "None", "depreciationAndAmortization": "1218000000", "incomeBeforeTax": "3251000000", "incomeTaxExpense": "-237000000", "interestAndDebtExpense": "None", "netIncomeFromContinuingOperations": "3488000000", "comprehensiveIncomeNetOfTax": "None", "ebit": "3301000000", "ebitda": "4519000000", "netIncome": "3488000000"}, {"fiscalDateEnding": "2016-12-31", "reportedCurrency": "USD", "grossProfit": "6274000000", "totalRevenue": "20425000000", "costOfRevenue": "14151000000", "costofGoodsAndServicesSold": "14151000000", "operatingIncome": "3760000000", "sellingGeneralAndAdministrative": "2471000000", "researchAndDevelopment": "0", "operatingExpenses": "2514000000", "investmentIncomeNet": "None", "netInterestIncome": "-51000000", "interestIncome": "24000000", "interestExpense": "75000000", "nonInterestIncome": "None", "otherNonOperatingIncome": "-138000000", "depreciation": "None", "depreciationAndAmortization": "1221000000", "incomeBeforeTax": "3547000000", "incomeTaxExpense": "1303000000", "interestAndDebtExpense": "None", "netIncomeFromContinuingOperations": "2244000000", "comprehensiveIncomeNetOfTax": "None", "ebit": "3449000000", "ebitda": "4670000000", "netIncome": "2244000000"}, {"fiscalDateEnding": "2015-12-31", "reportedCurrency": "USD", "grossProfit": "6397000000", "totalRevenue": "19820000000", "costOfRevenue": "13423000000", "costofGoodsAndServicesSold": "13423000000", "operatingIncome": "4116000000", "sellingGeneralAndAdministrative": "7388000000", "researchAndDevelopment": "0", "operatingExpenses": "2242000000", "investmentIncomeNet": "None", "netInterestIncome": "None", "interestIncome": "637000000", "interestExpense": "90000000", "nonInterestIncome": "None", "otherNonOperatingIncome": "-547000000", "depreciation": "None", "depreciationAndAmortization": "1015000000", "incomeBeforeTax": "3479000000", "incomeTaxExpense": "1298000000", "interestAndDebtExpense": "None", "netIncomeFromContinuingOperations": "2181000000", "comprehensiveIncomeNetOfTax": "None", "ebit": "3549000000", "ebitda": "4564000000", "netIncome": "2181000000"}, {"fiscalDateEnding": "2014-12-31", "reportedCurrency": "USD", "grossProfit": "4556000000", "totalRevenue": "18605000000", "costOfRevenue": "14049000000", "costofGoodsAndServicesSold": "14049000000", "operatingIncome": "2225000000", "sellingGeneralAndAdministrative": "7639000000", "researchAndDevelopment": "0", "operatingExpenses": "2205000000", "investmentIncomeNet": "None", "netInterestIncome": "None", "interestIncome": "None", "interestExpense": "107000000", "nonInterestIncome": "None", "otherNonOperatingIncome": "-302000000", "depreciation": "None", "depreciationAndAmortization": "938000000", "incomeBeforeTax": "1816000000", "incomeTaxExpense": "680000000", "interestAndDebtExpense": "None", "netIncomeFromContinuingOperations": "1136000000", "comprehensiveIncomeNetOfTax": "None", "ebit": "1946000000", "ebitda": "2884000000", "netIncome": "1136000000"}, {"fiscalDateEnding": "2013-12-31", "reportedCurrency": "USD", "grossProfit": "3490000000", "totalRevenue": "17699000000", "costOfRevenue": "14209000000", "costofGoodsAndServicesSold": "14209000000", "operatingIncome": "1278000000", "sellingGeneralAndAdministrative": "7161000000", "researchAndDevelopment": "0", "operatingExpenses": "2126000000", "investmentIncomeNet": "None", "netInterestIncome": "None", "interestIncome": "None", "interestExpense": "107000000", "nonInterestIncome": "None", "otherNonOperatingIncome": "38000000", "depreciation": "None", "depreciationAndAmortization": "867000000", "incomeBeforeTax": "1209000000", "incomeTaxExpense": "455000000", "interestAndDebtExpense": "None", "netIncomeFromContinuingOperations": "754000000", "comprehensiveIncomeNetOfTax": "None", "ebit": "1344000000", "ebitda": "2211000000", "netIncome": "754000000"}, {"fiscalDateEnding": "2012-12-31", "reportedCurrency": "USD", "grossProfit": "2845000000", "totalRevenue": "17088000000", "costOfRevenue": "14243000000", "costofGoodsAndServicesSold": "14243000000", "operatingIncome": "623000000", "sellingGeneralAndAdministrative": "6788000000", "researchAndDevelopment": "0", "operatingExpenses": "2039000000", "investmentIncomeNet": "None", "netInterestIncome": "None", "interestIncome": "None", "interestExpense": "126000000", "nonInterestIncome": "None", "otherNonOperatingIncome": "188000000", "depreciation": "None", "depreciationAndAmortization": "844000000", "incomeBeforeTax": "685000000", "incomeTaxExpense": "264000000", "interestAndDebtExpense": "None", "netIncomeFromContinuingOperations": "421000000", "comprehensiveIncomeNetOfTax": "None", "ebit": "811000000", "ebitda": "1655000000", "netIncome": "421000000"}, {"fiscalDateEnding": "2011-12-31", "reportedCurrency": "USD", "grossProfit": "7792000000", "totalRevenue": "15658000000", "costOfRevenue": "7866000000", "costofGoodsAndServicesSold": "7866000000", "operatingIncome": "693000000", "sellingGeneralAndAdministrative": "4371000000", "researchAndDevelopment": "0", "operatingExpenses": "6965000000", "investmentIncomeNet": "None", "netInterestIncome": "None", "interestIncome": "None", "interestExpense": "182000000", "nonInterestIncome": "None", "otherNonOperatingIncome": "-188000000", "depreciation": "None", "depreciationAndAmortization": "715000000", "incomeBeforeTax": "323000000", "incomeTaxExpense": "145000000", "interestAndDebtExpense": "None", "netIncomeFromContinuingOperations": "178000000", "comprehensiveIncomeNetOfTax": "None", "ebit": "505000000", "ebitda": "1220000000", "netIncome": "178000000"}, {"fiscalDateEnding": "2010-12-31", "reportedCurrency": "USD", "grossProfit": "8720000000", "totalRevenue": "12104000000", "costOfRevenue": "3384000000", "costofGoodsAndServicesSold": "3384000000", "operatingIncome": "988000000", "sellingGeneralAndAdministrative": "3704000000", "researchAndDevelopment": "0", "operatingExpenses": "5758000000", "investmentIncomeNet": "None", "netInterestIncome": "None", "interestIncome": "None", "interestExpense": "167000000", "nonInterestIncome": "None", "otherNonOperatingIncome": "94000000", "depreciation": "None", "depreciationAndAmortization": "628000000", "incomeBeforeTax": "745000000", "incomeTaxExpense": "286000000", "interestAndDebtExpense": "None", "netIncomeFromContinuingOperations": "459000000", "comprehensiveIncomeNetOfTax": "None", "ebit": "894000000", "ebitda": "1522000000", "netIncome": "459000000"}, {"fiscalDateEnding": "2009-12-31", "reportedCurrency": "USD", "grossProfit": "7491000000", "totalRevenue": "10350000000", "costOfRevenue": "2859000000", "costofGoodsAndServicesSold": "2859000000", "operatingIncome": "262000000", "sellingGeneralAndAdministrative": "3468000000", "researchAndDevelopment": "0", "operatingExpenses": "5421000000", "investmentIncomeNet": "None", "netInterestIncome": "None", "interestIncome": "None", "interestExpense": "165000000", "nonInterestIncome": "None", "otherNonOperatingIncome": "67000000", "depreciation": "None", "depreciationAndAmortization": "616000000", "incomeBeforeTax": "164000000", "incomeTaxExpense": "65000000", "interestAndDebtExpense": "None", "netIncomeFromContinuingOperations": "99000000", "comprehensiveIncomeNetOfTax": "None", "ebit": "329000000", "ebitda": "945000000", "netIncome": "99000000"}, {"fiscalDateEnding": "2008-12-31", "reportedCurrency": "USD", "grossProfit": "7405000000", "totalRevenue": "11023000000", "costOfRevenue": "3618000000", "costofGoodsAndServicesSold": "3618000000", "operatingIncome": "449000000", "sellingGeneralAndAdministrative": "4156000000", "researchAndDevelopment": "None", "operatingExpenses": "9758000000", "investmentIncomeNet": "None", "netInterestIncome": "None", "interestIncome": "None", "interestExpense": "130000000", "nonInterestIncome": "None", "otherNonOperatingIncome": "None", "depreciation": "None", "depreciationAndAmortization": "587000000", "incomeBeforeTax": "278000000", "incomeTaxExpense": "100000000", "interestAndDebtExpense": "None", "netIncomeFromContinuingOperations": "None", "comprehensiveIncomeNetOfTax": "None", "ebit": "395000000", "ebitda": "982000000", "netIncome": "178000000"}, {"fiscalDateEnding": "2007-12-31", "reportedCurrency": "USD", "grossProfit": "3843000000", "totalRevenue": "9861000000", "costOfRevenue": "6018000000", "costofGoodsAndServicesSold": "6018000000", "operatingIncome": "791000000", "sellingGeneralAndAdministrative": "3929000000", "researchAndDevelopment": "None", "operatingExpenses": "9786000000", "investmentIncomeNet": "None", "netInterestIncome": "None", "interestIncome": "None", "interestExpense": "119000000", "nonInterestIncome": "None", "otherNonOperatingIncome": "None", "depreciation": "None", "depreciationAndAmortization": "555000000", "incomeBeforeTax": "1058000000", "incomeTaxExpense": "413000000", "interestAndDebtExpense": "None", "netIncomeFromContinuingOperations": "None", "comprehensiveIncomeNetOfTax": "None", "ebit": "1177000000", "ebitda": "1732000000", "netIncome": "645000000"}, {"fiscalDateEnding": "2006-12-31", "reportedCurrency": "USD", "grossProfit": "3848000000", "totalRevenue": "9086000000", "costOfRevenue": "5238000000", "costofGoodsAndServicesSold": "5238000000", "operatingIncome": "934000000", "sellingGeneralAndAdministrative": "3705000000", "researchAndDevelopment": "None", "operatingExpenses": "8805000000", "investmentIncomeNet": "None", "netInterestIncome": "None", "interestIncome": "None", "interestExpense": "128000000", "nonInterestIncome": "None", "otherNonOperatingIncome": "None", "depreciation": "None", "depreciationAndAmortization": "515000000", "incomeBeforeTax": "790000000", "incomeTaxExpense": "291000000", "interestAndDebtExpense": "None", "netIncomeFromContinuingOperations": "None", "comprehensiveIncomeNetOfTax": "None", "ebit": "934000000", "ebitda": "1449000000", "netIncome": "499000000"}, {"fiscalDateEnding": "2005-12-31", "reportedCurrency": "USD", "grossProfit": "3374000000", "totalRevenue": "7584000000", "costOfRevenue": "4210000000", "costofGoodsAndServicesSold": "4210000000", "operatingIncome": "820000000", "sellingGeneralAndAdministrative": "3319000000", "researchAndDevelopment": "None", "operatingExpenses": "7381000000", "investmentIncomeNet": "None", "netInterestIncome": "None", "interestIncome": "None", "interestExpense": "122000000", "nonInterestIncome": "None", "otherNonOperatingIncome": "None", "depreciation": "None", "depreciationAndAmortization": "469000000", "incomeBeforeTax": "874000000", "incomeTaxExpense": "326000000", "interestAndDebtExpense": "None", "netIncomeFromContinuingOperations": "None", "comprehensiveIncomeNetOfTax": "None", "ebit": "725000000", "ebitda": "1194000000", "netIncome": "548000000"}], "quarterlyReports": [{"fiscalDateEnding": "2024-12-31", "reportedCurrency": "USD", "grossProfit": "1228000000", "totalRevenue": "6930000000", "costOfRevenue": "5702000000", "costofGoodsAndServicesSold": "5702000000", "operatingIncome": "278000000", "sellingGeneralAndAdministrative": "None", "researchAndDevelopment": "None", "operatingExpenses": "950000000", "investmentIncomeNet": "None", "netInterestIncome": "58000000", "interestIncome": "105000000", "interestExpense": "47000000", "nonInterestIncome": "None", "otherNonOperatingIncome": "None", "depreciation": "None", "depreciationAndAmortization": "407000000", "incomeBeforeTax": "329000000", "incomeTaxExpense": "68000000", "interestAndDebtExpense": "None", "netIncomeFromContinuingOperations": "261000000", "comprehensiveIncomeNetOfTax": "None", "ebit": "388000000", "ebitda": "795000000", "netIncome": "261000000"}, {"fiscalDateEnding": "2024-09-30", "reportedCurrency": "USD", "grossProfit": "1117000000", "totalRevenue": "6870000000", "costOfRevenue": "5753000000", "costofGoodsAndServicesSold": "5753000000", "operatingIncome": "38000000", "sellingGeneralAndAdministrative": "None", "researchAndDevelopment": "None", "operatingExpenses": "1077000000", "investmentIncomeNet": "None", "netInterestIncome": "67000000", "interestIncome": "121000000", "interestExpense": "54000000", "nonInterestIncome": "None", "otherNonOperatingIncome": "None", "depreciation": "None", "depreciationAndAmortization": "438000000", "incomeBeforeTax": "89000000", "incomeTaxExpense": "22000000", "interestAndDebtExpense": "None", "netIncomeFromContinuingOperations": "67000000", "comprehensiveIncomeNetOfTax": "None", "ebit": "143000000", "ebitda": "581000000", "netIncome": "67000000"}, {"fiscalDateEnding": "2024-06-30", "reportedCurrency": "USD", "grossProfit": "1548000000", "totalRevenue": "7354000000", "costOfRevenue": "5806000000", "costofGoodsAndServicesSold": "5806000000", "operatingIncome": "457000000", "sellingGeneralAndAdministrative": "None", "researchAndDevelopment": "None", "operatingExpenses": "1091000000", "investmentIncomeNet": "None", "netInterestIncome": "75000000", "interestIncome": "130000000", "interestExpense": "55000000", "nonInterestIncome": "None", "otherNonOperatingIncome": "None", "depreciation": "None", "depreciationAndAmortization": "404000000", "incomeBeforeTax": "478000000", "incomeTaxExpense": "111000000", "interestAndDebtExpense": "None", "netIncomeFromContinuingOperations": "367000000", "comprehensiveIncomeNetOfTax": "None", "ebit": "533000000", "ebitda": "937000000", "netIncome": "367000000"}, {"fiscalDateEnding": "2024-03-31", "reportedCurrency": "USD", "grossProfit": "647000000", "totalRevenue": "6329000000", "costOfRevenue": "5682000000", "costofGoodsAndServicesSold": "5682000000", "operatingIncome": "-369000000", "sellingGeneralAndAdministrative": "None", "researchAndDevelopment": "None", "operatingExpenses": "1016000000", "investmentIncomeNet": "None", "netInterestIncome": "83000000", "interestIncome": "141000000", "interestExpense": "58000000", "nonInterestIncome": "None", "otherNonOperatingIncome": "None", "depreciation": "None", "depreciationAndAmortization": "408000000", "incomeBeforeTax": "-298000000", "incomeTaxExpense": "-67000000", "interestAndDebtExpense": "None", "netIncomeFromContinuingOperations": "-231000000", "comprehensiveIncomeNetOfTax": "None", "ebit": "-240000000", "ebitda": "168000000", "netIncome": "-231000000"}, {"fiscalDateEnding": "2023-12-31", "reportedCurrency": "USD", "grossProfit": "727000000", "totalRevenue": "6823000000", "costOfRevenue": "6096000000", "costofGoodsAndServicesSold": "6096000000", "operatingIncome": "-404000000", "sellingGeneralAndAdministrative": "863000000", "researchAndDevelopment": "None", "operatingExpenses": "1131000000", "investmentIncomeNet": "None", "netInterestIncome": "100000000", "interestIncome": "158000000", "interestExpense": "58000000", "nonInterestIncome": "None", "otherNonOperatingIncome": "None", "depreciation": "None", "depreciationAndAmortization": "415000000", "incomeBeforeTax": "-286000000", "incomeTaxExpense": "-34000000", "interestAndDebtExpense": "None", "netIncomeFromContinuingOperations": "-252000000", "comprehensiveIncomeNetOfTax": "None", "ebit": "-205000000", "ebitda": "210000000", "netIncome": "-252000000"}, {"fiscalDateEnding": "2023-09-30", "reportedCurrency": "USD", "grossProfit": "1075000000", "totalRevenue": "6525000000", "costOfRevenue": "5450000000", "costofGoodsAndServicesSold": "5450000000", "operatingIncome": "117000000", "sellingGeneralAndAdministrative": "3054000000", "researchAndDevelopment": "None", "operatingExpenses": "958000000", "investmentIncomeNet": "None", "netInterestIncome": "97000000", "interestIncome": "156000000", "interestExpense": "59000000", "nonInterestIncome": "None", "otherNonOperatingIncome": "None", "depreciation": "None", "depreciationAndAmortization": "375000000", "incomeBeforeTax": "237000000", "incomeTaxExpense": "44000000", "interestAndDebtExpense": "None", "netIncomeFromContinuingOperations": "193000000", "comprehensiveIncomeNetOfTax": "None", "ebit": "296000000", "ebitda": "671000000", "netIncome": "193000000"}, {"fiscalDateEnding": "2023-06-30", "reportedCurrency": "USD", "grossProfit": "1751000000", "totalRevenue": "7037000000", "costOfRevenue": "5286000000", "costofGoodsAndServicesSold": "5286000000", "operatingIncome": "795000000", "sellingGeneralAndAdministrative": "3057000000", "researchAndDevelopment": "None", "operatingExpenses": "956000000", "investmentIncomeNet": "None", "netInterestIncome": "84000000", "interestIncome": "144000000", "interestExpense": "60000000", "nonInterestIncome": "None", "otherNonOperatingIncome": "151000000", "depreciation": "None", "depreciationAndAmortization": "367000000", "incomeBeforeTax": "886000000", "incomeTaxExpense": "203000000", "interestAndDebtExpense": "None", "netIncomeFromContinuingOperations": "683000000", "comprehensiveIncomeNetOfTax": "None", "ebit": "946000000", "ebitda": "1313000000", "netIncome": "683000000"}, {"fiscalDateEnding": "2023-03-31", "reportedCurrency": "USD", "grossProfit": "668000000", "totalRevenue": "5706000000", "costOfRevenue": "5038000000", "costofGoodsAndServicesSold": "5038000000", "operatingIncome": "-145000000", "sellingGeneralAndAdministrative": "2718000000", "researchAndDevelopment": "None", "operatingExpenses": "952000000", "investmentIncomeNet": "None", "netInterestIncome": "65000000", "interestIncome": "69000000", "interestExpense": "60000000", "nonInterestIncome": "None", "otherNonOperatingIncome": "139000000", "depreciation": "None", "depreciationAndAmortization": "365000000", "incomeBeforeTax": "-205000000", "incomeTaxExpense": "-46000000", "interestAndDebtExpense": "None", "netIncomeFromContinuingOperations": "-159000000", "comprehensiveIncomeNetOfTax": "None", "ebit": "-145000000", "ebitda": "220000000", "netIncome": "-159000000"}, {"fiscalDateEnding": "2022-12-31", "reportedCurrency": "USD", "grossProfit": "1007000000", "totalRevenue": "6172000000", "costOfRevenue": "5165000000", "costofGoodsAndServicesSold": "5165000000", "operatingIncome": "-225000000", "sellingGeneralAndAdministrative": "1169000000", "researchAndDevelopment": "None", "operatingExpenses": "1393000000", "investmentIncomeNet": "None", "netInterestIncome": "56000000", "interestIncome": "59000000", "interestExpense": "60000000", "nonInterestIncome": "None", "otherNonOperatingIncome": "None", "depreciation": "None", "depreciationAndAmortization": "367000000", "incomeBeforeTax": "-286000000", "incomeTaxExpense": "-66000000", "interestAndDebtExpense": "None", "netIncomeFromContinuingOperations": "-220000000", "comprehensiveIncomeNetOfTax": "None", "ebit": "-225000000", "ebitda": "142000000", "netIncome": "-220000000"}, {"fiscalDateEnding": "2022-09-30", "reportedCurrency": "USD", "grossProfit": "1214000000", "totalRevenue": "6220000000", "costOfRevenue": "5006000000", "costofGoodsAndServicesSold": "5006000000", "operatingIncome": "395000000", "sellingGeneralAndAdministrative": "2526000000", "researchAndDevelopment": "None", "operatingExpenses": "819000000", "investmentIncomeNet": "None", "netInterestIncome": "-5000000", "interestIncome": "5000000", "interestExpense": "75000000", "nonInterestIncome": "None", "otherNonOperatingIncome": "None", "depreciation": "None", "depreciationAndAmortization": "335000000", "incomeBeforeTax": "353000000", "incomeTaxExpense": "76000000", "interestAndDebtExpense": "None", "netIncomeFromContinuingOperations": "277000000", "comprehensiveIncomeNetOfTax": "None", "ebit": "428000000", "ebitda": "763000000", "netIncome": "277000000"}, {"fiscalDateEnding": "2022-06-30", "reportedCurrency": "USD", "grossProfit": "1949000000", "totalRevenue": "6728000000", "costOfRevenue": "4779000000", "costofGoodsAndServicesSold": "4779000000", "operatingIncome": "1158000000", "sellingGeneralAndAdministrative": "2430000000", "researchAndDevelopment": "None", "operatingExpenses": "791000000", "investmentIncomeNet": "None", "netInterestIncome": "-54000000", "interestIncome": "28000000", "interestExpense": "82000000", "nonInterestIncome": "None", "otherNonOperatingIncome": "-40000000", "depreciation": "None", "depreciationAndAmortization": "325000000", "incomeBeforeTax": "1036000000", "incomeTaxExpense": "276000000", "interestAndDebtExpense": "None", "netIncomeFromContinuingOperations": "760000000", "comprehensiveIncomeNetOfTax": "None", "ebit": "1118000000", "ebitda": "1443000000", "netIncome": "760000000"}, {"fiscalDateEnding": "2022-03-31", "reportedCurrency": "USD", "grossProfit": "580000000", "totalRevenue": "4694000000", "costOfRevenue": "4114000000", "costofGoodsAndServicesSold": "4114000000", "operatingIncome": "-292000000", "sellingGeneralAndAdministrative": "2440000000", "researchAndDevelopment": "None", "operatingExpenses": "731000000", "investmentIncomeNet": "None", "netInterestIncome": "-81000000", "interestIncome": "3000000", "interestExpense": "84000000", "nonInterestIncome": "None", "otherNonOperatingIncome": "-141000000", "depreciation": "None", "depreciationAndAmortization": "324000000", "incomeBeforeTax": "-376000000", "incomeTaxExpense": "-98000000", "interestAndDebtExpense": "None", "netIncomeFromContinuingOperations": "-278000000", "comprehensiveIncomeNetOfTax": "None", "ebit": "-292000000", "ebitda": "32000000", "netIncome": "-278000000"}, {"fiscalDateEnding": "2021-12-31", "reportedCurrency": "USD", "grossProfit": "879000000", "totalRevenue": "5051000000", "costOfRevenue": "4172000000", "costofGoodsAndServicesSold": "4172000000", "operatingIncome": "195000000", "sellingGeneralAndAdministrative": "497000000", "researchAndDevelopment": "None", "operatingExpenses": "684000000", "investmentIncomeNet": "None", "netInterestIncome": "-107000000", "interestIncome": "107000000", "interestExpense": "114000000", "nonInterestIncome": "None", "otherNonOperatingIncome": "-4000000", "depreciation": "None", "depreciationAndAmortization": "323000000", "incomeBeforeTax": "78000000", "incomeTaxExpense": "10000000", "interestAndDebtExpense": "None", "netIncomeFromContinuingOperations": "68000000", "comprehensiveIncomeNetOfTax": "None", "ebit": "192000000", "ebitda": "515000000", "netIncome": "68000000"}, {"fiscalDateEnding": "2021-09-30", "reportedCurrency": "USD", "grossProfit": "1395000000", "totalRevenue": "4679000000", "costOfRevenue": "3284000000", "costofGoodsAndServicesSold": "3284000000", "operatingIncome": "733000000", "sellingGeneralAndAdministrative": "2372000000", "researchAndDevelopment": "None", "operatingExpenses": "662000000", "investmentIncomeNet": "None", "netInterestIncome": "-104000000", "interestIncome": "2000000", "interestExpense": "106000000", "nonInterestIncome": "None", "otherNonOperatingIncome": "-27000000", "depreciation": "None", "depreciationAndAmortization": "322000000", "incomeBeforeTax": "600000000", "incomeTaxExpense": "154000000", "interestAndDebtExpense": "None", "netIncomeFromContinuingOperations": "446000000", "comprehensiveIncomeNetOfTax": "None", "ebit": "706000000", "ebitda": "1028000000", "netIncome": "446000000"}, {"fiscalDateEnding": "2021-06-30", "reportedCurrency": "USD", "grossProfit": "1180000000", "totalRevenue": "4008000000", "costOfRevenue": "2828000000", "costofGoodsAndServicesSold": "2828000000", "operatingIncome": "594000000", "sellingGeneralAndAdministrative": "2047000000", "researchAndDevelopment": "None", "operatingExpenses": "586000000", "investmentIncomeNet": "None", "netInterestIncome": "-106000000", "interestIncome": "2000000", "interestExpense": "108000000", "nonInterestIncome": "None", "otherNonOperatingIncome": "16000000", "depreciation": "None", "depreciationAndAmortization": "315000000", "incomeBeforeTax": "502000000", "incomeTaxExpense": "154000000", "interestAndDebtExpense": "None", "netIncomeFromContinuingOperations": "348000000", "comprehensiveIncomeNetOfTax": "None", "ebit": "610000000", "ebitda": "925000000", "netIncome": "348000000"}, {"fiscalDateEnding": "2021-03-31", "reportedCurrency": "USD", "grossProfit": "662000000", "totalRevenue": "2052000000", "costOfRevenue": "1390000000", "costofGoodsAndServicesSold": "1390000000", "operatingIncome": "199000000", "sellingGeneralAndAdministrative": "1744000000", "researchAndDevelopment": "None", "operatingExpenses": "463000000", "investmentIncomeNet": "None", "netInterestIncome": "-101000000", "interestIncome": "2000000", "interestExpense": "103000000", "nonInterestIncome": "None", "otherNonOperatingIncome": "50000000", "depreciation": "None", "depreciationAndAmortization": "312000000", "incomeBeforeTax": "146000000", "incomeTaxExpense": "30000000", "interestAndDebtExpense": "None", "netIncomeFromContinuingOperations": "116000000", "comprehensiveIncomeNetOfTax": "None", "ebit": "249000000", "ebitda": "561000000", "netIncome": "116000000"}, {"fiscalDateEnding": "2020-12-31", "reportedCurrency": "USD", "grossProfit": "-649000000", "totalRevenue": "2013000000", "costOfRevenue": "2662000000", "costofGoodsAndServicesSold": "2662000000", "operatingIncome": "-1169000000", "sellingGeneralAndAdministrative": "1000000", "researchAndDevelopment": "None", "operatingExpenses": "520000000", "investmentIncomeNet": "None", "netInterestIncome": "-99000000", "interestIncome": "2000000", "interestExpense": "101000000", "nonInterestIncome": "None", "otherNonOperatingIncome": "-61000000", "depreciation": "None", "depreciationAndAmortization": "316000000", "incomeBeforeTax": "-1331000000", "incomeTaxExpense": "-423000000", "interestAndDebtExpense": "None", "netIncomeFromContinuingOperations": "-908000000", "comprehensiveIncomeNetOfTax": "None", "ebit": "-1241000000", "ebitda": "-925000000", "netIncome": "-908000000"}, {"fiscalDateEnding": "2020-09-30", "reportedCurrency": "USD", "grossProfit": "-923000000", "totalRevenue": "1793000000", "costOfRevenue": "2716000000", "costofGoodsAndServicesSold": "2716000000", "operatingIncome": "-1411000000", "sellingGeneralAndAdministrative": "1863000000", "researchAndDevelopment": "None", "operatingExpenses": "488000000", "investmentIncomeNet": "None", "netInterestIncome": "-96000000", "interestIncome": "96000000", "interestExpense": "100000000", "nonInterestIncome": "None", "otherNonOperatingIncome": "-31000000", "depreciation": "None", "depreciationAndAmortization": "315000000", "incomeBeforeTax": "-1542000000", "incomeTaxExpense": "-385000000", "interestAndDebtExpense": "None", "netIncomeFromContinuingOperations": "-1157000000", "comprehensiveIncomeNetOfTax": "None", "ebit": "-1442000000", "ebitda": "-1127000000", "netIncome": "-1157000000"}, {"fiscalDateEnding": "2020-06-30", "reportedCurrency": "USD", "grossProfit": "-907000000", "totalRevenue": "1008000000", "costOfRevenue": "1915000000", "costofGoodsAndServicesSold": "1915000000", "operatingIncome": "-1127000000", "sellingGeneralAndAdministrative": "1934000000", "researchAndDevelopment": "None", "operatingExpenses": "220000000", "investmentIncomeNet": "None", "netInterestIncome": "-80000000", "interestIncome": "9000000", "interestExpense": "89000000", "nonInterestIncome": "None", "otherNonOperatingIncome": "-23000000", "depreciation": "None", "depreciationAndAmortization": "313000000", "incomeBeforeTax": "-1239000000", "incomeTaxExpense": "-324000000", "interestAndDebtExpense": "None", "netIncomeFromContinuingOperations": "-915000000", "comprehensiveIncomeNetOfTax": "None", "ebit": "-1150000000", "ebitda": "-837000000", "netIncome": "-915000000"}, {"fiscalDateEnding": "2020-03-31", "reportedCurrency": "USD", "grossProfit": "588000000", "totalRevenue": "4234000000", "costOfRevenue": "3646000000", "costofGoodsAndServicesSold": "3646000000", "operatingIncome": "-110000000", "sellingGeneralAndAdministrative": "2126000000", "researchAndDevelopment": "None", "operatingExpenses": "698000000", "investmentIncomeNet": "None", "netInterestIncome": "-6000000", "interestIncome": "17000000", "interestExpense": "23000000", "nonInterestIncome": "None", "otherNonOperatingIncome": "-11000000", "depreciation": "None", "depreciationAndAmortization": "311000000", "incomeBeforeTax": "-144000000", "incomeTaxExpense": "-50000000", "interestAndDebtExpense": "None", "netIncomeFromContinuingOperations": "-94000000", "comprehensiveIncomeNetOfTax": "None", "ebit": "-121000000", "ebitda": "190000000", "netIncome": "-94000000"}, {"fiscalDateEnding": "2019-12-31", "reportedCurrency": "USD", "grossProfit": "1430000000", "totalRevenue": "5729000000", "costOfRevenue": "4299000000", "costofGoodsAndServicesSold": "4299000000", "operatingIncome": "665000000", "sellingGeneralAndAdministrative": "4000000", "researchAndDevelopment": "None", "operatingExpenses": "765000000", "investmentIncomeNet": "None", "netInterestIncome": "1000000", "interestIncome": "20000000", "interestExpense": "19000000", "nonInterestIncome": "None", "otherNonOperatingIncome": "19000000", "depreciation": "None", "depreciationAndAmortization": "313000000", "incomeBeforeTax": "666000000", "incomeTaxExpense": "152000000", "interestAndDebtExpense": "None", "netIncomeFromContinuingOperations": "513000000", "comprehensiveIncomeNetOfTax": "None", "ebit": "680000000", "ebitda": "993000000", "netIncome": "514000000"}, {"fiscalDateEnding": "2019-09-30", "reportedCurrency": "USD", "grossProfit": "1581000000", "totalRevenue": "5639000000", "costOfRevenue": "4058000000", "costofGoodsAndServicesSold": "4058000000", "operatingIncome": "819000000", "sellingGeneralAndAdministrative": "2764000000", "researchAndDevelopment": "None", "operatingExpenses": "762000000", "investmentIncomeNet": "None", "netInterestIncome": "3000000", "interestIncome": "23000000", "interestExpense": "20000000", "nonInterestIncome": "None", "otherNonOperatingIncome": "20000000", "depreciation": "None", "depreciationAndAmortization": "308000000", "incomeBeforeTax": "819000000", "incomeTaxExpense": "160000000", "interestAndDebtExpense": "None", "netIncomeFromContinuingOperations": "659000000", "comprehensiveIncomeNetOfTax": "None", "ebit": "829000000", "ebitda": "1137000000", "netIncome": "659000000"}, {"fiscalDateEnding": "2019-06-30", "reportedCurrency": "USD", "grossProfit": "1736000000", "totalRevenue": "5909000000", "costOfRevenue": "4173000000", "costofGoodsAndServicesSold": "4173000000", "operatingIncome": "968000000", "sellingGeneralAndAdministrative": "2836000000", "researchAndDevelopment": "None", "operatingExpenses": "768000000", "investmentIncomeNet": "None", "netInterestIncome": "2000000", "interestIncome": "24000000", "interestExpense": "22000000", "nonInterestIncome": "None", "otherNonOperatingIncome": "22000000", "depreciation": "None", "depreciationAndAmortization": "302000000", "incomeBeforeTax": "968000000", "incomeTaxExpense": "227000000", "interestAndDebtExpense": "None", "netIncomeFromContinuingOperations": "741000000", "comprehensiveIncomeNetOfTax": "None", "ebit": "982000000", "ebitda": "1284000000", "netIncome": "741000000"}, {"fiscalDateEnding": "2019-03-31", "reportedCurrency": "USD", "grossProfit": "1235000000", "totalRevenue": "5149000000", "costOfRevenue": "3914000000", "costofGoodsAndServicesSold": "3914000000", "operatingIncome": "505000000", "sellingGeneralAndAdministrative": "2706000000", "researchAndDevelopment": "None", "operatingExpenses": "730000000", "investmentIncomeNet": "None", "netInterestIncome": "1000000", "interestIncome": "23000000", "interestExpense": "22000000", "nonInterestIncome": "None", "otherNonOperatingIncome": "21000000", "depreciation": "None", "depreciationAndAmortization": "297000000", "incomeBeforeTax": "504000000", "incomeTaxExpense": "117000000", "interestAndDebtExpense": "None", "netIncomeFromContinuingOperations": "387000000", "comprehensiveIncomeNetOfTax": "None", "ebit": "517000000", "ebitda": "814000000", "netIncome": "387000000"}, {"fiscalDateEnding": "2018-12-31", "reportedCurrency": "USD", "grossProfit": "1577000000", "totalRevenue": "5704000000", "costOfRevenue": "4127000000", "costofGoodsAndServicesSold": "4127000000", "operatingIncome": "820000000", "sellingGeneralAndAdministrative": "12000000", "researchAndDevelopment": "0", "operatingExpenses": "757000000", "investmentIncomeNet": "None", "netInterestIncome": "None", "interestIncome": "None", "interestExpense": "24000000", "nonInterestIncome": "None", "otherNonOperatingIncome": "20000000", "depreciation": "None", "depreciationAndAmortization": "331000000", "incomeBeforeTax": "817000000", "incomeTaxExpense": "163000000", "interestAndDebtExpense": "None", "netIncomeFromContinuingOperations": "654000000", "comprehensiveIncomeNetOfTax": "None", "ebit": "781000000", "ebitda": "1112000000", "netIncome": "654000000"}, {"fiscalDateEnding": "2018-09-30", "reportedCurrency": "USD", "grossProfit": "1537000000", "totalRevenue": "5575000000", "costOfRevenue": "4038000000", "costofGoodsAndServicesSold": "4038000000", "operatingIncome": "798000000", "sellingGeneralAndAdministrative": "2651000000", "researchAndDevelopment": "0", "operatingExpenses": "739000000", "investmentIncomeNet": "None", "netInterestIncome": "None", "interestIncome": "None", "interestExpense": "24000000", "nonInterestIncome": "None", "otherNonOperatingIncome": "12000000", "depreciation": "None", "depreciationAndAmortization": "301000000", "incomeBeforeTax": "786000000", "incomeTaxExpense": "171000000", "interestAndDebtExpense": "None", "netIncomeFromContinuingOperations": "615000000", "comprehensiveIncomeNetOfTax": "None", "ebit": "819000000", "ebitda": "1120000000", "netIncome": "615000000"}, {"fiscalDateEnding": "2018-06-30", "reportedCurrency": "USD", "grossProfit": "1703000000", "totalRevenue": "5742000000", "costOfRevenue": "4039000000", "costofGoodsAndServicesSold": "4039000000", "operatingIncome": "972000000", "sellingGeneralAndAdministrative": "2658000000", "researchAndDevelopment": "0", "operatingExpenses": "731000000", "investmentIncomeNet": "None", "netInterestIncome": "None", "interestIncome": "None", "interestExpense": "23000000", "nonInterestIncome": "None", "otherNonOperatingIncome": "11000000", "depreciation": "None", "depreciationAndAmortization": "292000000", "incomeBeforeTax": "960000000", "incomeTaxExpense": "227000000", "interestAndDebtExpense": "None", "netIncomeFromContinuingOperations": "733000000", "comprehensiveIncomeNetOfTax": "None", "ebit": "993000000", "ebitda": "1285000000", "netIncome": "733000000"}, {"fiscalDateEnding": "2018-03-31", "reportedCurrency": "USD", "grossProfit": "1241000000", "totalRevenue": "4944000000", "costOfRevenue": "3703000000", "costofGoodsAndServicesSold": "3703000000", "operatingIncome": "616000000", "sellingGeneralAndAdministrative": "2446000000", "researchAndDevelopment": "0", "operatingExpenses": "625000000", "investmentIncomeNet": "None", "netInterestIncome": "None", "interestIncome": "None", "interestExpense": "22000000", "nonInterestIncome": "None", "otherNonOperatingIncome": "8000000", "depreciation": "None", "depreciationAndAmortization": "277000000", "incomeBeforeTax": "602000000", "incomeTaxExpense": "139000000", "interestAndDebtExpense": "None", "netIncomeFromContinuingOperations": "463000000", "comprehensiveIncomeNetOfTax": "None", "ebit": "621000000", "ebitda": "898000000", "netIncome": "463000000"}, {"fiscalDateEnding": "2017-12-31", "reportedCurrency": "USD", "grossProfit": "1439000000", "totalRevenue": "5274000000", "costOfRevenue": "3835000000", "costofGoodsAndServicesSold": "3835000000", "operatingIncome": "773000000", "sellingGeneralAndAdministrative": "14000000", "researchAndDevelopment": "0", "operatingExpenses": "666000000", "investmentIncomeNet": "None", "netInterestIncome": "None", "interestIncome": "None", "interestExpense": "19000000", "nonInterestIncome": "None", "otherNonOperatingIncome": "-16000000", "depreciation": "None", "depreciationAndAmortization": "279000000", "incomeBeforeTax": "737000000", "incomeTaxExpense": "-1151000000", "interestAndDebtExpense": "None", "netIncomeFromContinuingOperations": "1888000000", "comprehensiveIncomeNetOfTax": "None", "ebit": "756000000", "ebitda": "1035000000", "netIncome": "1888000000"}, {"fiscalDateEnding": "2017-09-30", "reportedCurrency": "USD", "grossProfit": "1533000000", "totalRevenue": "5271000000", "costOfRevenue": "3738000000", "costofGoodsAndServicesSold": "3738000000", "operatingIncome": "834000000", "sellingGeneralAndAdministrative": "2494000000", "researchAndDevelopment": "0", "operatingExpenses": "699000000", "investmentIncomeNet": "None", "netInterestIncome": "None", "interestIncome": "None", "interestExpense": "13000000", "nonInterestIncome": "None", "otherNonOperatingIncome": "-30000000", "depreciation": "None", "depreciationAndAmortization": "302000000", "incomeBeforeTax": "791000000", "incomeTaxExpense": "288000000", "interestAndDebtExpense": "None", "netIncomeFromContinuingOperations": "503000000", "comprehensiveIncomeNetOfTax": "None", "ebit": "878000000", "ebitda": "1180000000", "netIncome": "503000000"}, {"fiscalDateEnding": "2017-06-30", "reportedCurrency": "USD", "grossProfit": "1932000000", "totalRevenue": "5744000000", "costOfRevenue": "3812000000", "costofGoodsAndServicesSold": "3812000000", "operatingIncome": "1250000000", "sellingGeneralAndAdministrative": "2549000000", "researchAndDevelopment": "0", "operatingExpenses": "682000000", "investmentIncomeNet": "None", "netInterestIncome": "None", "interestIncome": "None", "interestExpense": "14000000", "nonInterestIncome": "None", "otherNonOperatingIncome": "-66000000", "depreciation": "None", "depreciationAndAmortization": "319000000", "incomeBeforeTax": "1170000000", "incomeTaxExpense": "424000000", "interestAndDebtExpense": "None", "netIncomeFromContinuingOperations": "746000000", "comprehensiveIncomeNetOfTax": "None", "ebit": "1182000000", "ebitda": "1501000000", "netIncome": "746000000"}, {"fiscalDateEnding": "2017-03-31", "reportedCurrency": "USD", "grossProfit": "1300000000", "totalRevenue": "4883000000", "costOfRevenue": "3583000000", "costofGoodsAndServicesSold": "3583000000", "operatingIncome": "658000000", "sellingGeneralAndAdministrative": "2375000000", "researchAndDevelopment": "0", "operatingExpenses": "642000000", "investmentIncomeNet": "None", "netInterestIncome": "None", "interestIncome": "None", "interestExpense": "18000000", "nonInterestIncome": "None", "otherNonOperatingIncome": "-87000000", "depreciation": "None", "depreciationAndAmortization": "318000000", "incomeBeforeTax": "553000000", "incomeTaxExpense": "202000000", "interestAndDebtExpense": "None", "netIncomeFromContinuingOperations": "351000000", "comprehensiveIncomeNetOfTax": "None", "ebit": "582000000", "ebitda": "900000000", "netIncome": "351000000"}, {"fiscalDateEnding": "2016-12-31", "reportedCurrency": "USD", "grossProfit": "1505000000", "totalRevenue": "5076000000", "costOfRevenue": "3571000000", "costofGoodsAndServicesSold": "3571000000", "operatingIncome": "846000000", "sellingGeneralAndAdministrative": "2370000000", "researchAndDevelopment": "0", "operatingExpenses": "659000000", "investmentIncomeNet": "None", "netInterestIncome": "None", "interestIncome": "None", "interestExpense": "18000000", "nonInterestIncome": "None", "otherNonOperatingIncome": "-20000000", "depreciation": "None", "depreciationAndAmortization": "318000000", "incomeBeforeTax": "809000000", "incomeTaxExpense": "287000000", "interestAndDebtExpense": "None", "netIncomeFromContinuingOperations": "525000000", "comprehensiveIncomeNetOfTax": "None", "ebit": "827000000", "ebitda": "1145000000", "netIncome": "522000000"}, {"fiscalDateEnding": "2016-09-30", "reportedCurrency": "USD", "grossProfit": "1353000000", "totalRevenue": "5139000000", "costOfRevenue": "3786000000", "costofGoodsAndServicesSold": "3786000000", "operatingIncome": "695000000", "sellingGeneralAndAdministrative": "2567000000", "researchAndDevelopment": "0", "operatingExpenses": "658000000", "investmentIncomeNet": "None", "netInterestIncome": "None", "interestIncome": "None", "interestExpense": "19000000", "nonInterestIncome": "None", "otherNonOperatingIncome": "-58000000", "depreciation": "None", "depreciationAndAmortization": "315000000", "incomeBeforeTax": "618000000", "incomeTaxExpense": "230000000", "interestAndDebtExpense": "None", "netIncomeFromContinuingOperations": "388000000", "comprehensiveIncomeNetOfTax": "None", "ebit": "634000000", "ebitda": "949000000", "netIncome": "388000000"}, {"fiscalDateEnding": "2016-06-30", "reportedCurrency": "USD", "grossProfit": "1895000000", "totalRevenue": "5384000000", "costOfRevenue": "3489000000", "costofGoodsAndServicesSold": "3489000000", "operatingIncome": "1276000000", "sellingGeneralAndAdministrative": "2258000000", "researchAndDevelopment": "0", "operatingExpenses": "619000000", "investmentIncomeNet": "None", "netInterestIncome": "None", "interestIncome": "None", "interestExpense": "21000000", "nonInterestIncome": "None", "otherNonOperatingIncome": "49000000", "depreciation": "None", "depreciationAndAmortization": "299000000", "incomeBeforeTax": "1304000000", "incomeTaxExpense": "484000000", "interestAndDebtExpense": "None", "netIncomeFromContinuingOperations": "820000000", "comprehensiveIncomeNetOfTax": "None", "ebit": "1325000000", "ebitda": "1624000000", "netIncome": "820000000"}, {"fiscalDateEnding": "2016-03-31", "reportedCurrency": "USD", "grossProfit": "1522000000", "totalRevenue": "4826000000", "costOfRevenue": "3304000000", "costofGoodsAndServicesSold": "3304000000", "operatingIncome": "944000000", "sellingGeneralAndAdministrative": "2117000000", "researchAndDevelopment": "0", "operatingExpenses": "578000000", "investmentIncomeNet": "None", "netInterestIncome": "None", "interestIncome": "None", "interestExpense": "19000000", "nonInterestIncome": "None", "otherNonOperatingIncome": "-109000000", "depreciation": "None", "depreciationAndAmortization": "290000000", "incomeBeforeTax": "816000000", "incomeTaxExpense": "305000000", "interestAndDebtExpense": "None", "netIncomeFromContinuingOperations": "511000000", "comprehensiveIncomeNetOfTax": "None", "ebit": "835000000", "ebitda": "1125000000", "netIncome": "511000000"}, {"fiscalDateEnding": "2015-12-31", "reportedCurrency": "USD", "grossProfit": "1643000000", "totalRevenue": "4977000000", "costOfRevenue": "3334000000", "costofGoodsAndServicesSold": "3334000000", "operatingIncome": "1026000000", "sellingGeneralAndAdministrative": "2268000000", "researchAndDevelopment": "0", "operatingExpenses": "611000000", "investmentIncomeNet": "None", "netInterestIncome": "None", "interestIncome": "None", "interestExpense": "19000000", "nonInterestIncome": "None", "otherNonOperatingIncome": "-160000000", "depreciation": "None", "depreciationAndAmortization": "263000000", "incomeBeforeTax": "847000000", "incomeTaxExpense": "311000000", "interestAndDebtExpense": "None", "netIncomeFromContinuingOperations": "536000000", "comprehensiveIncomeNetOfTax": "None", "ebit": "869000000", "ebitda": "1132000000", "netIncome": "536000000"}, {"fiscalDateEnding": "2015-09-30", "reportedCurrency": "USD", "grossProfit": "1803000000", "totalRevenue": "5318000000", "costOfRevenue": "3515000000", "costofGoodsAndServicesSold": "3515000000", "operatingIncome": "1225000000", "sellingGeneralAndAdministrative": "2271000000", "researchAndDevelopment": "0", "operatingExpenses": "572000000", "investmentIncomeNet": "None", "netInterestIncome": "None", "interestIncome": "None", "interestExpense": "22000000", "nonInterestIncome": "None", "otherNonOperatingIncome": "-270000000", "depreciation": "None", "depreciationAndAmortization": "258000000", "incomeBeforeTax": "933000000", "incomeTaxExpense": "349000000", "interestAndDebtExpense": "None", "netIncomeFromContinuingOperations": "584000000", "comprehensiveIncomeNetOfTax": "None", "ebit": "955000000", "ebitda": "1213000000", "netIncome": "584000000"}, {"fiscalDateEnding": "2015-06-30", "reportedCurrency": "USD", "grossProfit": "1651000000", "totalRevenue": "5111000000", "costOfRevenue": "3460000000", "costofGoodsAndServicesSold": "3460000000", "operatingIncome": "1085000000", "sellingGeneralAndAdministrative": "2170000000", "researchAndDevelopment": "0", "operatingExpenses": "563000000", "investmentIncomeNet": "None", "netInterestIncome": "None", "interestIncome": "None", "interestExpense": "22000000", "nonInterestIncome": "None", "otherNonOperatingIncome": "-86000000", "depreciation": "None", "depreciationAndAmortization": "250000000", "incomeBeforeTax": "977000000", "incomeTaxExpense": "369000000", "interestAndDebtExpense": "None", "netIncomeFromContinuingOperations": "608000000", "comprehensiveIncomeNetOfTax": "None", "ebit": "999000000", "ebitda": "1249000000", "netIncome": "608000000"}, {"fiscalDateEnding": "2015-03-31", "reportedCurrency": "USD", "grossProfit": "1300000000", "totalRevenue": "4414000000", "costOfRevenue": "3114000000", "costofGoodsAndServicesSold": "3114000000", "operatingIncome": "780000000", "sellingGeneralAndAdministrative": "1916000000", "researchAndDevelopment": "0", "operatingExpenses": "497000000", "investmentIncomeNet": "None", "netInterestIncome": "None", "interestIncome": "None", "interestExpense": "26000000", "nonInterestIncome": "None", "otherNonOperatingIncome": "-31000000", "depreciation": "None", "depreciationAndAmortization": "244000000", "incomeBeforeTax": "723000000", "incomeTaxExpense": "270000000", "interestAndDebtExpense": "None", "netIncomeFromContinuingOperations": "453000000", "comprehensiveIncomeNetOfTax": "None", "ebit": "749000000", "ebitda": "993000000", "netIncome": "453000000"}, {"fiscalDateEnding": "2014-12-31", "reportedCurrency": "USD", "grossProfit": "1246000000", "totalRevenue": "4628000000", "costOfRevenue": "3382000000", "costofGoodsAndServicesSold": "3382000000", "operatingIncome": "621000000", "sellingGeneralAndAdministrative": "1968000000", "researchAndDevelopment": "0", "operatingExpenses": "577000000", "investmentIncomeNet": "None", "netInterestIncome": "None", "interestIncome": "None", "interestExpense": "27000000", "nonInterestIncome": "None", "otherNonOperatingIncome": "-292000000", "depreciation": "None", "depreciationAndAmortization": "251000000", "incomeBeforeTax": "302000000", "incomeTaxExpense": "112000000", "interestAndDebtExpense": "None", "netIncomeFromContinuingOperations": "190000000", "comprehensiveIncomeNetOfTax": "None", "ebit": "329000000", "ebitda": "580000000", "netIncome": "190000000"}, {"fiscalDateEnding": "2014-09-30", "reportedCurrency": "USD", "grossProfit": "1205000000", "totalRevenue": "4800000000", "costOfRevenue": "3595000000", "costofGoodsAndServicesSold": "3595000000", "operatingIncome": "614000000", "sellingGeneralAndAdministrative": "1931000000", "researchAndDevelopment": "0", "operatingExpenses": "568000000", "investmentIncomeNet": "None", "netInterestIncome": "None", "interestIncome": "None", "interestExpense": "25000000", "nonInterestIncome": "None", "otherNonOperatingIncome": "-64000000", "depreciation": "None", "depreciationAndAmortization": "238000000", "incomeBeforeTax": "525000000", "incomeTaxExpense": "196000000", "interestAndDebtExpense": "None", "netIncomeFromContinuingOperations": "329000000", "comprehensiveIncomeNetOfTax": "None", "ebit": "550000000", "ebitda": "788000000", "netIncome": "329000000"}, {"fiscalDateEnding": "2014-06-30", "reportedCurrency": "USD", "grossProfit": "1346000000", "totalRevenue": "5011000000", "costOfRevenue": "3665000000", "costofGoodsAndServicesSold": "3665000000", "operatingIncome": "775000000", "sellingGeneralAndAdministrative": "1939000000", "researchAndDevelopment": "0", "operatingExpenses": "533000000", "investmentIncomeNet": "None", "netInterestIncome": "None", "interestIncome": "None", "interestExpense": "28000000", "nonInterestIncome": "None", "otherNonOperatingIncome": "-1000000", "depreciation": "None", "depreciationAndAmortization": "228000000", "incomeBeforeTax": "746000000", "incomeTaxExpense": "281000000", "interestAndDebtExpense": "None", "netIncomeFromContinuingOperations": "465000000", "comprehensiveIncomeNetOfTax": "None", "ebit": "774000000", "ebitda": "1002000000", "netIncome": "465000000"}, {"fiscalDateEnding": "2014-03-31", "reportedCurrency": "USD", "grossProfit": "759000000", "totalRevenue": "4166000000", "costOfRevenue": "3407000000", "costofGoodsAndServicesSold": "3407000000", "operatingIncome": "215000000", "sellingGeneralAndAdministrative": "1801000000", "researchAndDevelopment": "0", "operatingExpenses": "526000000", "investmentIncomeNet": "None", "netInterestIncome": "None", "interestIncome": "None", "interestExpense": "26000000", "nonInterestIncome": "None", "otherNonOperatingIncome": "55000000", "depreciation": "None", "depreciationAndAmortization": "221000000", "incomeBeforeTax": "244000000", "incomeTaxExpense": "92000000", "interestAndDebtExpense": "None", "netIncomeFromContinuingOperations": "152000000", "comprehensiveIncomeNetOfTax": "None", "ebit": "270000000", "ebitda": "491000000", "netIncome": "152000000"}, {"fiscalDateEnding": "2013-12-31", "reportedCurrency": "USD", "grossProfit": "977000000", "totalRevenue": "4428000000", "costOfRevenue": "3451000000", "costofGoodsAndServicesSold": "3451000000", "operatingIncome": "386000000", "sellingGeneralAndAdministrative": "1857000000", "researchAndDevelopment": "0", "operatingExpenses": "572000000", "investmentIncomeNet": "None", "netInterestIncome": "None", "interestIncome": "None", "interestExpense": "26000000", "nonInterestIncome": "None", "otherNonOperatingIncome": "-25000000", "depreciation": "None", "depreciationAndAmortization": "223000000", "incomeBeforeTax": "334000000", "incomeTaxExpense": "122000000", "interestAndDebtExpense": "None", "netIncomeFromContinuingOperations": "212000000", "comprehensiveIncomeNetOfTax": "None", "ebit": "379000000", "ebitda": "602000000", "netIncome": "212000000"}, {"fiscalDateEnding": "2013-09-30", "reportedCurrency": "USD", "grossProfit": "950000000", "totalRevenue": "4545000000", "costOfRevenue": "3595000000", "costofGoodsAndServicesSold": "3595000000", "operatingIncome": "390000000", "sellingGeneralAndAdministrative": "1803000000", "researchAndDevelopment": "0", "operatingExpenses": "532000000", "investmentIncomeNet": "None", "netInterestIncome": "None", "interestIncome": "None", "interestExpense": "31000000", "nonInterestIncome": "None", "otherNonOperatingIncome": "60000000", "depreciation": "None", "depreciationAndAmortization": "221000000", "incomeBeforeTax": "419000000", "incomeTaxExpense": "160000000", "interestAndDebtExpense": "None", "netIncomeFromContinuingOperations": "259000000", "comprehensiveIncomeNetOfTax": "None", "ebit": "450000000", "ebitda": "671000000", "netIncome": "259000000"}, {"fiscalDateEnding": "2013-06-30", "reportedCurrency": "USD", "grossProfit": "978000000", "totalRevenue": "4643000000", "costOfRevenue": "3665000000", "costofGoodsAndServicesSold": "3665000000", "operatingIncome": "433000000", "sellingGeneralAndAdministrative": "1817000000", "researchAndDevelopment": "0", "operatingExpenses": "519000000", "investmentIncomeNet": "None", "netInterestIncome": "None", "interestIncome": "None", "interestExpense": "25000000", "nonInterestIncome": "None", "otherNonOperatingIncome": "-45000000", "depreciation": "None", "depreciationAndAmortization": "213000000", "incomeBeforeTax": "363000000", "incomeTaxExpense": "139000000", "interestAndDebtExpense": "None", "netIncomeFromContinuingOperations": "224000000", "comprehensiveIncomeNetOfTax": "None", "ebit": "388000000", "ebitda": "601000000", "netIncome": "224000000"}, {"fiscalDateEnding": "2013-03-31", "reportedCurrency": "USD", "grossProfit": "584000000", "totalRevenue": "4084000000", "costOfRevenue": "3500000000", "costofGoodsAndServicesSold": "3500000000", "operatingIncome": "70000000", "sellingGeneralAndAdministrative": "1684000000", "researchAndDevelopment": "0", "operatingExpenses": "501000000", "investmentIncomeNet": "None", "netInterestIncome": "None", "interestIncome": "None", "interestExpense": "24000000", "nonInterestIncome": "None", "otherNonOperatingIncome": "48000000", "depreciation": "None", "depreciationAndAmortization": "210000000", "incomeBeforeTax": "94000000", "incomeTaxExpense": "35000000", "interestAndDebtExpense": "None", "netIncomeFromContinuingOperations": "59000000", "comprehensiveIncomeNetOfTax": "None", "ebit": "118000000", "ebitda": "328000000", "netIncome": "59000000"}, {"fiscalDateEnding": "2012-12-31", "reportedCurrency": "USD", "grossProfit": "640000000", "totalRevenue": "4173000000", "costOfRevenue": "3533000000", "costofGoodsAndServicesSold": "3533000000", "operatingIncome": "91000000", "sellingGeneralAndAdministrative": "5054000000", "researchAndDevelopment": "0", "operatingExpenses": "535000000", "investmentIncomeNet": "None", "netInterestIncome": "None", "interestIncome": "None", "interestExpense": "30000000", "nonInterestIncome": "None", "otherNonOperatingIncome": "64000000", "depreciation": "None", "depreciationAndAmortization": "224000000", "incomeBeforeTax": "125000000", "incomeTaxExpense": "47000000", "interestAndDebtExpense": "None", "netIncomeFromContinuingOperations": "79000000", "comprehensiveIncomeNetOfTax": "None", "ebit": "155000000", "ebitda": "379000000", "netIncome": "78000000"}, {"fiscalDateEnding": "2012-09-30", "reportedCurrency": "USD", "grossProfit": "2111000000", "totalRevenue": "4309000000", "costOfRevenue": "2198000000", "costofGoodsAndServicesSold": "2198000000", "operatingIncome": "51000000", "sellingGeneralAndAdministrative": "1189000000", "researchAndDevelopment": "0", "operatingExpenses": "1915000000", "investmentIncomeNet": "None", "netInterestIncome": "None", "interestIncome": "None", "interestExpense": "30000000", "nonInterestIncome": "None", "otherNonOperatingIncome": "12000000", "depreciation": "None", "depreciationAndAmortization": "217000000", "incomeBeforeTax": "33000000", "incomeTaxExpense": "17000000", "interestAndDebtExpense": "None", "netIncomeFromContinuingOperations": "16000000", "comprehensiveIncomeNetOfTax": "None", "ebit": "63000000", "ebitda": "280000000", "netIncome": "16000000"}, {"fiscalDateEnding": "2012-06-30", "reportedCurrency": "USD", "grossProfit": "2398000000", "totalRevenue": "4616000000", "costOfRevenue": "2218000000", "costofGoodsAndServicesSold": "2218000000", "operatingIncome": "460000000", "sellingGeneralAndAdministrative": "1222000000", "researchAndDevelopment": "0", "operatingExpenses": "1927000000", "investmentIncomeNet": "None", "netInterestIncome": "None", "interestIncome": "None", "interestExpense": "32000000", "nonInterestIncome": "None", "otherNonOperatingIncome": "-60000000", "depreciation": "None", "depreciationAndAmortization": "202000000", "incomeBeforeTax": "368000000", "incomeTaxExpense": "140000000", "interestAndDebtExpense": "None", "netIncomeFromContinuingOperations": "228000000", "comprehensiveIncomeNetOfTax": "None", "ebit": "473000000", "ebitda": "675000000", "netIncome": "228000000"}, {"fiscalDateEnding": "2012-03-31", "reportedCurrency": "USD", "grossProfit": "1867000000", "totalRevenue": "3991000000", "costOfRevenue": "2124000000", "costofGoodsAndServicesSold": "2124000000", "operatingIncome": "22000000", "sellingGeneralAndAdministrative": "1141000000", "researchAndDevelopment": "0", "operatingExpenses": "1832000000", "investmentIncomeNet": "None", "netInterestIncome": "None", "interestIncome": "None", "interestExpense": "35000000", "nonInterestIncome": "None", "otherNonOperatingIncome": "172000000", "depreciation": "None", "depreciationAndAmortization": "201000000", "incomeBeforeTax": "159000000", "incomeTaxExpense": "61000000", "interestAndDebtExpense": "None", "netIncomeFromContinuingOperations": "98000000", "comprehensiveIncomeNetOfTax": "None", "ebit": "194000000", "ebitda": "395000000", "netIncome": "98000000"}, {"fiscalDateEnding": "2011-12-31", "reportedCurrency": "USD", "grossProfit": "2028000000", "totalRevenue": "4108000000", "costOfRevenue": "2080000000", "costofGoodsAndServicesSold": "2080000000", "operatingIncome": "147000000", "sellingGeneralAndAdministrative": "1145000000", "researchAndDevelopment": "0", "operatingExpenses": "1844000000", "investmentIncomeNet": "None", "netInterestIncome": "None", "interestIncome": "None", "interestExpense": "47000000", "nonInterestIncome": "None", "otherNonOperatingIncome": "159999883", "depreciation": "None", "depreciationAndAmortization": "192000000", "incomeBeforeTax": "255000000", "incomeTaxExpense": "103000000", "interestAndDebtExpense": "None", "netIncomeFromContinuingOperations": "312999839", "comprehensiveIncomeNetOfTax": "None", "ebit": "302000000", "ebitda": "494000000", "netIncome": "152000000"}, {"fiscalDateEnding": "2011-09-30", "reportedCurrency": "USD", "grossProfit": "2106000000", "totalRevenue": "4311000000", "costOfRevenue": "2205000000", "costofGoodsAndServicesSold": "2205000000", "operatingIncome": "225000000", "sellingGeneralAndAdministrative": "1146000000", "researchAndDevelopment": "0", "operatingExpenses": "1859000000", "investmentIncomeNet": "None", "netInterestIncome": "None", "interestIncome": "None", "interestExpense": "47000000", "nonInterestIncome": "None", "otherNonOperatingIncome": "-404000000", "depreciation": "None", "depreciationAndAmortization": "191000000", "incomeBeforeTax": "-226000000", "incomeTaxExpense": "-86000000", "interestAndDebtExpense": "None", "netIncomeFromContinuingOperations": "-140000000", "comprehensiveIncomeNetOfTax": "None", "ebit": "-176000000", "ebitda": "15000000", "netIncome": "-140000000"}, {"fiscalDateEnding": "2011-06-30", "reportedCurrency": "USD", "grossProfit": "2037000000", "totalRevenue": "4136000000", "costOfRevenue": "2099000000", "costofGoodsAndServicesSold": "2099000000", "operatingIncome": "207000000", "sellingGeneralAndAdministrative": "1125000000", "researchAndDevelopment": "0", "operatingExpenses": "1772000000", "investmentIncomeNet": "None", "netInterestIncome": "None", "interestIncome": "None", "interestExpense": "49000000", "nonInterestIncome": "None", "otherNonOperatingIncome": "117", "depreciation": "None", "depreciationAndAmortization": "177000000", "incomeBeforeTax": "275000000", "incomeTaxExpense": "114000000", "interestAndDebtExpense": "None", "netIncomeFromContinuingOperations": "161", "comprehensiveIncomeNetOfTax": "None", "ebit": "323000000", "ebitda": "500000000", "netIncome": "161000000"}, {"fiscalDateEnding": "2011-03-31", "reportedCurrency": "USD", "grossProfit": "1619000000", "totalRevenue": "3103000000", "costOfRevenue": "1484000000", "costofGoodsAndServicesSold": "1484000000", "operatingIncome": "114000000", "sellingGeneralAndAdministrative": "954000000", "researchAndDevelopment": "0", "operatingExpenses": "1505000000", "investmentIncomeNet": "None", "netInterestIncome": "None", "interestIncome": "None", "interestExpense": "40000000", "nonInterestIncome": "None", "otherNonOperatingIncome": "56000000", "depreciation": "None", "depreciationAndAmortization": "155000000", "incomeBeforeTax": "18000000", "incomeTaxExpense": "13000000", "interestAndDebtExpense": "None", "netIncomeFromContinuingOperations": "5000000", "comprehensiveIncomeNetOfTax": "None", "ebit": "58000000", "ebitda": "213000000", "netIncome": "5000000"}, {"fiscalDateEnding": "2010-12-31", "reportedCurrency": "USD", "grossProfit": "252000000", "totalRevenue": "3114000000", "costOfRevenue": "2862000000", "costofGoodsAndServicesSold": "2862000000", "operatingIncome": "216000000", "sellingGeneralAndAdministrative": "956000000", "researchAndDevelopment": "0", "operatingExpenses": "1518000000", "investmentIncomeNet": "None", "netInterestIncome": "None", "interestIncome": "None", "interestExpense": "38000000", "nonInterestIncome": "None", "otherNonOperatingIncome": "-32000000", "depreciation": "None", "depreciationAndAmortization": "159000000", "incomeBeforeTax": "213000000", "incomeTaxExpense": "82000000", "interestAndDebtExpense": "None", "netIncomeFromContinuingOperations": "131000000", "comprehensiveIncomeNetOfTax": "None", "ebit": "251000000", "ebitda": "410000000", "netIncome": "131000000"}, {"fiscalDateEnding": "2010-09-30", "reportedCurrency": "USD", "grossProfit": "2323000000", "totalRevenue": "3192000000", "costOfRevenue": "869000000", "costofGoodsAndServicesSold": "869000000", "operatingIncome": "355000000", "sellingGeneralAndAdministrative": "938000000", "researchAndDevelopment": "0", "operatingExpenses": "1462000000", "investmentIncomeNet": "None", "netInterestIncome": "None", "interestIncome": "None", "interestExpense": "38000000", "nonInterestIncome": "None", "otherNonOperatingIncome": "-15000000", "depreciation": "None", "depreciationAndAmortization": "161000000", "incomeBeforeTax": "332000000", "incomeTaxExpense": "127000000", "interestAndDebtExpense": "None", "netIncomeFromContinuingOperations": "205000000", "comprehensiveIncomeNetOfTax": "None", "ebit": "370000000", "ebitda": "531000000", "netIncome": "205000000"}, {"fiscalDateEnding": "2010-06-30", "reportedCurrency": "USD", "grossProfit": "2292000000", "totalRevenue": "3168000000", "costOfRevenue": "876000000", "costofGoodsAndServicesSold": "876000000", "operatingIncome": "363000000", "sellingGeneralAndAdministrative": "946000000", "researchAndDevelopment": "0", "operatingExpenses": "1427000000", "investmentIncomeNet": "None", "netInterestIncome": "None", "interestIncome": "None", "interestExpense": "42000000", "nonInterestIncome": "None", "otherNonOperatingIncome": "142000000", "depreciation": "None", "depreciationAndAmortization": "154000000", "incomeBeforeTax": "184000000", "incomeTaxExpense": "72000000", "interestAndDebtExpense": "None", "netIncomeFromContinuingOperations": "112000000", "comprehensiveIncomeNetOfTax": "None", "ebit": "221000000", "ebitda": "375000000", "netIncome": "112000000"}, {"fiscalDateEnding": "2010-03-31", "reportedCurrency": "USD", "grossProfit": "1880000000", "totalRevenue": "2630000000", "costOfRevenue": "750000000", "costofGoodsAndServicesSold": "750000000", "operatingIncome": "54000000", "sellingGeneralAndAdministrative": "864000000", "researchAndDevelopment": "0", "operatingExpenses": "1352000000", "investmentIncomeNet": "None", "netInterestIncome": "None", "interestIncome": "None", "interestExpense": "36000000", "nonInterestIncome": "None", "otherNonOperatingIncome": "-1000000", "depreciation": "None", "depreciationAndAmortization": "154000000", "incomeBeforeTax": "17000000", "incomeTaxExpense": "6000000", "interestAndDebtExpense": "None", "netIncomeFromContinuingOperations": "11000000", "comprehensiveIncomeNetOfTax": "None", "ebit": "57000000", "ebitda": "211000000", "netIncome": "11000000"}, {"fiscalDateEnding": "2009-12-31", "reportedCurrency": "USD", "grossProfit": "1983000000", "totalRevenue": "2712000000", "costOfRevenue": "729000000", "costofGoodsAndServicesSold": "729000000", "operatingIncome": "167000000", "sellingGeneralAndAdministrative": "861000000", "researchAndDevelopment": "0", "operatingExpenses": "1362000000", "investmentIncomeNet": "None", "netInterestIncome": "None", "interestIncome": "None", "interestExpense": "41000000", "nonInterestIncome": "None", "otherNonOperatingIncome": "75000000", "depreciation": "None", "depreciationAndAmortization": "154000000", "incomeBeforeTax": "184000000", "incomeTaxExpense": "69000000", "interestAndDebtExpense": "None", "netIncomeFromContinuingOperations": "115000000", "comprehensiveIncomeNetOfTax": "None", "ebit": "225000000", "ebitda": "379000000", "netIncome": "115000000"}, {"fiscalDateEnding": "2009-09-30", "reportedCurrency": "USD", "grossProfit": "1895000000", "totalRevenue": "2666000000", "costOfRevenue": "771000000", "costofGoodsAndServicesSold": "771000000", "operatingIncome": "22000000", "sellingGeneralAndAdministrative": "909000000", "researchAndDevelopment": "0", "operatingExpenses": "1395000000", "investmentIncomeNet": "None", "netInterestIncome": "None", "interestIncome": "None", "interestExpense": "43000000", "nonInterestIncome": "None", "otherNonOperatingIncome": "-1000000", "depreciation": "None", "depreciationAndAmortization": "162000000", "incomeBeforeTax": "-20000000", "incomeTaxExpense": "-4000000", "interestAndDebtExpense": "None", "netIncomeFromContinuingOperations": "-16000000", "comprehensiveIncomeNetOfTax": "None", "ebit": "23000000", "ebitda": "185000000", "netIncome": "-16000000"}, {"fiscalDateEnding": "2009-06-30", "reportedCurrency": "USD", "grossProfit": "1926000000", "totalRevenue": "2616000000", "costOfRevenue": "690000000", "costofGoodsAndServicesSold": "690000000", "operatingIncome": "123000000", "sellingGeneralAndAdministrative": "863000000", "researchAndDevelopment": "0", "operatingExpenses": "1351000000", "investmentIncomeNet": "None", "netInterestIncome": "None", "interestIncome": "None", "interestExpense": "42000000", "nonInterestIncome": "None", "otherNonOperatingIncome": "-26000000", "depreciation": "None", "depreciationAndAmortization": "150000000", "incomeBeforeTax": "50000000", "incomeTaxExpense": "-4000000", "interestAndDebtExpense": "None", "netIncomeFromContinuingOperations": "91000000", "comprehensiveIncomeNetOfTax": "None", "ebit": "154000000", "ebitda": "304000000", "netIncome": "54000000"}, {"fiscalDateEnding": "2009-03-31", "reportedCurrency": "USD", "grossProfit": "1686000000", "totalRevenue": "2357000000", "costOfRevenue": "671000000", "costofGoodsAndServicesSold": "671000000", "operatingIncome": "-50000000", "sellingGeneralAndAdministrative": "836000000", "researchAndDevelopment": "0", "operatingExpenses": "1314000000", "investmentIncomeNet": "None", "netInterestIncome": "None", "interestIncome": "None", "interestExpense": "44000000", "nonInterestIncome": "None", "otherNonOperatingIncome": "19000000", "depreciation": "None", "depreciationAndAmortization": "150000000", "incomeBeforeTax": "-107000000", "incomeTaxExpense": "-16000000", "interestAndDebtExpense": "None", "netIncomeFromContinuingOperations": "-91000000", "comprehensiveIncomeNetOfTax": "None", "ebit": "-63000000", "ebitda": "87000000", "netIncome": "-91000000"}, {"fiscalDateEnding": "2008-12-31", "reportedCurrency": "USD", "grossProfit": "1673000000", "totalRevenue": "2734000000", "costOfRevenue": "1061000000", "costofGoodsAndServicesSold": "1061000000", "operatingIncome": "69000000", "sellingGeneralAndAdministrative": "846000000", "researchAndDevelopment": "0", "operatingExpenses": "1196000000", "investmentIncomeNet": "None", "netInterestIncome": "None", "interestIncome": "None", "interestExpense": "35000000", "nonInterestIncome": "None", "otherNonOperatingIncome": "None", "depreciation": "None", "depreciationAndAmortization": "154000000", "incomeBeforeTax": "-83000000", "incomeTaxExpense": "-27000000", "interestAndDebtExpense": "None", "netIncomeFromContinuingOperations": "0", "comprehensiveIncomeNetOfTax": "None", "ebit": "-20000000", "ebitda": "134000000", "netIncome": "-56000000"}, {"fiscalDateEnding": "2008-09-30", "reportedCurrency": "USD", "grossProfit": "1906000000", "totalRevenue": "2891000000", "costOfRevenue": "985000000", "costofGoodsAndServicesSold": "985000000", "operatingIncome": "86000000", "sellingGeneralAndAdministrative": "856000000", "researchAndDevelopment": "0", "operatingExpenses": "1410000000", "investmentIncomeNet": "None", "netInterestIncome": "None", "interestIncome": "None", "interestExpense": "35000000", "nonInterestIncome": "None", "otherNonOperatingIncome": "None", "depreciation": "None", "depreciationAndAmortization": "152000000", "incomeBeforeTax": "-205000000", "incomeTaxExpense": "-85000000", "interestAndDebtExpense": "None", "netIncomeFromContinuingOperations": "0", "comprehensiveIncomeNetOfTax": "None", "ebit": "-170000000", "ebitda": "-18000000", "netIncome": "-120000000"}, {"fiscalDateEnding": "2008-06-30", "reportedCurrency": "USD", "grossProfit": "1981000000", "totalRevenue": "2869000000", "costOfRevenue": "888000000", "costofGoodsAndServicesSold": "888000000", "operatingIncome": "205000000", "sellingGeneralAndAdministrative": "839000000", "researchAndDevelopment": "0", "operatingExpenses": "1382000000", "investmentIncomeNet": "None", "netInterestIncome": "None", "interestIncome": "None", "interestExpense": "32000000", "nonInterestIncome": "None", "otherNonOperatingIncome": "None", "depreciation": "None", "depreciationAndAmortization": "148000000", "incomeBeforeTax": "529000000", "incomeTaxExpense": "208000000", "interestAndDebtExpense": "None", "netIncomeFromContinuingOperations": "0", "comprehensiveIncomeNetOfTax": "None", "ebit": "555000000", "ebitda": "703000000", "netIncome": "321000000"}, {"fiscalDateEnding": "2008-03-31", "reportedCurrency": "USD", "grossProfit": "824000000", "totalRevenue": "2530000000", "costOfRevenue": "1706000000", "costofGoodsAndServicesSold": "1706000000", "operatingIncome": "88000000", "sellingGeneralAndAdministrative": "1009000000", "researchAndDevelopment": "0", "operatingExpenses": "2651000000", "investmentIncomeNet": "None", "netInterestIncome": "None", "interestIncome": "None", "interestExpense": "28000000", "nonInterestIncome": "None", "otherNonOperatingIncome": "None", "depreciation": "None", "depreciationAndAmortization": "145000000", "incomeBeforeTax": "37000000", "incomeTaxExpense": "3000000", "interestAndDebtExpense": "None", "netIncomeFromContinuingOperations": "0", "comprehensiveIncomeNetOfTax": "None", "ebit": "65000000", "ebitda": "210000000", "netIncome": "34000000"}, {"fiscalDateEnding": "2007-12-31", "reportedCurrency": "USD", "grossProfit": "893000000", "totalRevenue": "2492000000", "costOfRevenue": "1599000000", "costofGoodsAndServicesSold": "1599000000", "operatingIncome": "127000000", "sellingGeneralAndAdministrative": "978000000", "researchAndDevelopment": "0", "operatingExpenses": "2543000000", "investmentIncomeNet": "None", "netInterestIncome": "None", "interestIncome": "None", "interestExpense": "119000000", "nonInterestIncome": "None", "otherNonOperatingIncome": "None", "depreciation": "None", "depreciationAndAmortization": "144000000", "incomeBeforeTax": "184000000", "incomeTaxExpense": "72000000", "interestAndDebtExpense": "None", "netIncomeFromContinuingOperations": "0", "comprehensiveIncomeNetOfTax": "None", "ebit": "304000000", "ebitda": "448000000", "netIncome": "112000000"}, {"fiscalDateEnding": "2007-09-30", "reportedCurrency": "USD", "grossProfit": "1040000000", "totalRevenue": "2588000000", "costOfRevenue": "1548000000", "costofGoodsAndServicesSold": "1548000000", "operatingIncome": "251000000", "sellingGeneralAndAdministrative": "1015000000", "researchAndDevelopment": "0", "operatingExpenses": "2520000000", "investmentIncomeNet": "None", "netInterestIncome": "None", "interestIncome": "None", "interestExpense": "28000000", "nonInterestIncome": "None", "otherNonOperatingIncome": "None", "depreciation": "None", "depreciationAndAmortization": "139000000", "incomeBeforeTax": "277000000", "incomeTaxExpense": "115000000", "interestAndDebtExpense": "None", "netIncomeFromContinuingOperations": "0", "comprehensiveIncomeNetOfTax": "None", "ebit": "306000000", "ebitda": "445000000", "netIncome": "162000000"}, {"fiscalDateEnding": "2007-06-30", "reportedCurrency": "USD", "grossProfit": "1099000000", "totalRevenue": "2583000000", "costOfRevenue": "1484000000", "costofGoodsAndServicesSold": "1484000000", "operatingIncome": "328000000", "sellingGeneralAndAdministrative": "994000000", "researchAndDevelopment": "0", "operatingExpenses": "2435000000", "investmentIncomeNet": "None", "netInterestIncome": "None", "interestIncome": "None", "interestExpense": "29000000", "nonInterestIncome": "None", "otherNonOperatingIncome": "None", "depreciation": "None", "depreciationAndAmortization": "137000000", "incomeBeforeTax": "447000000", "incomeTaxExpense": "169000000", "interestAndDebtExpense": "None", "netIncomeFromContinuingOperations": "0", "comprehensiveIncomeNetOfTax": "None", "ebit": "476000000", "ebitda": "613000000", "netIncome": "278000000"}, {"fiscalDateEnding": "2007-03-31", "reportedCurrency": "USD", "grossProfit": "811000000", "totalRevenue": "2198000000", "costOfRevenue": "1387000000", "costofGoodsAndServicesSold": "1387000000", "operatingIncome": "84000000", "sellingGeneralAndAdministrative": "942000000", "researchAndDevelopment": "0", "operatingExpenses": "2289000000", "investmentIncomeNet": "None", "netInterestIncome": "None", "interestIncome": "None", "interestExpense": "29000000", "nonInterestIncome": "None", "otherNonOperatingIncome": "None", "depreciation": "None", "depreciationAndAmortization": "135000000", "incomeBeforeTax": "149000000", "incomeTaxExpense": "56000000", "interestAndDebtExpense": "None", "netIncomeFromContinuingOperations": "0", "comprehensiveIncomeNetOfTax": "None", "ebit": "84000000", "ebitda": "219000000", "netIncome": "93000000"}, {"fiscalDateEnding": "2006-12-31", "reportedCurrency": "USD", "grossProfit": "927000000", "totalRevenue": "2276000000", "costOfRevenue": "1349000000", "costofGoodsAndServicesSold": "1349000000", "operatingIncome": "174000000", "sellingGeneralAndAdministrative": "939000000", "researchAndDevelopment": "0", "operatingExpenses": "2262000000", "investmentIncomeNet": "None", "netInterestIncome": "None", "interestIncome": "None", "interestExpense": "128000000", "nonInterestIncome": "None", "otherNonOperatingIncome": "None", "depreciation": "None", "depreciationAndAmortization": "134000000", "incomeBeforeTax": "101000000", "incomeTaxExpense": "44000000", "interestAndDebtExpense": "None", "netIncomeFromContinuingOperations": "0", "comprehensiveIncomeNetOfTax": "None", "ebit": "229000000", "ebitda": "363000000", "netIncome": "57000000"}, {"fiscalDateEnding": "2006-09-30", "reportedCurrency": "USD", "grossProfit": "996000000", "totalRevenue": "2342000000", "costOfRevenue": "1346000000", "costofGoodsAndServicesSold": "1346000000", "operatingIncome": "261000000", "sellingGeneralAndAdministrative": "938000000", "researchAndDevelopment": "0", "operatingExpenses": "2248000000", "investmentIncomeNet": "None", "netInterestIncome": "None", "interestIncome": "None", "interestExpense": "32000000", "nonInterestIncome": "None", "otherNonOperatingIncome": "None", "depreciation": "None", "depreciationAndAmortization": "131000000", "incomeBeforeTax": "78000000", "incomeTaxExpense": "30000000", "interestAndDebtExpense": "None", "netIncomeFromContinuingOperations": "0", "comprehensiveIncomeNetOfTax": "None", "ebit": "261000000", "ebitda": "392000000", "netIncome": "48000000"}, {"fiscalDateEnding": "2006-06-30", "reportedCurrency": "USD", "grossProfit": "1150000000", "totalRevenue": "2449000000", "costOfRevenue": "1299000000", "costofGoodsAndServicesSold": "1299000000", "operatingIncome": "402000000", "sellingGeneralAndAdministrative": "951000000", "researchAndDevelopment": "0", "operatingExpenses": "2212000000", "investmentIncomeNet": "None", "netInterestIncome": "None", "interestIncome": "None", "interestExpense": "34000000", "nonInterestIncome": "None", "otherNonOperatingIncome": "None", "depreciation": "None", "depreciationAndAmortization": "126000000", "incomeBeforeTax": "515000000", "incomeTaxExpense": "182000000", "interestAndDebtExpense": "None", "netIncomeFromContinuingOperations": "0", "comprehensiveIncomeNetOfTax": "None", "ebit": "403000000", "ebitda": "529000000", "netIncome": "333000000"}, {"fiscalDateEnding": "2006-03-31", "reportedCurrency": "USD", "grossProfit": "778000000", "totalRevenue": "2019000000", "costOfRevenue": "1241000000", "costofGoodsAndServicesSold": "1241000000", "operatingIncome": "98000000", "sellingGeneralAndAdministrative": "876000000", "researchAndDevelopment": "0", "operatingExpenses": "2081000000", "investmentIncomeNet": "None", "netInterestIncome": "None", "interestIncome": "None", "interestExpense": "34000000", "nonInterestIncome": "None", "otherNonOperatingIncome": "None", "depreciation": "None", "depreciationAndAmortization": "124000000", "incomeBeforeTax": "96000000", "incomeTaxExpense": "35000000", "interestAndDebtExpense": "None", "netIncomeFromContinuingOperations": "0", "comprehensiveIncomeNetOfTax": "None", "ebit": "98000000", "ebitda": "222000000", "netIncome": "61000000"}, {"fiscalDateEnding": "2005-12-31", "reportedCurrency": "USD", "grossProfit": "836000000", "totalRevenue": "1988000000", "costOfRevenue": "1152000000", "costofGoodsAndServicesSold": "1152000000", "operatingIncome": "164000000", "sellingGeneralAndAdministrative": "853000000", "researchAndDevelopment": "0", "operatingExpenses": "1975000000", "investmentIncomeNet": "None", "netInterestIncome": "None", "interestIncome": "None", "interestExpense": "122000000", "nonInterestIncome": "None", "otherNonOperatingIncome": "None", "depreciation": "None", "depreciationAndAmortization": "121000000", "incomeBeforeTax": "136000000", "incomeTaxExpense": "50000000", "interestAndDebtExpense": "None", "netIncomeFromContinuingOperations": "0", "comprehensiveIncomeNetOfTax": "None", "ebit": "-1139000000", "ebitda": "-1018000000", "netIncome": "86000000"}, {"fiscalDateEnding": "2005-09-30", "reportedCurrency": "USD", "grossProfit": "933000000", "totalRevenue": "1989000000", "costOfRevenue": "1056000000", "costofGoodsAndServicesSold": "1056000000", "operatingIncome": "273000000", "sellingGeneralAndAdministrative": "847000000", "researchAndDevelopment": "0", "operatingExpenses": "1870000000", "investmentIncomeNet": "None", "netInterestIncome": "None", "interestIncome": "None", "interestExpense": "32000000", "nonInterestIncome": "None", "otherNonOperatingIncome": "None", "depreciation": "None", "depreciationAndAmortization": "121000000", "incomeBeforeTax": "368000000", "incomeTaxExpense": "141000000", "interestAndDebtExpense": "None", "netIncomeFromContinuingOperations": "0", "comprehensiveIncomeNetOfTax": "None", "ebit": "248000000", "ebitda": "369000000", "netIncome": "227000000"}, {"fiscalDateEnding": "2005-06-30", "reportedCurrency": "USD", "grossProfit": "904000000", "totalRevenue": "1944000000", "costOfRevenue": "1040000000", "costofGoodsAndServicesSold": "1040000000", "operatingIncome": "277000000", "sellingGeneralAndAdministrative": "823000000", "researchAndDevelopment": "0", "operatingExpenses": "1823000000", "investmentIncomeNet": "None", "netInterestIncome": "None", "interestIncome": "None", "interestExpense": "30000000", "nonInterestIncome": "None", "otherNonOperatingIncome": "None", "depreciation": "None", "depreciationAndAmortization": "115000000", "incomeBeforeTax": "256000000", "incomeTaxExpense": "97000000", "interestAndDebtExpense": "None", "netIncomeFromContinuingOperations": "0", "comprehensiveIncomeNetOfTax": "None", "ebit": "257000000", "ebitda": "372000000", "netIncome": "159000000"}, {"fiscalDateEnding": "2005-03-31", "reportedCurrency": "USD", "grossProfit": "702000000", "totalRevenue": "1663000000", "costOfRevenue": "961000000", "costofGoodsAndServicesSold": "961000000", "operatingIncome": "106000000", "sellingGeneralAndAdministrative": "796000000", "researchAndDevelopment": "0", "operatingExpenses": "1713000000", "investmentIncomeNet": "None", "netInterestIncome": "None", "interestIncome": "None", "interestExpense": "27000000", "nonInterestIncome": "None", "otherNonOperatingIncome": "None", "depreciation": "None", "depreciationAndAmortization": "112000000", "incomeBeforeTax": "114000000", "incomeTaxExpense": "38000000", "interestAndDebtExpense": "None", "netIncomeFromContinuingOperations": "0", "comprehensiveIncomeNetOfTax": "None", "ebit": "81000000", "ebitda": "193000000", "netIncome": "76000000"}, {"fiscalDateEnding": "2004-12-31", "reportedCurrency": "USD", "grossProfit": "705000000", "totalRevenue": "1655000000", "costOfRevenue": "950000000", "costofGoodsAndServicesSold": "950000000", "operatingIncome": "119000000", "sellingGeneralAndAdministrative": "769000000", "researchAndDevelopment": "0", "operatingExpenses": "1683000000", "investmentIncomeNet": "None", "netInterestIncome": "None", "interestIncome": "None", "interestExpense": "88000000", "nonInterestIncome": "None", "otherNonOperatingIncome": "None", "depreciation": "None", "depreciationAndAmortization": "113000000", "incomeBeforeTax": "88000000", "incomeTaxExpense": "33000000", "interestAndDebtExpense": "None", "netIncomeFromContinuingOperations": "0", "comprehensiveIncomeNetOfTax": "None", "ebit": "176000000", "ebitda": "289000000", "netIncome": "55000000"}]}