{"symbol": "SYY", "annualReports": [{"fiscalDateEnding": "2024-06-30", "reportedCurrency": "USD", "grossProfit": "14608000000", "totalRevenue": "78844000000", "costOfRevenue": "64236000000", "costofGoodsAndServicesSold": "64236000000", "operatingIncome": "3202000000", "sellingGeneralAndAdministrative": "6757000000", "researchAndDevelopment": "None", "operatingExpenses": "11406000000", "investmentIncomeNet": "None", "netInterestIncome": "-607000000", "interestIncome": "None", "interestExpense": "607000000", "nonInterestIncome": "None", "otherNonOperatingIncome": "None", "depreciation": "None", "depreciationAndAmortization": "994000000", "incomeBeforeTax": "2565000000", "incomeTaxExpense": "610000000", "interestAndDebtExpense": "None", "netIncomeFromContinuingOperations": "1955000000", "comprehensiveIncomeNetOfTax": "None", "ebit": "3175000000", "ebitda": "4169000000", "netIncome": "1955000000"}, {"fiscalDateEnding": "2023-06-30", "reportedCurrency": "USD", "grossProfit": "13952000000", "totalRevenue": "76325000000", "costOfRevenue": "62373000000", "costofGoodsAndServicesSold": "62373000000", "operatingIncome": "3038549000", "sellingGeneralAndAdministrative": "6770000000", "researchAndDevelopment": "None", "operatingExpenses": "10916000000", "investmentIncomeNet": "None", "netInterestIncome": "-526752000", "interestIncome": "526752000", "interestExpense": "527000000", "nonInterestIncome": "None", "otherNonOperatingIncome": "-226442000", "depreciation": "None", "depreciationAndAmortization": "889000000", "incomeBeforeTax": "2285355000", "incomeTaxExpense": "515231000", "interestAndDebtExpense": "None", "netIncomeFromContinuingOperations": "1770124000", "comprehensiveIncomeNetOfTax": "None", "ebit": "2785828000", "ebitda": "3674828000", "netIncome": "1770000000"}, {"fiscalDateEnding": "2022-06-30", "reportedCurrency": "USD", "grossProfit": "12320146000", "totalRevenue": "68636146000", "costOfRevenue": "56316000000", "costofGoodsAndServicesSold": "56316000000", "operatingIncome": "2346000000", "sellingGeneralAndAdministrative": "5884725000", "researchAndDevelopment": "None", "operatingExpenses": "9981489000", "investmentIncomeNet": "None", "netInterestIncome": "-623643000", "interestIncome": "623643000", "interestExpense": "624000000", "nonInterestIncome": "None", "otherNonOperatingIncome": "31381000", "depreciation": "None", "depreciationAndAmortization": "881000000", "incomeBeforeTax": "1746773000", "incomeTaxExpense": "388005000", "interestAndDebtExpense": "None", "netIncomeFromContinuingOperations": "1358768000", "comprehensiveIncomeNetOfTax": "None", "ebit": "2371000000", "ebitda": "3252000000", "netIncome": "1359000000"}, {"fiscalDateEnding": "2021-06-30", "reportedCurrency": "USD", "grossProfit": "9356749000", "totalRevenue": "51297843000", "costOfRevenue": "41941094000", "costofGoodsAndServicesSold": "41941094000", "operatingIncome": "1447188000", "sellingGeneralAndAdministrative": "4033310000", "researchAndDevelopment": "None", "operatingExpenses": "7919507000", "investmentIncomeNet": "None", "netInterestIncome": "-880137000", "interestIncome": "880137000", "interestExpense": "880137000", "nonInterestIncome": "None", "otherNonOperatingIncome": "27623000", "depreciation": "None", "depreciationAndAmortization": "851822000", "incomeBeforeTax": "584728000", "incomeTaxExpense": "60519000", "interestAndDebtExpense": "None", "netIncomeFromContinuingOperations": "524209000", "comprehensiveIncomeNetOfTax": "None", "ebit": "1464865000", "ebitda": "2316687000", "netIncome": "524209000"}, {"fiscalDateEnding": "2020-06-30", "reportedCurrency": "USD", "grossProfit": "9901664000", "totalRevenue": "52893310000", "costOfRevenue": "42991646000", "costofGoodsAndServicesSold": "42991646000", "operatingIncome": "749505000", "sellingGeneralAndAdministrative": "4677992000", "researchAndDevelopment": "None", "operatingExpenses": "9152159000", "investmentIncomeNet": "None", "netInterestIncome": "-408220000", "interestIncome": "408220000", "interestExpense": "408220000", "nonInterestIncome": "None", "otherNonOperatingIncome": "-47901000", "depreciation": "None", "depreciationAndAmortization": "908876000", "incomeBeforeTax": "293384000", "incomeTaxExpense": "77909000", "interestAndDebtExpense": "None", "netIncomeFromContinuingOperations": "215475000", "comprehensiveIncomeNetOfTax": "None", "ebit": "633342000", "ebitda": "1542218000", "netIncome": "215475000"}, {"fiscalDateEnding": "2019-06-30", "reportedCurrency": "USD", "grossProfit": "11408987000", "totalRevenue": "60113922000", "costOfRevenue": "48704935000", "costofGoodsAndServicesSold": "48704935000", "operatingIncome": "2330150000", "sellingGeneralAndAdministrative": "4759316999", "researchAndDevelopment": "None", "operatingExpenses": "9078837000", "investmentIncomeNet": "None", "netInterestIncome": "-360423000", "interestIncome": "360423000", "interestExpense": "360423000", "nonInterestIncome": "None", "otherNonOperatingIncome": "36109000", "depreciation": "None", "depreciationAndAmortization": "748900000", "incomeBeforeTax": "2005836000", "incomeTaxExpense": "331565000", "interestAndDebtExpense": "None", "netIncomeFromContinuingOperations": "2337401000", "comprehensiveIncomeNetOfTax": "None", "ebit": "2279745000", "ebitda": "3028645000", "netIncome": "1674271000"}, {"fiscalDateEnding": "2018-06-30", "reportedCurrency": "USD", "grossProfit": "11085391000", "totalRevenue": "58727324000", "costOfRevenue": "47641933000", "costofGoodsAndServicesSold": "47641933000", "operatingIncome": "2328974000", "sellingGeneralAndAdministrative": "4479518000", "researchAndDevelopment": "0", "operatingExpenses": "8756417000", "investmentIncomeNet": "None", "netInterestIncome": "-395483000", "interestIncome": "395483000", "interestExpense": "395483000", "nonInterestIncome": "None", "otherNonOperatingIncome": "22733000", "depreciation": "None", "depreciationAndAmortization": "729500000", "incomeBeforeTax": "1956224000", "incomeTaxExpense": "525458000", "interestAndDebtExpense": "None", "netIncomeFromContinuingOperations": "2481682000", "comprehensiveIncomeNetOfTax": "None", "ebit": "2270250000", "ebitda": "2999750000", "netIncome": "1430766000"}, {"fiscalDateEnding": "2017-06-30", "reportedCurrency": "USD", "grossProfit": "10557507000", "totalRevenue": "55371139000", "costOfRevenue": "44813632000", "costofGoodsAndServicesSold": "44813632000", "operatingIncome": "2053171000", "sellingGeneralAndAdministrative": "4179736000", "researchAndDevelopment": "0", "operatingExpenses": "8504336000", "investmentIncomeNet": "None", "netInterestIncome": "-302878000", "interestIncome": "302878000", "interestExpense": "302878000", "nonInterestIncome": "None", "otherNonOperatingIncome": "15937000", "depreciation": "None", "depreciationAndAmortization": "878300000", "incomeBeforeTax": "1766230000", "incomeTaxExpense": "623727000", "interestAndDebtExpense": "None", "netIncomeFromContinuingOperations": "2389957000", "comprehensiveIncomeNetOfTax": "None", "ebit": "2057613000", "ebitda": "2935913000", "netIncome": "1142503000"}, {"fiscalDateEnding": "2016-06-30", "reportedCurrency": "USD", "grossProfit": "9040472000", "totalRevenue": "50366919000", "costOfRevenue": "41326447000", "costofGoodsAndServicesSold": "41326447000", "operatingIncome": "1850500000", "sellingGeneralAndAdministrative": "3822572000", "researchAndDevelopment": "0", "operatingExpenses": "7189972000", "investmentIncomeNet": "None", "netInterestIncome": "-306146000", "interestIncome": "306146000", "interestExpense": "306146000", "nonInterestIncome": "None", "otherNonOperatingIncome": "-111347000", "depreciation": "None", "depreciationAndAmortization": "646000000", "incomeBeforeTax": "1433007000", "incomeTaxExpense": "483385000", "interestAndDebtExpense": "None", "netIncomeFromContinuingOperations": "1916392000", "comprehensiveIncomeNetOfTax": "None", "ebit": "1653183000", "ebitda": "2299183000", "netIncome": "949622000"}, {"fiscalDateEnding": "2015-06-30", "reportedCurrency": "USD", "grossProfit": "8551516000", "totalRevenue": "48680752000", "costOfRevenue": "40129236000", "costofGoodsAndServicesSold": "40129236000", "operatingIncome": "1229362000", "sellingGeneralAndAdministrative": "4159686000", "researchAndDevelopment": "0", "operatingExpenses": "7322154000", "investmentIncomeNet": "None", "netInterestIncome": "None", "interestIncome": "254807000", "interestExpense": "254807000", "nonInterestIncome": "None", "otherNonOperatingIncome": "33592000", "depreciation": "None", "depreciationAndAmortization": "553021000", "incomeBeforeTax": "1008147000", "incomeTaxExpense": "321374000", "interestAndDebtExpense": "None", "netIncomeFromContinuingOperations": "1329521000", "comprehensiveIncomeNetOfTax": "None", "ebit": "1262954000", "ebitda": "1815975000", "netIncome": "686773000"}, {"fiscalDateEnding": "2014-06-30", "reportedCurrency": "USD", "grossProfit": "8181035000", "totalRevenue": "46516712000", "costOfRevenue": "38335677000", "costofGoodsAndServicesSold": "38335677000", "operatingIncome": "1587122000", "sellingGeneralAndAdministrative": "3847405000", "researchAndDevelopment": "0", "operatingExpenses": "6593913000", "investmentIncomeNet": "None", "netInterestIncome": "None", "interestIncome": "None", "interestExpense": "123741000", "nonInterestIncome": "None", "otherNonOperatingIncome": "12243000", "depreciation": "None", "depreciationAndAmortization": "556062000", "incomeBeforeTax": "1475624000", "incomeTaxExpense": "544091000", "interestAndDebtExpense": "None", "netIncomeFromContinuingOperations": "931533000", "comprehensiveIncomeNetOfTax": "None", "ebit": "1725344000", "ebitda": "2281406000", "netIncome": "931533000"}, {"fiscalDateEnding": "2013-06-30", "reportedCurrency": "USD", "grossProfit": "7867591000", "totalRevenue": "44411233000", "costOfRevenue": "36543642000", "costofGoodsAndServicesSold": "36543642000", "operatingIncome": "1658478000", "sellingGeneralAndAdministrative": "3412914000", "researchAndDevelopment": "0", "operatingExpenses": "6209113000", "investmentIncomeNet": "None", "netInterestIncome": "None", "interestIncome": "None", "interestExpense": "128495000", "nonInterestIncome": "None", "otherNonOperatingIncome": "17472000", "depreciation": "None", "depreciationAndAmortization": "512548000", "incomeBeforeTax": "1547455000", "incomeTaxExpense": "555028000", "interestAndDebtExpense": "None", "netIncomeFromContinuingOperations": "992427000", "comprehensiveIncomeNetOfTax": "None", "ebit": "1673463000", "ebitda": "2186011000", "netIncome": "992427000"}, {"fiscalDateEnding": "2012-06-30", "reportedCurrency": "USD", "grossProfit": "7676577000", "totalRevenue": "42380939000", "costOfRevenue": "34704362000", "costofGoodsAndServicesSold": "34704362000", "operatingIncome": "1890632000", "sellingGeneralAndAdministrative": "5779530000", "researchAndDevelopment": "0", "operatingExpenses": "5785945000", "investmentIncomeNet": "None", "netInterestIncome": "None", "interestIncome": "None", "interestExpense": "113396000", "nonInterestIncome": "None", "otherNonOperatingIncome": "None", "depreciation": "None", "depreciationAndAmortization": "416943000", "incomeBeforeTax": "1784002000", "incomeTaxExpense": "662417000", "interestAndDebtExpense": "None", "netIncomeFromContinuingOperations": "None", "comprehensiveIncomeNetOfTax": "None", "ebit": "1897398000", "ebitda": "2314341000", "netIncome": "1121585000"}, {"fiscalDateEnding": "2011-06-30", "reportedCurrency": "USD", "grossProfit": "7321148000", "totalRevenue": "39323489000", "costOfRevenue": "32002341000", "costofGoodsAndServicesSold": "32002341000", "operatingIncome": "1931502000", "sellingGeneralAndAdministrative": "5389646000", "researchAndDevelopment": "0", "operatingExpenses": "5389646000", "investmentIncomeNet": "None", "netInterestIncome": "None", "interestIncome": "None", "interestExpense": "118267000", "nonInterestIncome": "None", "otherNonOperatingIncome": "14219000", "depreciation": "None", "depreciationAndAmortization": "402588000", "incomeBeforeTax": "1827454000", "incomeTaxExpense": "675424000", "interestAndDebtExpense": "None", "netIncomeFromContinuingOperations": "1152030000", "comprehensiveIncomeNetOfTax": "None", "ebit": "1945721000", "ebitda": "2348309000", "netIncome": "1152030000"}, {"fiscalDateEnding": "2010-06-30", "reportedCurrency": "USD", "grossProfit": "7107486000", "totalRevenue": "37243495000", "costOfRevenue": "30136009000", "costofGoodsAndServicesSold": "30136009000", "operatingIncome": "1975868000", "sellingGeneralAndAdministrative": "5131618000", "researchAndDevelopment": "0", "operatingExpenses": "5131618000", "investmentIncomeNet": "None", "netInterestIncome": "None", "interestIncome": "None", "interestExpense": "125477000", "nonInterestIncome": "None", "otherNonOperatingIncome": "-802000", "depreciation": "None", "depreciationAndAmortization": "389976000", "incomeBeforeTax": "1849589000", "incomeTaxExpense": "669606000", "interestAndDebtExpense": "None", "netIncomeFromContinuingOperations": "1179983000", "comprehensiveIncomeNetOfTax": "None", "ebit": "1975066000", "ebitda": "2365042000", "netIncome": "1179983000"}, {"fiscalDateEnding": "2009-06-30", "reportedCurrency": "USD", "grossProfit": "7036331000", "totalRevenue": "36853330000", "costOfRevenue": "29816999000", "costofGoodsAndServicesSold": "29816999000", "operatingIncome": "1872211000", "sellingGeneralAndAdministrative": "5164120000", "researchAndDevelopment": "None", "operatingExpenses": "5164120000", "investmentIncomeNet": "None", "netInterestIncome": "None", "interestIncome": "None", "interestExpense": "116322000", "nonInterestIncome": "None", "otherNonOperatingIncome": "None", "depreciation": "None", "depreciationAndAmortization": "382339000", "incomeBeforeTax": "1770834000", "incomeTaxExpense": "714886000", "interestAndDebtExpense": "None", "netIncomeFromContinuingOperations": "None", "comprehensiveIncomeNetOfTax": "None", "ebit": "1881625000", "ebitda": "2263964000", "netIncome": "1055948000"}, {"fiscalDateEnding": "2008-06-30", "reportedCurrency": "USD", "grossProfit": "7194857000", "totalRevenue": "37522111000", "costOfRevenue": "30327254000", "costofGoodsAndServicesSold": "30327254000", "operatingIncome": "1879949000", "sellingGeneralAndAdministrative": "5314908000", "researchAndDevelopment": "None", "operatingExpenses": "5314908000", "investmentIncomeNet": "None", "netInterestIncome": "None", "interestIncome": "None", "interestExpense": "111541000", "nonInterestIncome": "None", "otherNonOperatingIncome": "None", "depreciation": "None", "depreciationAndAmortization": "372529000", "incomeBeforeTax": "1791338000", "incomeTaxExpense": "685187000", "interestAndDebtExpense": "None", "netIncomeFromContinuingOperations": "None", "comprehensiveIncomeNetOfTax": "None", "ebit": "1896784000", "ebitda": "2269313000", "netIncome": "1106151000"}, {"fiscalDateEnding": "2007-06-30", "reportedCurrency": "USD", "grossProfit": "6757472000", "totalRevenue": "35042075000", "costOfRevenue": "28284603000", "costofGoodsAndServicesSold": "28284603000", "operatingIncome": "1708482000", "sellingGeneralAndAdministrative": "5048990000", "researchAndDevelopment": "None", "operatingExpenses": "5048990000", "investmentIncomeNet": "None", "netInterestIncome": "None", "interestIncome": "None", "interestExpense": "105002000", "nonInterestIncome": "None", "otherNonOperatingIncome": "None", "depreciation": "None", "depreciationAndAmortization": "362559000", "incomeBeforeTax": "1621215000", "incomeTaxExpense": "620139000", "interestAndDebtExpense": "None", "netIncomeFromContinuingOperations": "None", "comprehensiveIncomeNetOfTax": "None", "ebit": "1345923000", "ebitda": "1708482000", "netIncome": "1001076000"}, {"fiscalDateEnding": "2006-06-30", "reportedCurrency": "USD", "grossProfit": "6291331000", "totalRevenue": "32628438000", "costOfRevenue": "26337107000", "costofGoodsAndServicesSold": "26337107000", "operatingIncome": "1495030000", "sellingGeneralAndAdministrative": "4796301000", "researchAndDevelopment": "None", "operatingExpenses": "4796301000", "investmentIncomeNet": "None", "netInterestIncome": "None", "interestIncome": "None", "interestExpense": "0", "nonInterestIncome": "None", "otherNonOperatingIncome": "None", "depreciation": "None", "depreciationAndAmortization": "345062000", "incomeBeforeTax": "1394946000", "incomeTaxExpense": "548906000", "interestAndDebtExpense": "None", "netIncomeFromContinuingOperations": "None", "comprehensiveIncomeNetOfTax": "None", "ebit": "1149968000", "ebitda": "1495030000", "netIncome": "855325000"}, {"fiscalDateEnding": "2005-06-30", "reportedCurrency": "USD", "grossProfit": "5783714000", "totalRevenue": "30281914000", "costOfRevenue": "24498200000", "costofGoodsAndServicesSold": "24498200000", "operatingIncome": "1589530000", "sellingGeneralAndAdministrative": "4194184000", "researchAndDevelopment": "None", "operatingExpenses": "4194184000", "investmentIncomeNet": "None", "netInterestIncome": "None", "interestIncome": "None", "interestExpense": "0", "nonInterestIncome": "None", "otherNonOperatingIncome": "None", "depreciation": "None", "depreciationAndAmortization": "316743000", "incomeBeforeTax": "1525436000", "incomeTaxExpense": "563979000", "interestAndDebtExpense": "None", "netIncomeFromContinuingOperations": "None", "comprehensiveIncomeNetOfTax": "None", "ebit": "1272787000", "ebitda": "1589530000", "netIncome": "961457000"}], "quarterlyReports": [{"fiscalDateEnding": "2024-12-31", "reportedCurrency": "USD", "grossProfit": "3650000000", "totalRevenue": "20151000000", "costOfRevenue": "16501000000", "costofGoodsAndServicesSold": "16501000000", "operatingIncome": "712000000", "sellingGeneralAndAdministrative": "None", "researchAndDevelopment": "None", "operatingExpenses": "2938000000", "investmentIncomeNet": "None", "netInterestIncome": "-160000000", "interestIncome": "None", "interestExpense": "160000000", "nonInterestIncome": "None", "otherNonOperatingIncome": "None", "depreciation": "None", "depreciationAndAmortization": "272000000", "incomeBeforeTax": "533000000", "incomeTaxExpense": "127000000", "interestAndDebtExpense": "None", "netIncomeFromContinuingOperations": "406000000", "comprehensiveIncomeNetOfTax": "None", "ebit": "693000000", "ebitda": "965000000", "netIncome": "406000000"}, {"fiscalDateEnding": "2024-09-30", "reportedCurrency": "USD", "grossProfit": "3753000000", "totalRevenue": "20484000000", "costOfRevenue": "16731000000", "costofGoodsAndServicesSold": "16731000000", "operatingIncome": "808000000", "sellingGeneralAndAdministrative": "None", "researchAndDevelopment": "None", "operatingExpenses": "2945000000", "investmentIncomeNet": "None", "netInterestIncome": "-160000000", "interestIncome": "None", "interestExpense": "160000000", "nonInterestIncome": "None", "otherNonOperatingIncome": "None", "depreciation": "None", "depreciationAndAmortization": "269000000", "incomeBeforeTax": "642000000", "incomeTaxExpense": "152000000", "interestAndDebtExpense": "None", "netIncomeFromContinuingOperations": "490000000", "comprehensiveIncomeNetOfTax": "None", "ebit": "763000000", "ebitda": "1032000000", "netIncome": "490000000"}, {"fiscalDateEnding": "2024-06-30", "reportedCurrency": "USD", "grossProfit": "3837539000", "totalRevenue": "20556104000", "costOfRevenue": "16718565000", "costofGoodsAndServicesSold": "16718565000", "operatingIncome": "1083000000", "sellingGeneralAndAdministrative": "1572266000", "researchAndDevelopment": "None", "operatingExpenses": "2861210000", "investmentIncomeNet": "None", "netInterestIncome": "-165133000", "interestIncome": "None", "interestExpense": "165133000", "nonInterestIncome": "None", "otherNonOperatingIncome": "None", "depreciation": "None", "depreciationAndAmortization": "226000000", "incomeBeforeTax": "803461000", "incomeTaxExpense": "191783000", "interestAndDebtExpense": "None", "netIncomeFromContinuingOperations": "611678000", "comprehensiveIncomeNetOfTax": "None", "ebit": "1001052000", "ebitda": "1227052000", "netIncome": "611678000"}, {"fiscalDateEnding": "2024-03-31", "reportedCurrency": "USD", "grossProfit": "3577056000", "totalRevenue": "19379500000", "costOfRevenue": "15802444000", "costofGoodsAndServicesSold": "15802444000", "operatingIncome": "722046000", "sellingGeneralAndAdministrative": "None", "researchAndDevelopment": "None", "operatingExpenses": "2810227000", "investmentIncomeNet": "None", "netInterestIncome": "-157853000", "interestIncome": "None", "interestExpense": "157853000", "nonInterestIncome": "None", "otherNonOperatingIncome": "None", "depreciation": "None", "depreciationAndAmortization": "253950000", "incomeBeforeTax": "553813000", "incomeTaxExpense": "129125000", "interestAndDebtExpense": "None", "netIncomeFromContinuingOperations": "424688000", "comprehensiveIncomeNetOfTax": "None", "ebit": "712258000", "ebitda": "966208000", "netIncome": "424688000"}, {"fiscalDateEnding": "2023-12-31", "reportedCurrency": "USD", "grossProfit": "3484633000", "totalRevenue": "19287942000", "costOfRevenue": "15803309000", "costofGoodsAndServicesSold": "15803309000", "operatingIncome": "716553000", "sellingGeneralAndAdministrative": "None", "researchAndDevelopment": "None", "operatingExpenses": "2768080000", "investmentIncomeNet": "None", "netInterestIncome": "-149680000", "interestIncome": "None", "interestExpense": "144341000", "nonInterestIncome": "None", "otherNonOperatingIncome": "None", "depreciation": "None", "depreciationAndAmortization": "249784000", "incomeBeforeTax": "545118000", "incomeTaxExpense": "129876000", "interestAndDebtExpense": "None", "netIncomeFromContinuingOperations": "415242000", "comprehensiveIncomeNetOfTax": "None", "ebit": "689459000", "ebitda": "939243000", "netIncome": "415242000"}, {"fiscalDateEnding": "2023-09-30", "reportedCurrency": "USD", "grossProfit": "3647772000", "totalRevenue": "19620454000", "costOfRevenue": "15972682000", "costofGoodsAndServicesSold": "15972682000", "operatingIncome": "796942000", "sellingGeneralAndAdministrative": "None", "researchAndDevelopment": "None", "operatingExpenses": "2850830000", "investmentIncomeNet": "None", "netInterestIncome": "-134334000", "interestIncome": "134334000", "interestExpense": "134334000", "nonInterestIncome": "None", "otherNonOperatingIncome": "None", "depreciation": "None", "depreciationAndAmortization": "234808000", "incomeBeforeTax": "662608000", "incomeTaxExpense": "159216000", "interestAndDebtExpense": "None", "netIncomeFromContinuingOperations": "503392000", "comprehensiveIncomeNetOfTax": "None", "ebit": "794049000", "ebitda": "1028857000", "netIncome": "503392000"}, {"fiscalDateEnding": "2023-06-30", "reportedCurrency": "USD", "grossProfit": "3685166000", "totalRevenue": "19728216000", "costOfRevenue": "16043050000", "costofGoodsAndServicesSold": "16043050000", "operatingIncome": "969397000", "sellingGeneralAndAdministrative": "1369014000", "researchAndDevelopment": "None", "operatingExpenses": "2715769000", "investmentIncomeNet": "None", "netInterestIncome": "-135629000", "interestIncome": "135629000", "interestExpense": "135629000", "nonInterestIncome": "None", "otherNonOperatingIncome": "124172000", "depreciation": "None", "depreciationAndAmortization": "230269000", "incomeBeforeTax": "957940000", "incomeTaxExpense": "224204000", "interestAndDebtExpense": "None", "netIncomeFromContinuingOperations": "733736000", "comprehensiveIncomeNetOfTax": "None", "ebit": "224886000", "ebitda": "455155000", "netIncome": "733736000"}, {"fiscalDateEnding": "2023-03-31", "reportedCurrency": "USD", "grossProfit": "3431360000", "totalRevenue": "18875676000", "costOfRevenue": "15444316000", "costofGoodsAndServicesSold": "15444316000", "operatingIncome": "695727000", "sellingGeneralAndAdministrative": "None", "researchAndDevelopment": "None", "operatingExpenses": "2735633000", "investmentIncomeNet": "None", "netInterestIncome": "-134931000", "interestIncome": "134931000", "interestExpense": "134931000", "nonInterestIncome": "None", "otherNonOperatingIncome": "-5209000", "depreciation": "None", "depreciationAndAmortization": "195996000", "incomeBeforeTax": "554037000", "incomeTaxExpense": "124433000", "interestAndDebtExpense": "None", "netIncomeFromContinuingOperations": "429604000", "comprehensiveIncomeNetOfTax": "None", "ebit": "729481000", "ebitda": "925477000", "netIncome": "429604000"}, {"fiscalDateEnding": "2022-12-31", "reportedCurrency": "USD", "grossProfit": "3349616000", "totalRevenue": "18593953000", "costOfRevenue": "15244337000", "costofGoodsAndServicesSold": "15244337000", "operatingIncome": "310518000", "sellingGeneralAndAdministrative": "None", "researchAndDevelopment": "None", "operatingExpenses": "2708974000", "investmentIncomeNet": "None", "netInterestIncome": "-132042000", "interestIncome": "132042000", "interestExpense": "132042000", "nonInterestIncome": "None", "otherNonOperatingIncome": "-330124000", "depreciation": "None", "depreciationAndAmortization": "218367000", "incomeBeforeTax": "178476000", "incomeTaxExpense": "37260000", "interestAndDebtExpense": "None", "netIncomeFromContinuingOperations": "141216000", "comprehensiveIncomeNetOfTax": "None", "ebit": "311468000", "ebitda": "529835000", "netIncome": "141216000"}, {"fiscalDateEnding": "2022-09-30", "reportedCurrency": "USD", "grossProfit": "3488855000", "totalRevenue": "19126830000", "costOfRevenue": "15637975000", "costofGoodsAndServicesSold": "15637975000", "operatingIncome": "734333000", "sellingGeneralAndAdministrative": "None", "researchAndDevelopment": "None", "operatingExpenses": "2754522000", "investmentIncomeNet": "None", "netInterestIncome": "-124150000", "interestIncome": "124150000", "interestExpense": "124150000", "nonInterestIncome": "None", "otherNonOperatingIncome": "-15281000", "depreciation": "None", "depreciationAndAmortization": "216466000", "incomeBeforeTax": "594902000", "incomeTaxExpense": "129334000", "interestAndDebtExpense": "None", "netIncomeFromContinuingOperations": "465568000", "comprehensiveIncomeNetOfTax": "None", "ebit": "719543000", "ebitda": "936009000", "netIncome": "465568000"}, {"fiscalDateEnding": "2022-06-30", "reportedCurrency": "USD", "grossProfit": "3444272000", "totalRevenue": "18957258000", "costOfRevenue": "15512986000", "costofGoodsAndServicesSold": "15512986000", "operatingIncome": "766715000", "sellingGeneralAndAdministrative": "1303582000", "researchAndDevelopment": "None", "operatingExpenses": "2677557000", "investmentIncomeNet": "None", "netInterestIncome": "-128512000", "interestIncome": "128512000", "interestExpense": "128512000", "nonInterestIncome": "None", "otherNonOperatingIncome": "3676000", "depreciation": "None", "depreciationAndAmortization": "227630000", "incomeBeforeTax": "641879000", "incomeTaxExpense": "131890000", "interestAndDebtExpense": "None", "netIncomeFromContinuingOperations": "509989000", "comprehensiveIncomeNetOfTax": "None", "ebit": "-111261000", "ebitda": "116369000", "netIncome": "509989000"}, {"fiscalDateEnding": "2022-03-31", "reportedCurrency": "USD", "grossProfit": "3013394000", "totalRevenue": "16902139000", "costOfRevenue": "13888745000", "costofGoodsAndServicesSold": "13888745000", "operatingIncome": "495729000", "sellingGeneralAndAdministrative": "None", "researchAndDevelopment": "None", "operatingExpenses": "2517665000", "investmentIncomeNet": "None", "netInterestIncome": "-124018000", "interestIncome": "124018000", "interestExpense": "124018000", "nonInterestIncome": "None", "otherNonOperatingIncome": "13777000", "depreciation": "None", "depreciationAndAmortization": "221403000", "incomeBeforeTax": "385488000", "incomeTaxExpense": "82163000", "interestAndDebtExpense": "None", "netIncomeFromContinuingOperations": "303325000", "comprehensiveIncomeNetOfTax": "None", "ebit": "509408000", "ebitda": "730811000", "netIncome": "303325000"}, {"fiscalDateEnding": "2021-12-31", "reportedCurrency": "USD", "grossProfit": "2891150000", "totalRevenue": "16320203000", "costOfRevenue": "13429053000", "costofGoodsAndServicesSold": "13429053000", "operatingIncome": "444909000", "sellingGeneralAndAdministrative": "None", "researchAndDevelopment": "None", "operatingExpenses": "2446241000", "investmentIncomeNet": "None", "netInterestIncome": "-242899000", "interestIncome": "242899000", "interestExpense": "242899000", "nonInterestIncome": "None", "otherNonOperatingIncome": "10676000", "depreciation": "None", "depreciationAndAmortization": "217932000", "incomeBeforeTax": "212686000", "incomeTaxExpense": "45245000", "interestAndDebtExpense": "None", "netIncomeFromContinuingOperations": "167441000", "comprehensiveIncomeNetOfTax": "None", "ebit": "333170000", "ebitda": "551102000", "netIncome": "167441000"}, {"fiscalDateEnding": "2021-09-30", "reportedCurrency": "USD", "grossProfit": "2971708000", "totalRevenue": "16456546000", "costOfRevenue": "13484838000", "costofGoodsAndServicesSold": "13484838000", "operatingIncome": "631682000", "sellingGeneralAndAdministrative": "None", "researchAndDevelopment": "None", "operatingExpenses": "2340026000", "investmentIncomeNet": "None", "netInterestIncome": "-128214000", "interestIncome": "128214000", "interestExpense": "128214000", "nonInterestIncome": "None", "otherNonOperatingIncome": "3252000", "depreciation": "None", "depreciationAndAmortization": "214687000", "incomeBeforeTax": "506720000", "incomeTaxExpense": "128707000", "interestAndDebtExpense": "None", "netIncomeFromContinuingOperations": "378013000", "comprehensiveIncomeNetOfTax": "None", "ebit": "626985000", "ebitda": "841672000", "netIncome": "378013000"}, {"fiscalDateEnding": "2021-06-30", "reportedCurrency": "USD", "grossProfit": "2915778000", "totalRevenue": "16136893000", "costOfRevenue": "13221115000", "costofGoodsAndServicesSold": "13221115000", "operatingIncome": "569684000", "sellingGeneralAndAdministrative": "804301000", "researchAndDevelopment": "None", "operatingExpenses": "2346094000", "investmentIncomeNet": "None", "netInterestIncome": "-441149000", "interestIncome": "441149000", "interestExpense": "441149000", "nonInterestIncome": "None", "otherNonOperatingIncome": "13483000", "depreciation": "None", "depreciationAndAmortization": "227937000", "incomeBeforeTax": "142018000", "incomeTaxExpense": "-9075000", "interestAndDebtExpense": "None", "netIncomeFromContinuingOperations": "151093000", "comprehensiveIncomeNetOfTax": "None", "ebit": "214172000", "ebitda": "442109000", "netIncome": "151093000"}, {"fiscalDateEnding": "2021-03-31", "reportedCurrency": "USD", "grossProfit": "2122668000", "totalRevenue": "11824589000", "costOfRevenue": "9701921000", "costofGoodsAndServicesSold": "9701921000", "operatingIncome": "235917000", "sellingGeneralAndAdministrative": "None", "researchAndDevelopment": "None", "operatingExpenses": "1886751000", "investmentIncomeNet": "None", "netInterestIncome": "-145773000", "interestIncome": "145773000", "interestExpense": "145773000", "nonInterestIncome": "None", "otherNonOperatingIncome": "12708000", "depreciation": "None", "depreciationAndAmortization": "203322000", "incomeBeforeTax": "102852000", "incomeTaxExpense": "13925000", "interestAndDebtExpense": "None", "netIncomeFromContinuingOperations": "88927000", "comprehensiveIncomeNetOfTax": "None", "ebit": "247404000", "ebitda": "450726000", "netIncome": "88927000"}, {"fiscalDateEnding": "2020-12-31", "reportedCurrency": "USD", "grossProfit": "2098458000", "totalRevenue": "11558982000", "costOfRevenue": "9460524000", "costofGoodsAndServicesSold": "9460524000", "operatingIncome": "212062000", "sellingGeneralAndAdministrative": "None", "researchAndDevelopment": "None", "operatingExpenses": "1886396000", "investmentIncomeNet": "None", "netInterestIncome": "-146498000", "interestIncome": "146498000", "interestExpense": "146498000", "nonInterestIncome": "None", "otherNonOperatingIncome": "15556000", "depreciation": "None", "depreciationAndAmortization": "212664000", "incomeBeforeTax": "81120000", "incomeTaxExpense": "13831000", "interestAndDebtExpense": "None", "netIncomeFromContinuingOperations": "67289000", "comprehensiveIncomeNetOfTax": "None", "ebit": "226403000", "ebitda": "439067000", "netIncome": "67289000"}, {"fiscalDateEnding": "2020-09-30", "reportedCurrency": "USD", "grossProfit": "2219845000", "totalRevenue": "11777379000", "costOfRevenue": "9557534000", "costofGoodsAndServicesSold": "9557534000", "operatingIncome": "419579000", "sellingGeneralAndAdministrative": "37183000", "researchAndDevelopment": "None", "operatingExpenses": "1800266000", "investmentIncomeNet": "None", "netInterestIncome": "-146717000", "interestIncome": "146717000", "interestExpense": "146717000", "nonInterestIncome": "None", "otherNonOperatingIncome": "-14124000", "depreciation": "None", "depreciationAndAmortization": "207899000", "incomeBeforeTax": "258738000", "incomeTaxExpense": "41838000", "interestAndDebtExpense": "None", "netIncomeFromContinuingOperations": "216900000", "comprehensiveIncomeNetOfTax": "None", "ebit": "401788000", "ebitda": "609687000", "netIncome": "216900000"}, {"fiscalDateEnding": "2020-06-30", "reportedCurrency": "USD", "grossProfit": "1565655000", "totalRevenue": "8866564000", "costOfRevenue": "7300909000", "costofGoodsAndServicesSold": "7300909000", "operatingIncome": "-531580000", "sellingGeneralAndAdministrative": "1437827000", "researchAndDevelopment": "None", "operatingExpenses": "2097235000", "investmentIncomeNet": "None", "netInterestIncome": "-164269000", "interestIncome": "164269000", "interestExpense": "164269000", "nonInterestIncome": "None", "otherNonOperatingIncome": "-40396000", "depreciation": "None", "depreciationAndAmortization": "271804000", "incomeBeforeTax": "-736245000", "incomeTaxExpense": "-117826000", "interestAndDebtExpense": "None", "netIncomeFromContinuingOperations": "-618419000", "comprehensiveIncomeNetOfTax": "None", "ebit": "-587121000", "ebitda": "-315317000", "netIncome": "-618419000"}, {"fiscalDateEnding": "2020-03-31", "reportedCurrency": "USD", "grossProfit": "2564240000", "totalRevenue": "13698699000", "costOfRevenue": "11134459000", "costofGoodsAndServicesSold": "11134459000", "operatingIncome": "60274000", "sellingGeneralAndAdministrative": "37183000", "researchAndDevelopment": "None", "operatingExpenses": "2503966000", "investmentIncomeNet": "None", "netInterestIncome": "-83854000", "interestIncome": "83854000", "interestExpense": "83854000", "nonInterestIncome": "None", "otherNonOperatingIncome": "-5200000", "depreciation": "None", "depreciationAndAmortization": "216477000", "incomeBeforeTax": "-28780000", "incomeTaxExpense": "-25483000", "interestAndDebtExpense": "None", "netIncomeFromContinuingOperations": "-54263000", "comprehensiveIncomeNetOfTax": "None", "ebit": "43929000", "ebitda": "260406000", "netIncome": "-3297000"}, {"fiscalDateEnding": "2019-12-31", "reportedCurrency": "USD", "grossProfit": "2828399000", "totalRevenue": "15025042000", "costOfRevenue": "12196643000", "costofGoodsAndServicesSold": "12196643000", "operatingIncome": "552493000", "sellingGeneralAndAdministrative": "41170000", "researchAndDevelopment": "None", "operatingExpenses": "2275906000", "investmentIncomeNet": "None", "netInterestIncome": "-76762000", "interestIncome": "76762000", "interestExpense": "76762000", "nonInterestIncome": "None", "otherNonOperatingIncome": "807000", "depreciation": "None", "depreciationAndAmortization": "211530000", "incomeBeforeTax": "476538000", "incomeTaxExpense": "93128000", "interestAndDebtExpense": "None", "netIncomeFromContinuingOperations": "569666000", "comprehensiveIncomeNetOfTax": "None", "ebit": "541576000", "ebitda": "753106000", "netIncome": "383410000"}, {"fiscalDateEnding": "2019-09-30", "reportedCurrency": "USD", "grossProfit": "2943370000", "totalRevenue": "15303005000", "costOfRevenue": "12359635000", "costofGoodsAndServicesSold": "12359635000", "operatingIncome": "668318000", "sellingGeneralAndAdministrative": "33789000", "researchAndDevelopment": "None", "operatingExpenses": "2275052000", "investmentIncomeNet": "None", "netInterestIncome": "-83335000", "interestIncome": "83335000", "interestExpense": "83335000", "nonInterestIncome": "None", "otherNonOperatingIncome": "-3112000", "depreciation": "None", "depreciationAndAmortization": "214330000", "incomeBeforeTax": "581871000", "incomeTaxExpense": "128090000", "interestAndDebtExpense": "None", "netIncomeFromContinuingOperations": "709961000", "comprehensiveIncomeNetOfTax": "None", "ebit": "652201000", "ebitda": "866531000", "netIncome": "453781000"}, {"fiscalDateEnding": "2019-06-30", "reportedCurrency": "USD", "grossProfit": "2979192000", "totalRevenue": "15474862000", "costOfRevenue": "12495670000", "costofGoodsAndServicesSold": "12495670000", "operatingIncome": "720530000", "sellingGeneralAndAdministrative": "1324410000", "researchAndDevelopment": "None", "operatingExpenses": "2258662000", "investmentIncomeNet": "None", "netInterestIncome": "-89780000", "interestIncome": "89780000", "interestExpense": "89780000", "nonInterestIncome": "None", "otherNonOperatingIncome": "51558000", "depreciation": "None", "depreciationAndAmortization": "187339000", "incomeBeforeTax": "682308000", "incomeTaxExpense": "146542000", "interestAndDebtExpense": "None", "netIncomeFromContinuingOperations": "828850000", "comprehensiveIncomeNetOfTax": "None", "ebit": "734563000", "ebitda": "921902000", "netIncome": "535766000"}, {"fiscalDateEnding": "2019-03-31", "reportedCurrency": "USD", "grossProfit": "2754298000", "totalRevenue": "14658074000", "costOfRevenue": "11903776000", "costofGoodsAndServicesSold": "11903776000", "operatingIncome": "529585000", "sellingGeneralAndAdministrative": "2162947000", "researchAndDevelopment": "None", "operatingExpenses": "2224713000", "investmentIncomeNet": "None", "netInterestIncome": "-94514000", "interestIncome": "None", "interestExpense": "94514000", "nonInterestIncome": "None", "otherNonOperatingIncome": "-4120000", "depreciation": "None", "depreciationAndAmortization": "184183000", "incomeBeforeTax": "430951000", "incomeTaxExpense": "-9132000", "interestAndDebtExpense": "None", "netIncomeFromContinuingOperations": "421819000", "comprehensiveIncomeNetOfTax": "None", "ebit": "591351000", "ebitda": "775534000", "netIncome": "440083000"}, {"fiscalDateEnding": "2018-12-31", "reportedCurrency": "USD", "grossProfit": "2771712000", "totalRevenue": "14765707000", "costOfRevenue": "11993995000", "costofGoodsAndServicesSold": "11993995000", "operatingIncome": "451895000", "sellingGeneralAndAdministrative": "2197212000", "researchAndDevelopment": "0", "operatingExpenses": "2319817000", "investmentIncomeNet": "None", "netInterestIncome": "None", "interestIncome": "None", "interestExpense": "87113000", "nonInterestIncome": "None", "otherNonOperatingIncome": "-10197000", "depreciation": "None", "depreciationAndAmortization": "204786000", "incomeBeforeTax": "354585000", "incomeTaxExpense": "87205000", "interestAndDebtExpense": "None", "netIncomeFromContinuingOperations": "441790000", "comprehensiveIncomeNetOfTax": "None", "ebit": "429202000", "ebitda": "633988000", "netIncome": "267380000"}, {"fiscalDateEnding": "2018-09-30", "reportedCurrency": "USD", "grossProfit": "2903785000", "totalRevenue": "15215279000", "costOfRevenue": "12311494000", "costofGoodsAndServicesSold": "12311494000", "operatingIncome": "628140000", "sellingGeneralAndAdministrative": "2243945000", "researchAndDevelopment": "0", "operatingExpenses": "2275645000", "investmentIncomeNet": "None", "netInterestIncome": "None", "interestIncome": "None", "interestExpense": "89016000", "nonInterestIncome": "None", "otherNonOperatingIncome": "-1132000", "depreciation": "None", "depreciationAndAmortization": "187627000", "incomeBeforeTax": "537992000", "incomeTaxExpense": "106950000", "interestAndDebtExpense": "None", "netIncomeFromContinuingOperations": "644942000", "comprehensiveIncomeNetOfTax": "None", "ebit": "659840000", "ebitda": "847467000", "netIncome": "431042000"}, {"fiscalDateEnding": "2018-06-30", "reportedCurrency": "USD", "grossProfit": "2916709000", "totalRevenue": "15315906000", "costOfRevenue": "12399197000", "costofGoodsAndServicesSold": "12399197000", "operatingIncome": "687667000", "sellingGeneralAndAdministrative": "1468820001", "researchAndDevelopment": "0", "operatingExpenses": "2229042000", "investmentIncomeNet": "None", "netInterestIncome": "None", "interestIncome": "None", "interestExpense": "92468000", "nonInterestIncome": "None", "otherNonOperatingIncome": "-2043000", "depreciation": "None", "depreciationAndAmortization": "201766000", "incomeBeforeTax": "593156000", "incomeTaxExpense": "144228000", "interestAndDebtExpense": "None", "netIncomeFromContinuingOperations": "737384000", "comprehensiveIncomeNetOfTax": "None", "ebit": "785529000", "ebitda": "987295000", "netIncome": "448928000"}, {"fiscalDateEnding": "2018-03-31", "reportedCurrency": "USD", "grossProfit": "2675628000", "totalRevenue": "14349504000", "costOfRevenue": "11673876000", "costofGoodsAndServicesSold": "11673876000", "operatingIncome": "485933000", "sellingGeneralAndAdministrative": "2161553000", "researchAndDevelopment": "0", "operatingExpenses": "2189695000", "investmentIncomeNet": "None", "netInterestIncome": "None", "interestIncome": "None", "interestExpense": "136145000", "nonInterestIncome": "None", "otherNonOperatingIncome": "15096000", "depreciation": "None", "depreciationAndAmortization": "193416000", "incomeBeforeTax": "364884000", "incomeTaxExpense": "34799000", "interestAndDebtExpense": "None", "netIncomeFromContinuingOperations": "399683000", "comprehensiveIncomeNetOfTax": "None", "ebit": "499175000", "ebitda": "692591000", "netIncome": "330085000"}, {"fiscalDateEnding": "2017-12-31", "reportedCurrency": "USD", "grossProfit": "2699386000", "totalRevenue": "14411490000", "costOfRevenue": "11712104000", "costofGoodsAndServicesSold": "11712104000", "operatingIncome": "532282000", "sellingGeneralAndAdministrative": "2140737000", "researchAndDevelopment": "0", "operatingExpenses": "2167104000", "investmentIncomeNet": "None", "netInterestIncome": "None", "interestIncome": "None", "interestExpense": "85986000", "nonInterestIncome": "None", "otherNonOperatingIncome": "5432000", "depreciation": "None", "depreciationAndAmortization": "190654000", "incomeBeforeTax": "451728000", "incomeTaxExpense": "167615000", "interestAndDebtExpense": "None", "netIncomeFromContinuingOperations": "619343000", "comprehensiveIncomeNetOfTax": "None", "ebit": "545558000", "ebitda": "736212000", "netIncome": "284113000"}, {"fiscalDateEnding": "2017-09-30", "reportedCurrency": "USD", "grossProfit": "2793668000", "totalRevenue": "14650424000", "costOfRevenue": "11856756000", "costofGoodsAndServicesSold": "11856756000", "operatingIncome": "623092000", "sellingGeneralAndAdministrative": "2150018000", "researchAndDevelopment": "0", "operatingExpenses": "2170576000", "investmentIncomeNet": "None", "netInterestIncome": "None", "interestIncome": "None", "interestExpense": "80884000", "nonInterestIncome": "None", "otherNonOperatingIncome": "4248000", "depreciation": "None", "depreciationAndAmortization": "179662000", "incomeBeforeTax": "546456000", "incomeTaxExpense": "178816000", "interestAndDebtExpense": "None", "netIncomeFromContinuingOperations": "725272000", "comprehensiveIncomeNetOfTax": "None", "ebit": "633993000", "ebitda": "813655000", "netIncome": "367640000"}, {"fiscalDateEnding": "2017-06-30", "reportedCurrency": "USD", "grossProfit": "2759590000", "totalRevenue": "14421045000", "costOfRevenue": "11661455000", "costofGoodsAndServicesSold": "11661455000", "operatingIncome": "557959000", "sellingGeneralAndAdministrative": "1251345000", "researchAndDevelopment": "0", "operatingExpenses": "2201631000", "investmentIncomeNet": "None", "netInterestIncome": "None", "interestIncome": "None", "interestExpense": "76020000", "nonInterestIncome": "None", "otherNonOperatingIncome": "1586000", "depreciation": "None", "depreciationAndAmortization": "234717000", "incomeBeforeTax": "483525000", "incomeTaxExpense": "178354000", "interestAndDebtExpense": "None", "netIncomeFromContinuingOperations": "661879000", "comprehensiveIncomeNetOfTax": "None", "ebit": "562273000", "ebitda": "796990000", "netIncome": "305171000"}, {"fiscalDateEnding": "2017-03-31", "reportedCurrency": "USD", "grossProfit": "2534135000", "totalRevenue": "13524172000", "costOfRevenue": "10990037000", "costofGoodsAndServicesSold": "10990037000", "operatingIncome": "435962000", "sellingGeneralAndAdministrative": "2074135000", "researchAndDevelopment": "0", "operatingExpenses": "2098173000", "investmentIncomeNet": "None", "netInterestIncome": "None", "interestIncome": "None", "interestExpense": "81004000", "nonInterestIncome": "None", "otherNonOperatingIncome": "4815000", "depreciation": "None", "depreciationAndAmortization": "218316000", "incomeBeforeTax": "359773000", "incomeTaxExpense": "121495000", "interestAndDebtExpense": "None", "netIncomeFromContinuingOperations": "481268000", "comprehensiveIncomeNetOfTax": "None", "ebit": "447212000", "ebitda": "665528000", "netIncome": "238278000"}, {"fiscalDateEnding": "2016-12-31", "reportedCurrency": "USD", "grossProfit": "2571863000", "totalRevenue": "13457268000", "costOfRevenue": "10885405000", "costofGoodsAndServicesSold": "10885405000", "operatingIncome": "492417000", "sellingGeneralAndAdministrative": "2060462000", "researchAndDevelopment": "0", "operatingExpenses": "2079446000", "investmentIncomeNet": "None", "netInterestIncome": "None", "interestIncome": "None", "interestExpense": "72231000", "nonInterestIncome": "None", "otherNonOperatingIncome": "2320000", "depreciation": "None", "depreciationAndAmortization": "237274000", "incomeBeforeTax": "422506000", "incomeTaxExpense": "147339000", "interestAndDebtExpense": "None", "netIncomeFromContinuingOperations": "569845000", "comprehensiveIncomeNetOfTax": "None", "ebit": "482255000", "ebitda": "719529000", "netIncome": "275167000"}, {"fiscalDateEnding": "2016-09-30", "reportedCurrency": "USD", "grossProfit": "2691919000", "totalRevenue": "13968654000", "costOfRevenue": "11276735000", "costofGoodsAndServicesSold": "11276735000", "operatingIncome": "566833000", "sellingGeneralAndAdministrative": "2109800000", "researchAndDevelopment": "0", "operatingExpenses": "2125086000", "investmentIncomeNet": "None", "netInterestIncome": "None", "interestIncome": "None", "interestExpense": "73623000", "nonInterestIncome": "None", "otherNonOperatingIncome": "7216000", "depreciation": "None", "depreciationAndAmortization": "211685000", "incomeBeforeTax": "500426000", "incomeTaxExpense": "176539000", "interestAndDebtExpense": "None", "netIncomeFromContinuingOperations": "676965000", "comprehensiveIncomeNetOfTax": "None", "ebit": "607330000", "ebitda": "819015000", "netIncome": "323887000"}, {"fiscalDateEnding": "2016-06-30", "reportedCurrency": "USD", "grossProfit": "2502838000", "totalRevenue": "13647891000", "costOfRevenue": "11145053000", "costofGoodsAndServicesSold": "11145053000", "operatingIncome": "546825000", "sellingGeneralAndAdministrative": "725420000", "researchAndDevelopment": "0", "operatingExpenses": "1956013000", "investmentIncomeNet": "None", "netInterestIncome": "None", "interestIncome": "None", "interestExpense": "74305000", "nonInterestIncome": "None", "otherNonOperatingIncome": "-141303000", "depreciation": "None", "depreciationAndAmortization": "202046000", "incomeBeforeTax": "331217000", "incomeTaxExpense": "115550000", "interestAndDebtExpense": "None", "netIncomeFromContinuingOperations": "446767000", "comprehensiveIncomeNetOfTax": "None", "ebit": "-257188000", "ebitda": "-55142000", "netIncome": "215667000"}, {"fiscalDateEnding": "2016-03-31", "reportedCurrency": "USD", "grossProfit": "2142825000", "totalRevenue": "12002791000", "costOfRevenue": "9859966000", "costofGoodsAndServicesSold": "9859966000", "operatingIncome": "377618000", "sellingGeneralAndAdministrative": "1705178000", "researchAndDevelopment": "0", "operatingExpenses": "1765207000", "investmentIncomeNet": "None", "netInterestIncome": "None", "interestIncome": "None", "interestExpense": "57699000", "nonInterestIncome": "None", "otherNonOperatingIncome": "6952000", "depreciation": "None", "depreciationAndAmortization": "179264000", "incomeBeforeTax": "326871000", "incomeTaxExpense": "109735000", "interestAndDebtExpense": "None", "netIncomeFromContinuingOperations": "436606000", "comprehensiveIncomeNetOfTax": "None", "ebit": "437647000", "ebitda": "616911000", "netIncome": "217136000"}, {"fiscalDateEnding": "2015-12-31", "reportedCurrency": "USD", "grossProfit": "2156814000", "totalRevenue": "12153626000", "costOfRevenue": "9996812000", "costofGoodsAndServicesSold": "9996812000", "operatingIncome": "432583000", "sellingGeneralAndAdministrative": "889080000", "researchAndDevelopment": "0", "operatingExpenses": "1724231000", "investmentIncomeNet": "None", "netInterestIncome": "None", "interestIncome": "None", "interestExpense": "47235000", "nonInterestIncome": "None", "otherNonOperatingIncome": "7764000", "depreciation": "None", "depreciationAndAmortization": "145439000", "incomeBeforeTax": "393112000", "incomeTaxExpense": "120713000", "interestAndDebtExpense": "None", "netIncomeFromContinuingOperations": "513825000", "comprehensiveIncomeNetOfTax": "None", "ebit": "436864000", "ebitda": "582303000", "netIncome": "272399000"}, {"fiscalDateEnding": "2015-09-30", "reportedCurrency": "USD", "grossProfit": "2237995000", "totalRevenue": "12562611000", "costOfRevenue": "10324616000", "costofGoodsAndServicesSold": "10324616000", "operatingIncome": "493474000", "sellingGeneralAndAdministrative": "1731516000", "researchAndDevelopment": "0", "operatingExpenses": "1744521000", "investmentIncomeNet": "None", "netInterestIncome": "None", "interestIncome": "None", "interestExpense": "126907000", "nonInterestIncome": "None", "otherNonOperatingIncome": "15240000", "depreciation": "None", "depreciationAndAmortization": "135961000", "incomeBeforeTax": "381807000", "incomeTaxExpense": "137387000", "interestAndDebtExpense": "None", "netIncomeFromContinuingOperations": "519194000", "comprehensiveIncomeNetOfTax": "None", "ebit": "506479000", "ebitda": "642440000", "netIncome": "244420000"}, {"fiscalDateEnding": "2015-06-30", "reportedCurrency": "USD", "grossProfit": "2220164000", "totalRevenue": "12401938000", "costOfRevenue": "10181774000", "costofGoodsAndServicesSold": "10181774000", "operatingIncome": "120995000", "sellingGeneralAndAdministrative": "889080000", "researchAndDevelopment": "0", "operatingExpenses": "2099169000", "investmentIncomeNet": "None", "netInterestIncome": "None", "interestIncome": "None", "interestExpense": "77281000", "nonInterestIncome": "None", "otherNonOperatingIncome": "25034000", "depreciation": "None", "depreciationAndAmortization": "117122000", "incomeBeforeTax": "68748000", "incomeTaxExpense": "-4278000", "interestAndDebtExpense": "None", "netIncomeFromContinuingOperations": "715774000", "comprehensiveIncomeNetOfTax": "None", "ebit": "146029000", "ebitda": "263151000", "netIncome": "73026000"}, {"fiscalDateEnding": "2015-03-31", "reportedCurrency": "USD", "grossProfit": "2057498000", "totalRevenue": "11746659000", "costOfRevenue": "9689161000", "costofGoodsAndServicesSold": "9689161000", "operatingIncome": "327308000", "sellingGeneralAndAdministrative": "1680580000", "researchAndDevelopment": "0", "operatingExpenses": "1730190000", "investmentIncomeNet": "None", "netInterestIncome": "None", "interestIncome": "None", "interestExpense": "69550000", "nonInterestIncome": "None", "otherNonOperatingIncome": "8577000", "depreciation": "None", "depreciationAndAmortization": "141100000", "incomeBeforeTax": "266335000", "incomeTaxExpense": "89380000", "interestAndDebtExpense": "None", "netIncomeFromContinuingOperations": "176955000", "comprehensiveIncomeNetOfTax": "None", "ebit": "373369000", "ebitda": "514469000", "netIncome": "176955000"}, {"fiscalDateEnding": "2014-12-31", "reportedCurrency": "USD", "grossProfit": "2085137000", "totalRevenue": "12087074000", "costOfRevenue": "10001937000", "costofGoodsAndServicesSold": "10001937000", "operatingIncome": "315446000", "sellingGeneralAndAdministrative": "1690620000", "researchAndDevelopment": "0", "operatingExpenses": "1769691000", "investmentIncomeNet": "None", "netInterestIncome": "None", "interestIncome": "None", "interestExpense": "77042000", "nonInterestIncome": "None", "otherNonOperatingIncome": "-2207000", "depreciation": "None", "depreciationAndAmortization": "157000000", "incomeBeforeTax": "236197000", "incomeTaxExpense": "78218000", "interestAndDebtExpense": "None", "netIncomeFromContinuingOperations": "157979000", "comprehensiveIncomeNetOfTax": "None", "ebit": "379914000", "ebitda": "536914000", "netIncome": "157979000"}, {"fiscalDateEnding": "2014-09-30", "reportedCurrency": "USD", "grossProfit": "2188717000", "totalRevenue": "12445081000", "costOfRevenue": "10256364000", "costofGoodsAndServicesSold": "10256364000", "operatingIncome": "465613000", "sellingGeneralAndAdministrative": "1681473000", "researchAndDevelopment": "0", "operatingExpenses": "1723104000", "investmentIncomeNet": "None", "netInterestIncome": "None", "interestIncome": "None", "interestExpense": "30934000", "nonInterestIncome": "None", "otherNonOperatingIncome": "2188000", "depreciation": "None", "depreciationAndAmortization": "137799000", "incomeBeforeTax": "436867000", "incomeTaxExpense": "158054000", "interestAndDebtExpense": "None", "netIncomeFromContinuingOperations": "278813000", "comprehensiveIncomeNetOfTax": "None", "ebit": "505245000", "ebitda": "643044000", "netIncome": "278813000"}, {"fiscalDateEnding": "2014-06-30", "reportedCurrency": "USD", "grossProfit": "2155856000", "totalRevenue": "12286992000", "costOfRevenue": "10131136000", "costofGoodsAndServicesSold": "10131136000", "operatingIncome": "424522000", "sellingGeneralAndAdministrative": "974128000", "researchAndDevelopment": "0", "operatingExpenses": "1731334000", "investmentIncomeNet": "None", "netInterestIncome": "None", "interestIncome": "None", "interestExpense": "31205000", "nonInterestIncome": "None", "otherNonOperatingIncome": "7216000", "depreciation": "None", "depreciationAndAmortization": "146990000", "incomeBeforeTax": "400533000", "incomeTaxExpense": "146362000", "interestAndDebtExpense": "None", "netIncomeFromContinuingOperations": "254171000", "comprehensiveIncomeNetOfTax": "None", "ebit": "-124324000", "ebitda": "22666000", "netIncome": "254171000"}, {"fiscalDateEnding": "2014-03-31", "reportedCurrency": "USD", "grossProfit": "1994741000", "totalRevenue": "11277484000", "costOfRevenue": "9282743000", "costofGoodsAndServicesSold": "9282743000", "operatingIncome": "332625000", "sellingGeneralAndAdministrative": "1607904000", "researchAndDevelopment": "0", "operatingExpenses": "1662116000", "investmentIncomeNet": "None", "netInterestIncome": "None", "interestIncome": "None", "interestExpense": "32224000", "nonInterestIncome": "None", "otherNonOperatingIncome": "-3718000", "depreciation": "None", "depreciationAndAmortization": "137925000", "incomeBeforeTax": "296683000", "incomeTaxExpense": "115746000", "interestAndDebtExpense": "None", "netIncomeFromContinuingOperations": "180937000", "comprehensiveIncomeNetOfTax": "None", "ebit": "367575000", "ebitda": "505500000", "netIncome": "180937000"}, {"fiscalDateEnding": "2013-12-31", "reportedCurrency": "USD", "grossProfit": "1964951000", "totalRevenue": "11237969000", "costOfRevenue": "9273018000", "costofGoodsAndServicesSold": "9273018000", "operatingIncome": "351777000", "sellingGeneralAndAdministrative": "1583211000", "researchAndDevelopment": "0", "operatingExpenses": "1613174000", "investmentIncomeNet": "None", "netInterestIncome": "None", "interestIncome": "None", "interestExpense": "29784000", "nonInterestIncome": "None", "otherNonOperatingIncome": "4211000", "depreciation": "None", "depreciationAndAmortization": "137403000", "incomeBeforeTax": "326204000", "incomeTaxExpense": "115369000", "interestAndDebtExpense": "None", "netIncomeFromContinuingOperations": "210835000", "comprehensiveIncomeNetOfTax": "None", "ebit": "358879000", "ebitda": "496282000", "netIncome": "210835000"}, {"fiscalDateEnding": "2013-09-30", "reportedCurrency": "USD", "grossProfit": "2065487000", "totalRevenue": "11714267000", "costOfRevenue": "9648780000", "costofGoodsAndServicesSold": "9648780000", "operatingIncome": "478198000", "sellingGeneralAndAdministrative": "1586034000", "researchAndDevelopment": "0", "operatingExpenses": "1587289000", "investmentIncomeNet": "None", "netInterestIncome": "None", "interestIncome": "None", "interestExpense": "30528000", "nonInterestIncome": "None", "otherNonOperatingIncome": "4534000", "depreciation": "None", "depreciationAndAmortization": "133744000", "incomeBeforeTax": "452204000", "incomeTaxExpense": "166614000", "interestAndDebtExpense": "None", "netIncomeFromContinuingOperations": "285590000", "comprehensiveIncomeNetOfTax": "None", "ebit": "480519000", "ebitda": "614263000", "netIncome": "285590000"}, {"fiscalDateEnding": "2013-06-30", "reportedCurrency": "USD", "grossProfit": "2036162000", "totalRevenue": "11601056000", "costOfRevenue": "9564894000", "costofGoodsAndServicesSold": "9564894000", "operatingIncome": "459843000", "sellingGeneralAndAdministrative": "1075259000", "researchAndDevelopment": "0", "operatingExpenses": "1576319000", "investmentIncomeNet": "None", "netInterestIncome": "None", "interestIncome": "None", "interestExpense": "31170000", "nonInterestIncome": "None", "otherNonOperatingIncome": "9832000", "depreciation": "None", "depreciationAndAmortization": "132550000", "incomeBeforeTax": "438505000", "incomeTaxExpense": "155462000", "interestAndDebtExpense": "None", "netIncomeFromContinuingOperations": "283043000", "comprehensiveIncomeNetOfTax": "None", "ebit": "-42873000", "ebitda": "89677000", "netIncome": "283043000"}, {"fiscalDateEnding": "2013-03-31", "reportedCurrency": "USD", "grossProfit": "1910319000", "totalRevenue": "10926371000", "costOfRevenue": "9016052000", "costofGoodsAndServicesSold": "9016052000", "operatingIncome": "337202000", "sellingGeneralAndAdministrative": "1599550000", "researchAndDevelopment": "0", "operatingExpenses": "1573117000", "investmentIncomeNet": "None", "netInterestIncome": "None", "interestIncome": "None", "interestExpense": "34215000", "nonInterestIncome": "None", "otherNonOperatingIncome": "3410000", "depreciation": "None", "depreciationAndAmortization": "130405000", "incomeBeforeTax": "306397000", "incomeTaxExpense": "104980000", "interestAndDebtExpense": "None", "netIncomeFromContinuingOperations": "201417000", "comprehensiveIncomeNetOfTax": "None", "ebit": "340612000", "ebitda": "471017000", "netIncome": "201417000"}, {"fiscalDateEnding": "2012-12-31", "reportedCurrency": "USD", "grossProfit": "1917566000", "totalRevenue": "10796890000", "costOfRevenue": "8879324000", "costofGoodsAndServicesSold": "8879324000", "operatingIncome": "382651000", "sellingGeneralAndAdministrative": "1555995000", "researchAndDevelopment": "0", "operatingExpenses": "1534915000", "investmentIncomeNet": "None", "netInterestIncome": "None", "interestIncome": "None", "interestExpense": "32242000", "nonInterestIncome": "None", "otherNonOperatingIncome": "1753000", "depreciation": "None", "depreciationAndAmortization": "128929000", "incomeBeforeTax": "352162000", "incomeTaxExpense": "130793000", "interestAndDebtExpense": "None", "netIncomeFromContinuingOperations": "221369000", "comprehensiveIncomeNetOfTax": "None", "ebit": "384404000", "ebitda": "513333000", "netIncome": "221369000"}, {"fiscalDateEnding": "2012-09-30", "reportedCurrency": "USD", "grossProfit": "2003544000", "totalRevenue": "11086916000", "costOfRevenue": "9083372000", "costofGoodsAndServicesSold": "9083372000", "operatingIncome": "478782000", "sellingGeneralAndAdministrative": "1550625000", "researchAndDevelopment": "0", "operatingExpenses": "1524762000", "investmentIncomeNet": "None", "netInterestIncome": "None", "interestIncome": "None", "interestExpense": "30868000", "nonInterestIncome": "None", "otherNonOperatingIncome": "2477000", "depreciation": "None", "depreciationAndAmortization": "120664000", "incomeBeforeTax": "450391000", "incomeTaxExpense": "163793000", "interestAndDebtExpense": "None", "netIncomeFromContinuingOperations": "286598000", "comprehensiveIncomeNetOfTax": "None", "ebit": "481259000", "ebitda": "601923000", "netIncome": "286598000"}, {"fiscalDateEnding": "2012-06-30", "reportedCurrency": "USD", "grossProfit": "2011711000", "totalRevenue": "11045382000", "costOfRevenue": "9033671000", "costofGoodsAndServicesSold": "9033671000", "operatingIncome": "515464000", "sellingGeneralAndAdministrative": "1489832000", "researchAndDevelopment": "0", "operatingExpenses": "1496247000", "investmentIncomeNet": "None", "netInterestIncome": "None", "interestIncome": "None", "interestExpense": "27308000", "nonInterestIncome": "None", "otherNonOperatingIncome": "None", "depreciation": "None", "depreciationAndAmortization": "111977000", "incomeBeforeTax": "489452000", "incomeTaxExpense": "180183000", "interestAndDebtExpense": "None", "netIncomeFromContinuingOperations": "0", "comprehensiveIncomeNetOfTax": "None", "ebit": "516760000", "ebitda": "628737000", "netIncome": "309269000"}, {"fiscalDateEnding": "2012-03-31", "reportedCurrency": "USD", "grossProfit": "1871616000", "totalRevenue": "10504746000", "costOfRevenue": "8633130000", "costofGoodsAndServicesSold": "8633130000", "operatingIncome": "438830000", "sellingGeneralAndAdministrative": "1432786000", "researchAndDevelopment": "0", "operatingExpenses": "1432786000", "investmentIncomeNet": "None", "netInterestIncome": "None", "interestIncome": "None", "interestExpense": "28290000", "nonInterestIncome": "None", "otherNonOperatingIncome": "2248000", "depreciation": "None", "depreciationAndAmortization": "104242000", "incomeBeforeTax": "412788000", "incomeTaxExpense": "153238000", "interestAndDebtExpense": "None", "netIncomeFromContinuingOperations": "259550000", "comprehensiveIncomeNetOfTax": "None", "ebit": "441078000", "ebitda": "545320000", "netIncome": "259550000"}, {"fiscalDateEnding": "2011-12-31", "reportedCurrency": "USD", "grossProfit": "1845650000", "totalRevenue": "10244421000", "costOfRevenue": "8398771000", "costofGoodsAndServicesSold": "8398771000", "operatingIncome": "426998000", "sellingGeneralAndAdministrative": "1418652000", "researchAndDevelopment": "0", "operatingExpenses": "1418652000", "investmentIncomeNet": "None", "netInterestIncome": "None", "interestIncome": "None", "interestExpense": "28324000", "nonInterestIncome": "None", "otherNonOperatingIncome": "3472000", "depreciation": "None", "depreciationAndAmortization": "101083000", "incomeBeforeTax": "402146000", "incomeTaxExpense": "152033000", "interestAndDebtExpense": "None", "netIncomeFromContinuingOperations": "250113000", "comprehensiveIncomeNetOfTax": "None", "ebit": "430470000", "ebitda": "531553000", "netIncome": "250113000"}, {"fiscalDateEnding": "2011-09-30", "reportedCurrency": "USD", "grossProfit": "1947600000", "totalRevenue": "10586390000", "costOfRevenue": "8638790000", "costofGoodsAndServicesSold": "8638790000", "operatingIncome": "509340000", "sellingGeneralAndAdministrative": "1438260000", "researchAndDevelopment": "0", "operatingExpenses": "1438260000", "investmentIncomeNet": "None", "netInterestIncome": "None", "interestIncome": "None", "interestExpense": "29474000", "nonInterestIncome": "None", "otherNonOperatingIncome": "-250000", "depreciation": "None", "depreciationAndAmortization": "99641000", "incomeBeforeTax": "479616000", "incomeTaxExpense": "176963000", "interestAndDebtExpense": "None", "netIncomeFromContinuingOperations": "302653000", "comprehensiveIncomeNetOfTax": "None", "ebit": "509090000", "ebitda": "608731000", "netIncome": "302653000"}, {"fiscalDateEnding": "2011-06-30", "reportedCurrency": "USD", "grossProfit": "1936927000", "totalRevenue": "10425703000", "costOfRevenue": "8488776000", "costofGoodsAndServicesSold": "8488776000", "operatingIncome": "560750000", "sellingGeneralAndAdministrative": "1393642000", "researchAndDevelopment": "0", "operatingExpenses": "1376177000", "investmentIncomeNet": "None", "netInterestIncome": "None", "interestIncome": "None", "interestExpense": "30134000", "nonInterestIncome": "None", "otherNonOperatingIncome": "4278000", "depreciation": "None", "depreciationAndAmortization": "104281000", "incomeBeforeTax": "534894000", "incomeTaxExpense": "198584000", "interestAndDebtExpense": "None", "netIncomeFromContinuingOperations": "336310000", "comprehensiveIncomeNetOfTax": "None", "ebit": "162440000", "ebitda": "266721000", "netIncome": "336310000"}, {"fiscalDateEnding": "2011-03-31", "reportedCurrency": "USD", "grossProfit": "1810860000", "totalRevenue": "9761660000", "costOfRevenue": "7950800000", "costofGoodsAndServicesSold": "7950800000", "operatingIncome": "427487000", "sellingGeneralAndAdministrative": "1405062000", "researchAndDevelopment": "0", "operatingExpenses": "1383373000", "investmentIncomeNet": "None", "netInterestIncome": "None", "interestIncome": "None", "interestExpense": "28972000", "nonInterestIncome": "None", "otherNonOperatingIncome": "6957000", "depreciation": "None", "depreciationAndAmortization": "100077000", "incomeBeforeTax": "405472000", "incomeTaxExpense": "146994000", "interestAndDebtExpense": "None", "netIncomeFromContinuingOperations": "258478000", "comprehensiveIncomeNetOfTax": "None", "ebit": "434444000", "ebitda": "534521000", "netIncome": "258478000"}, {"fiscalDateEnding": "2010-12-31", "reportedCurrency": "USD", "grossProfit": "1741944000", "totalRevenue": "9384852000", "costOfRevenue": "7642908000", "costofGoodsAndServicesSold": "7642908000", "operatingIncome": "437025000", "sellingGeneralAndAdministrative": "1324642000", "researchAndDevelopment": "0", "operatingExpenses": "1304919000", "investmentIncomeNet": "None", "netInterestIncome": "None", "interestIncome": "None", "interestExpense": "28060000", "nonInterestIncome": "None", "otherNonOperatingIncome": "1300000", "depreciation": "None", "depreciationAndAmortization": "96516000", "incomeBeforeTax": "410265000", "incomeTaxExpense": "152092000", "interestAndDebtExpense": "None", "netIncomeFromContinuingOperations": "258173000", "comprehensiveIncomeNetOfTax": "None", "ebit": "438325000", "ebitda": "534841000", "netIncome": "258173000"}, {"fiscalDateEnding": "2010-09-30", "reportedCurrency": "USD", "grossProfit": "1831417000", "totalRevenue": "9751274000", "costOfRevenue": "7919857000", "costofGoodsAndServicesSold": "7919857000", "operatingIncome": "506240000", "sellingGeneralAndAdministrative": "1339864000", "researchAndDevelopment": "0", "operatingExpenses": "1325177000", "investmentIncomeNet": "None", "netInterestIncome": "None", "interestIncome": "None", "interestExpense": "31101000", "nonInterestIncome": "None", "otherNonOperatingIncome": "1684000", "depreciation": "None", "depreciationAndAmortization": "101714000", "incomeBeforeTax": "476823000", "incomeTaxExpense": "177754000", "interestAndDebtExpense": "None", "netIncomeFromContinuingOperations": "299069000", "comprehensiveIncomeNetOfTax": "None", "ebit": "507924000", "ebitda": "609638000", "netIncome": "299069000"}, {"fiscalDateEnding": "2010-06-30", "reportedCurrency": "USD", "grossProfit": "1981868000", "totalRevenue": "10348477000", "costOfRevenue": "8366609000", "costofGoodsAndServicesSold": "8366609000", "operatingIncome": "584086000", "sellingGeneralAndAdministrative": "1397782000", "researchAndDevelopment": "0", "operatingExpenses": "1397782000", "investmentIncomeNet": "None", "netInterestIncome": "None", "interestIncome": "None", "interestExpense": "32501000", "nonInterestIncome": "None", "otherNonOperatingIncome": "-912000", "depreciation": "None", "depreciationAndAmortization": "105763000", "incomeBeforeTax": "548661000", "incomeTaxExpense": "210880000", "interestAndDebtExpense": "None", "netIncomeFromContinuingOperations": "337781000", "comprehensiveIncomeNetOfTax": "None", "ebit": "191186000", "ebitda": "296949000", "netIncome": "337781000"}, {"fiscalDateEnding": "2010-03-31", "reportedCurrency": "USD", "grossProfit": "1683372000", "totalRevenue": "8945093000", "costOfRevenue": "7261721000", "costofGoodsAndServicesSold": "7261721000", "operatingIncome": "432103000", "sellingGeneralAndAdministrative": "1251269000", "researchAndDevelopment": "0", "operatingExpenses": "1251269000", "investmentIncomeNet": "None", "netInterestIncome": "None", "interestIncome": "None", "interestExpense": "27654000", "nonInterestIncome": "None", "otherNonOperatingIncome": "-1028000", "depreciation": "None", "depreciationAndAmortization": "94785000", "incomeBeforeTax": "403421000", "incomeTaxExpense": "155773000", "interestAndDebtExpense": "None", "netIncomeFromContinuingOperations": "247648000", "comprehensiveIncomeNetOfTax": "None", "ebit": "431075000", "ebitda": "525860000", "netIncome": "247648000"}, {"fiscalDateEnding": "2009-12-31", "reportedCurrency": "USD", "grossProfit": "1694887000", "totalRevenue": "8868499000", "costOfRevenue": "7173612000", "costofGoodsAndServicesSold": "7173612000", "operatingIncome": "462351000", "sellingGeneralAndAdministrative": "1232536000", "researchAndDevelopment": "0", "operatingExpenses": "1232536000", "investmentIncomeNet": "None", "netInterestIncome": "None", "interestIncome": "None", "interestExpense": "31522000", "nonInterestIncome": "None", "otherNonOperatingIncome": "1138000", "depreciation": "None", "depreciationAndAmortization": "95522000", "incomeBeforeTax": "431967000", "incomeTaxExpense": "163618000", "interestAndDebtExpense": "None", "netIncomeFromContinuingOperations": "268349000", "comprehensiveIncomeNetOfTax": "None", "ebit": "463489000", "ebitda": "559011000", "netIncome": "268349000"}, {"fiscalDateEnding": "2009-09-30", "reportedCurrency": "USD", "grossProfit": "1747359000", "totalRevenue": "9081426000", "costOfRevenue": "7334067000", "costofGoodsAndServicesSold": "7334067000", "operatingIncome": "497328000", "sellingGeneralAndAdministrative": "1250031000", "researchAndDevelopment": "0", "operatingExpenses": "1250031000", "investmentIncomeNet": "None", "netInterestIncome": "None", "interestIncome": "None", "interestExpense": "33800000", "nonInterestIncome": "None", "otherNonOperatingIncome": "None", "depreciation": "None", "depreciationAndAmortization": "93906000", "incomeBeforeTax": "465540000", "incomeTaxExpense": "139335000", "interestAndDebtExpense": "None", "netIncomeFromContinuingOperations": "326205000", "comprehensiveIncomeNetOfTax": "None", "ebit": "499340000", "ebitda": "593246000", "netIncome": "326205000"}, {"fiscalDateEnding": "2009-06-30", "reportedCurrency": "USD", "grossProfit": "1762586000", "totalRevenue": "9086748000", "costOfRevenue": "7324162000", "costofGoodsAndServicesSold": "7324162000", "operatingIncome": "540272000", "sellingGeneralAndAdministrative": "1222314000", "researchAndDevelopment": "0", "operatingExpenses": "1222314000", "investmentIncomeNet": "None", "netInterestIncome": "None", "interestIncome": "None", "interestExpense": "33279000", "nonInterestIncome": "None", "otherNonOperatingIncome": "None", "depreciation": "None", "depreciationAndAmortization": "98186000", "incomeBeforeTax": "510388000", "incomeTaxExpense": "195074000", "interestAndDebtExpense": "None", "netIncomeFromContinuingOperations": "0", "comprehensiveIncomeNetOfTax": "None", "ebit": "543667000", "ebitda": "641853000", "netIncome": "315314000"}, {"fiscalDateEnding": "2009-03-31", "reportedCurrency": "USD", "grossProfit": "1637076000", "totalRevenue": "8739350000", "costOfRevenue": "7102274000", "costofGoodsAndServicesSold": "7102274000", "operatingIncome": "405323000", "sellingGeneralAndAdministrative": "1231753000", "researchAndDevelopment": "0", "operatingExpenses": "1231753000", "investmentIncomeNet": "None", "netInterestIncome": "None", "interestIncome": "None", "interestExpense": "28233000", "nonInterestIncome": "None", "otherNonOperatingIncome": "None", "depreciation": "None", "depreciationAndAmortization": "93544000", "incomeBeforeTax": "380604000", "incomeTaxExpense": "154438000", "interestAndDebtExpense": "None", "netIncomeFromContinuingOperations": "0", "comprehensiveIncomeNetOfTax": "None", "ebit": "408837000", "ebitda": "502381000", "netIncome": "226166000"}, {"fiscalDateEnding": "2008-12-31", "reportedCurrency": "USD", "grossProfit": "1750113000", "totalRevenue": "9149803000", "costOfRevenue": "7399690000", "costofGoodsAndServicesSold": "7399690000", "operatingIncome": "421864000", "sellingGeneralAndAdministrative": "1328249000", "researchAndDevelopment": "0", "operatingExpenses": "1328249000", "investmentIncomeNet": "None", "netInterestIncome": "None", "interestIncome": "None", "interestExpense": "28400000", "nonInterestIncome": "None", "otherNonOperatingIncome": "None", "depreciation": "None", "depreciationAndAmortization": "96258000", "incomeBeforeTax": "398687000", "incomeTaxExpense": "161033000", "interestAndDebtExpense": "None", "netIncomeFromContinuingOperations": "0", "comprehensiveIncomeNetOfTax": "None", "ebit": "416641000", "ebitda": "512899000", "netIncome": "237654000"}, {"fiscalDateEnding": "2008-09-30", "reportedCurrency": "USD", "grossProfit": "1886556000", "totalRevenue": "9877429000", "costOfRevenue": "7990873000", "costofGoodsAndServicesSold": "7990873000", "operatingIncome": "504752000", "sellingGeneralAndAdministrative": "1381804000", "researchAndDevelopment": "0", "operatingExpenses": "1381804000", "investmentIncomeNet": "None", "netInterestIncome": "None", "interestIncome": "None", "interestExpense": "26410000", "nonInterestIncome": "None", "otherNonOperatingIncome": "None", "depreciation": "None", "depreciationAndAmortization": "94351000", "incomeBeforeTax": "481155000", "incomeTaxExpense": "204341000", "interestAndDebtExpense": "None", "netIncomeFromContinuingOperations": "0", "comprehensiveIncomeNetOfTax": "None", "ebit": "501939000", "ebitda": "596290000", "netIncome": "276814000"}, {"fiscalDateEnding": "2008-06-30", "reportedCurrency": "USD", "grossProfit": "1901414000", "totalRevenue": "9730205000", "costOfRevenue": "7828791000", "costofGoodsAndServicesSold": "7828791000", "operatingIncome": "558660000", "sellingGeneralAndAdministrative": "1342754000", "researchAndDevelopment": "0", "operatingExpenses": "1342754000", "investmentIncomeNet": "None", "netInterestIncome": "None", "interestIncome": "None", "interestExpense": "56255000", "nonInterestIncome": "None", "otherNonOperatingIncome": "None", "depreciation": "None", "depreciationAndAmortization": "96782000", "incomeBeforeTax": "535419000", "incomeTaxExpense": "201306000", "interestAndDebtExpense": "None", "netIncomeFromContinuingOperations": "0", "comprehensiveIncomeNetOfTax": "None", "ebit": "558660000", "ebitda": "655442000", "netIncome": "334113000"}, {"fiscalDateEnding": "2008-03-31", "reportedCurrency": "USD", "grossProfit": "1734521000", "totalRevenue": "9146557000", "costOfRevenue": "7412036000", "costofGoodsAndServicesSold": "7412036000", "operatingIncome": "417644000", "sellingGeneralAndAdministrative": "1316877000", "researchAndDevelopment": "0", "operatingExpenses": "1316877000", "investmentIncomeNet": "None", "netInterestIncome": "None", "interestIncome": "None", "interestExpense": "28744000", "nonInterestIncome": "None", "otherNonOperatingIncome": "None", "depreciation": "None", "depreciationAndAmortization": "95107000", "incomeBeforeTax": "396185000", "incomeTaxExpense": "155284000", "interestAndDebtExpense": "None", "netIncomeFromContinuingOperations": "0", "comprehensiveIncomeNetOfTax": "None", "ebit": "410359000", "ebitda": "505466000", "netIncome": "240901000"}, {"fiscalDateEnding": "2007-12-31", "reportedCurrency": "USD", "grossProfit": "1767780000", "totalRevenue": "9239505000", "costOfRevenue": "7471725000", "costofGoodsAndServicesSold": "7471725000", "operatingIncome": "449012000", "sellingGeneralAndAdministrative": "1318768000", "researchAndDevelopment": "0", "operatingExpenses": "1318768000", "investmentIncomeNet": "None", "netInterestIncome": "None", "interestIncome": "None", "interestExpense": "28915000", "nonInterestIncome": "None", "otherNonOperatingIncome": "None", "depreciation": "None", "depreciationAndAmortization": "90184000", "incomeBeforeTax": "428440000", "incomeTaxExpense": "164292000", "interestAndDebtExpense": "None", "netIncomeFromContinuingOperations": "0", "comprehensiveIncomeNetOfTax": "None", "ebit": "457355000", "ebitda": "547539000", "netIncome": "264148000"}, {"fiscalDateEnding": "2007-09-30", "reportedCurrency": "USD", "grossProfit": "1791142000", "totalRevenue": "9405844000", "costOfRevenue": "7614702000", "costofGoodsAndServicesSold": "7614702000", "operatingIncome": "454633000", "sellingGeneralAndAdministrative": "1336509000", "researchAndDevelopment": "0", "operatingExpenses": "1336509000", "investmentIncomeNet": "None", "netInterestIncome": "None", "interestIncome": "None", "interestExpense": "26371000", "nonInterestIncome": "None", "otherNonOperatingIncome": "None", "depreciation": "None", "depreciationAndAmortization": "90456000", "incomeBeforeTax": "431294000", "incomeTaxExpense": "164305000", "interestAndDebtExpense": "None", "netIncomeFromContinuingOperations": "0", "comprehensiveIncomeNetOfTax": "None", "ebit": "457665000", "ebitda": "548121000", "netIncome": "266989000"}, {"fiscalDateEnding": "2007-06-30", "reportedCurrency": "USD", "grossProfit": "1800673000", "totalRevenue": "9228294000", "costOfRevenue": "7427621000", "costofGoodsAndServicesSold": "7427621000", "operatingIncome": "509483000", "sellingGeneralAndAdministrative": "1291190000", "researchAndDevelopment": "0", "operatingExpenses": "1291190000", "investmentIncomeNet": "None", "netInterestIncome": "None", "interestIncome": "None", "interestExpense": "105002000", "nonInterestIncome": "None", "otherNonOperatingIncome": "None", "depreciation": "None", "depreciationAndAmortization": "92323000", "incomeBeforeTax": "486739000", "incomeTaxExpense": "183348000", "interestAndDebtExpense": "None", "netIncomeFromContinuingOperations": "0", "comprehensiveIncomeNetOfTax": "None", "ebit": "509483000", "ebitda": "601806000", "netIncome": "303391000"}, {"fiscalDateEnding": "2007-03-31", "reportedCurrency": "USD", "grossProfit": "1634094000", "totalRevenue": "8572961000", "costOfRevenue": "6938867000", "costofGoodsAndServicesSold": "6938867000", "operatingIncome": "384143000", "sellingGeneralAndAdministrative": "1249951000", "researchAndDevelopment": "0", "operatingExpenses": "1249951000", "investmentIncomeNet": "None", "netInterestIncome": "None", "interestIncome": "None", "interestExpense": "28006000", "nonInterestIncome": "None", "otherNonOperatingIncome": "None", "depreciation": "None", "depreciationAndAmortization": "91365000", "incomeBeforeTax": "360979000", "incomeTaxExpense": "139980000", "interestAndDebtExpense": "None", "netIncomeFromContinuingOperations": "0", "comprehensiveIncomeNetOfTax": "None", "ebit": "292778000", "ebitda": "384143000", "netIncome": "220999000"}, {"fiscalDateEnding": "2006-12-31", "reportedCurrency": "USD", "grossProfit": "1653489000", "totalRevenue": "8568748000", "costOfRevenue": "6915259000", "costofGoodsAndServicesSold": "6915259000", "operatingIncome": "412670000", "sellingGeneralAndAdministrative": "1230967000", "researchAndDevelopment": "0", "operatingExpenses": "1240819000", "investmentIncomeNet": "None", "netInterestIncome": "None", "interestIncome": "None", "interestExpense": "53772000", "nonInterestIncome": "None", "otherNonOperatingIncome": "None", "depreciation": "None", "depreciationAndAmortization": "88811000", "incomeBeforeTax": "388039000", "incomeTaxExpense": "151353000", "interestAndDebtExpense": "None", "netIncomeFromContinuingOperations": "0", "comprehensiveIncomeNetOfTax": "None", "ebit": "409295000", "ebitda": "498106000", "netIncome": "236686000"}, {"fiscalDateEnding": "2006-09-30", "reportedCurrency": "USD", "grossProfit": "1669216000", "totalRevenue": "8672072000", "costOfRevenue": "7002856000", "costofGoodsAndServicesSold": "7002856000", "operatingIncome": "390939000", "sellingGeneralAndAdministrative": "1278277000", "researchAndDevelopment": "0", "operatingExpenses": "1278277000", "investmentIncomeNet": "None", "netInterestIncome": "None", "interestIncome": "None", "interestExpense": "109100000", "nonInterestIncome": "None", "otherNonOperatingIncome": "None", "depreciation": "None", "depreciationAndAmortization": "90060000", "incomeBeforeTax": "374211000", "incomeTaxExpense": "145458000", "interestAndDebtExpense": "None", "netIncomeFromContinuingOperations": "0", "comprehensiveIncomeNetOfTax": "None", "ebit": "381901000", "ebitda": "471961000", "netIncome": "189018000"}, {"fiscalDateEnding": "2006-06-30", "reportedCurrency": "USD", "grossProfit": "1689618000", "totalRevenue": "8509077000", "costOfRevenue": "6819459000", "costofGoodsAndServicesSold": "6819459000", "operatingIncome": "434712000", "sellingGeneralAndAdministrative": "1254906000", "researchAndDevelopment": "0", "operatingExpenses": "1254906000", "investmentIncomeNet": "None", "netInterestIncome": "None", "interestIncome": "None", "interestExpense": "109100000", "nonInterestIncome": "None", "otherNonOperatingIncome": "None", "depreciation": "None", "depreciationAndAmortization": "93107000", "incomeBeforeTax": "409388000", "incomeTaxExpense": "155279000", "interestAndDebtExpense": "None", "netIncomeFromContinuingOperations": "0", "comprehensiveIncomeNetOfTax": "None", "ebit": "434712000", "ebitda": "527819000", "netIncome": "254109000"}, {"fiscalDateEnding": "2006-03-31", "reportedCurrency": "USD", "grossProfit": "1535714000", "totalRevenue": "8137816000", "costOfRevenue": "6602102000", "costofGoodsAndServicesSold": "6602102000", "operatingIncome": "342444000", "sellingGeneralAndAdministrative": "1193270000", "researchAndDevelopment": "0", "operatingExpenses": "1193270000", "investmentIncomeNet": "None", "netInterestIncome": "None", "interestIncome": "None", "interestExpense": "80914000", "nonInterestIncome": "None", "otherNonOperatingIncome": "None", "depreciation": "None", "depreciationAndAmortization": "82397000", "incomeBeforeTax": "313822000", "incomeTaxExpense": "125283000", "interestAndDebtExpense": "None", "netIncomeFromContinuingOperations": "0", "comprehensiveIncomeNetOfTax": "None", "ebit": "260047000", "ebitda": "342444000", "netIncome": "188539000"}, {"fiscalDateEnding": "2005-12-31", "reportedCurrency": "USD", "grossProfit": "1536308000", "totalRevenue": "7971061000", "costOfRevenue": "6434753000", "costofGoodsAndServicesSold": "6434753000", "operatingIncome": "364839000", "sellingGeneralAndAdministrative": "1171469000", "researchAndDevelopment": "0", "operatingExpenses": "1171469000", "investmentIncomeNet": "None", "netInterestIncome": "None", "interestIncome": "None", "interestExpense": "29227000", "nonInterestIncome": "None", "otherNonOperatingIncome": "None", "depreciation": "None", "depreciationAndAmortization": "84502000", "incomeBeforeTax": "337832000", "incomeTaxExpense": "133650000", "interestAndDebtExpense": "None", "netIncomeFromContinuingOperations": "0", "comprehensiveIncomeNetOfTax": "None", "ebit": "280337000", "ebitda": "364839000", "netIncome": "204182000"}, {"fiscalDateEnding": "2005-09-30", "reportedCurrency": "USD", "grossProfit": "1529691000", "totalRevenue": "8010484000", "costOfRevenue": "6480793000", "costofGoodsAndServicesSold": "6480793000", "operatingIncome": "353035000", "sellingGeneralAndAdministrative": "1176656000", "researchAndDevelopment": "0", "operatingExpenses": "1176656000", "investmentIncomeNet": "None", "netInterestIncome": "None", "interestIncome": "None", "interestExpense": "22246000", "nonInterestIncome": "None", "otherNonOperatingIncome": "None", "depreciation": "None", "depreciationAndAmortization": "85056000", "incomeBeforeTax": "333904000", "incomeTaxExpense": "134694000", "interestAndDebtExpense": "None", "netIncomeFromContinuingOperations": "0", "comprehensiveIncomeNetOfTax": "None", "ebit": "267979000", "ebitda": "353035000", "netIncome": "208495000"}, {"fiscalDateEnding": "2005-06-30", "reportedCurrency": "USD", "grossProfit": "1543690000", "totalRevenue": "7981279000", "costOfRevenue": "6437589000", "costofGoodsAndServicesSold": "6437589000", "operatingIncome": "462314000", "sellingGeneralAndAdministrative": "1081376000", "researchAndDevelopment": "0", "operatingExpenses": "1081376000", "investmentIncomeNet": "None", "netInterestIncome": "None", "interestIncome": "None", "interestExpense": "19384000", "nonInterestIncome": "None", "otherNonOperatingIncome": "None", "depreciation": "None", "depreciationAndAmortization": "85779000", "incomeBeforeTax": "447255000", "incomeTaxExpense": "162575000", "interestAndDebtExpense": "None", "netIncomeFromContinuingOperations": "0", "comprehensiveIncomeNetOfTax": "None", "ebit": "462314000", "ebitda": "548093000", "netIncome": "284680000"}, {"fiscalDateEnding": "2005-03-31", "reportedCurrency": "USD", "grossProfit": "1405288000", "totalRevenue": "7437453000", "costOfRevenue": "6032165000", "costofGoodsAndServicesSold": "6032165000", "operatingIncome": "352811000", "sellingGeneralAndAdministrative": "1052477000", "researchAndDevelopment": "0", "operatingExpenses": "1052477000", "investmentIncomeNet": "None", "netInterestIncome": "None", "interestIncome": "None", "interestExpense": "20151000", "nonInterestIncome": "None", "otherNonOperatingIncome": "None", "depreciation": "None", "depreciationAndAmortization": "80670000", "incomeBeforeTax": "335579000", "incomeTaxExpense": "117359000", "interestAndDebtExpense": "None", "netIncomeFromContinuingOperations": "0", "comprehensiveIncomeNetOfTax": "None", "ebit": "352811000", "ebitda": "433481000", "netIncome": "218220000"}, {"fiscalDateEnding": "2004-12-31", "reportedCurrency": "USD", "grossProfit": "1397742000", "totalRevenue": "7331257000", "costOfRevenue": "5933515000", "costofGoodsAndServicesSold": "5933515000", "operatingIncome": "392823000", "sellingGeneralAndAdministrative": "1004919000", "researchAndDevelopment": "0", "operatingExpenses": "1004919000", "investmentIncomeNet": "None", "netInterestIncome": "None", "interestIncome": "None", "interestExpense": "17766000", "nonInterestIncome": "None", "otherNonOperatingIncome": "None", "depreciation": "None", "depreciationAndAmortization": "76229000", "incomeBeforeTax": "376750000", "incomeTaxExpense": "144107000", "interestAndDebtExpense": "None", "netIncomeFromContinuingOperations": "0", "comprehensiveIncomeNetOfTax": "None", "ebit": "392823000", "ebitda": "469052000", "netIncome": "232643000"}]}