{"symbol": "DUK", "annualReports": [{"fiscalDateEnding": "2024-12-31", "reportedCurrency": "USD", "grossProfit": "29792000000", "totalRevenue": "30357000000", "costOfRevenue": "565000000", "costofGoodsAndServicesSold": "565000000", "operatingIncome": "7926000000", "sellingGeneralAndAdministrative": "None", "researchAndDevelopment": "None", "operatingExpenses": "22457000000", "investmentIncomeNet": "None", "netInterestIncome": "-3321000000", "interestIncome": "63000000", "interestExpense": "3384000000", "nonInterestIncome": "None", "otherNonOperatingIncome": "None", "depreciation": "None", "depreciationAndAmortization": "6419000000", "incomeBeforeTax": "5194000000", "incomeTaxExpense": "590000000", "interestAndDebtExpense": "None", "netIncomeFromContinuingOperations": "4604000000", "comprehensiveIncomeNetOfTax": "None", "ebit": "8578000000", "ebitda": "14997000000", "netIncome": "4524000000"}, {"fiscalDateEnding": "2023-12-31", "reportedCurrency": "USD", "grossProfit": "13756000000", "totalRevenue": "29060000000", "costOfRevenue": "15304000000", "costofGoodsAndServicesSold": "15304000000", "operatingIncome": "7070000000", "sellingGeneralAndAdministrative": "None", "researchAndDevelopment": "None", "operatingExpenses": "6686000000", "investmentIncomeNet": "None", "netInterestIncome": "-2873000000", "interestIncome": "29000000", "interestExpense": "3014000000", "nonInterestIncome": "None", "otherNonOperatingIncome": "None", "depreciation": "None", "depreciationAndAmortization": "6084000000", "incomeBeforeTax": "4767000000", "incomeTaxExpense": "438000000", "interestAndDebtExpense": "None", "netIncomeFromContinuingOperations": "3829000000", "comprehensiveIncomeNetOfTax": "None", "ebit": "7205000000", "ebitda": "13289000000", "netIncome": "2841000000"}, {"fiscalDateEnding": "2022-12-31", "reportedCurrency": "USD", "grossProfit": "12976000000", "totalRevenue": "28768000000", "costOfRevenue": "15792000000", "costofGoodsAndServicesSold": "15792000000", "operatingIncome": "6012000000", "sellingGeneralAndAdministrative": "None", "researchAndDevelopment": "None", "operatingExpenses": "7100000000", "investmentIncomeNet": "None", "netInterestIncome": "-2439000000", "interestIncome": "2326000000", "interestExpense": "2439000000", "nonInterestIncome": "None", "otherNonOperatingIncome": "None", "depreciation": "None", "depreciationAndAmortization": "5843000000", "incomeBeforeTax": "4078000000", "incomeTaxExpense": "300000000", "interestAndDebtExpense": "None", "netIncomeFromContinuingOperations": "3911000000", "comprehensiveIncomeNetOfTax": "None", "ebit": "6560000000", "ebitda": "12403000000", "netIncome": "2550000000"}, {"fiscalDateEnding": "2021-12-31", "reportedCurrency": "USD", "grossProfit": "12095000000", "totalRevenue": "25097000000", "costOfRevenue": "13002000000", "costofGoodsAndServicesSold": "13002000000", "operatingIncome": "5373000000", "sellingGeneralAndAdministrative": "1389000000", "researchAndDevelopment": "None", "operatingExpenses": "6379000000", "investmentIncomeNet": "None", "netInterestIncome": "-2280000000", "interestIncome": "2252000000", "interestExpense": "2280000000", "nonInterestIncome": "None", "otherNonOperatingIncome": "671000000", "depreciation": "None", "depreciationAndAmortization": "4990000000", "incomeBeforeTax": "3764000000", "incomeTaxExpense": "192000000", "interestAndDebtExpense": "None", "netIncomeFromContinuingOperations": "3572000000", "comprehensiveIncomeNetOfTax": "None", "ebit": "6380000000", "ebitda": "11370000000", "netIncome": "3579000000"}, {"fiscalDateEnding": "2020-12-31", "reportedCurrency": "USD", "grossProfit": "11353000000", "totalRevenue": "23366000000", "costOfRevenue": "12013000000", "costofGoodsAndServicesSold": "12013000000", "operatingIncome": "4571000000", "sellingGeneralAndAdministrative": "1337000000", "researchAndDevelopment": "None", "operatingExpenses": "5815000000", "investmentIncomeNet": "None", "netInterestIncome": "-2162000000", "interestIncome": "4167000000", "interestExpense": "2097000000", "nonInterestIncome": "None", "otherNonOperatingIncome": "-1552000000", "depreciation": "None", "depreciationAndAmortization": "5486000000", "incomeBeforeTax": "920000000", "incomeTaxExpense": "-169000000", "interestAndDebtExpense": "None", "netIncomeFromContinuingOperations": "1075000000", "comprehensiveIncomeNetOfTax": "None", "ebit": "5453000000", "ebitda": "10939000000", "netIncome": "1377000000"}, {"fiscalDateEnding": "2019-12-31", "reportedCurrency": "USD", "grossProfit": "11560000000", "totalRevenue": "25079000000", "costOfRevenue": "13519000000", "costofGoodsAndServicesSold": "13519000000", "operatingIncome": "5709000000", "sellingGeneralAndAdministrative": "1307000000", "researchAndDevelopment": "None", "operatingExpenses": "5855000000", "investmentIncomeNet": "None", "netInterestIncome": "-2173000000", "interestIncome": "31000000", "interestExpense": "2204000000", "nonInterestIncome": "None", "otherNonOperatingIncome": "592000000", "depreciation": "None", "depreciationAndAmortization": "4548000000", "incomeBeforeTax": "4097000000", "incomeTaxExpense": "519000000", "interestAndDebtExpense": "None", "netIncomeFromContinuingOperations": "3578000000", "comprehensiveIncomeNetOfTax": "None", "ebit": "6301000000", "ebitda": "10849000000", "netIncome": "3748000000"}, {"fiscalDateEnding": "2018-12-31", "reportedCurrency": "USD", "grossProfit": "10530000000", "totalRevenue": "24521000000", "costOfRevenue": "13991000000", "costofGoodsAndServicesSold": "13991000000", "operatingIncome": "4685000000", "sellingGeneralAndAdministrative": "1280000000", "researchAndDevelopment": "0", "operatingExpenses": "5354000000", "investmentIncomeNet": "None", "netInterestIncome": "-2074000000", "interestIncome": "20000000", "interestExpense": "2094000000", "nonInterestIncome": "None", "otherNonOperatingIncome": "482000000", "depreciation": "None", "depreciationAndAmortization": "4074000000", "incomeBeforeTax": "3073000000", "incomeTaxExpense": "448000000", "interestAndDebtExpense": "None", "netIncomeFromContinuingOperations": "2625000000", "comprehensiveIncomeNetOfTax": "None", "ebit": "5167000000", "ebitda": "9241000000", "netIncome": "2666000000"}, {"fiscalDateEnding": "2017-12-31", "reportedCurrency": "USD", "grossProfit": "10795000000", "totalRevenue": "23565000000", "costOfRevenue": "12770000000", "costofGoodsAndServicesSold": "12770000000", "operatingIncome": "5781000000", "sellingGeneralAndAdministrative": "1233000000", "researchAndDevelopment": "0", "operatingExpenses": "4760000000", "investmentIncomeNet": "None", "netInterestIncome": "-1973000000", "interestIncome": "13000000", "interestExpense": "1986000000", "nonInterestIncome": "None", "otherNonOperatingIncome": "471000000", "depreciation": "None", "depreciationAndAmortization": "3527000000", "incomeBeforeTax": "4266000000", "incomeTaxExpense": "1196000000", "interestAndDebtExpense": "None", "netIncomeFromContinuingOperations": "3070000000", "comprehensiveIncomeNetOfTax": "None", "ebit": "6252000000", "ebitda": "9779000000", "netIncome": "3059000000"}, {"fiscalDateEnding": "2016-12-31", "reportedCurrency": "USD", "grossProfit": "9768000000", "totalRevenue": "22743000000", "costOfRevenue": "12975000000", "costofGoodsAndServicesSold": "12975000000", "operatingIncome": "5341000000", "sellingGeneralAndAdministrative": "1142000000", "researchAndDevelopment": "0", "operatingExpenses": "4436000000", "investmentIncomeNet": "None", "netInterestIncome": "-1895000000", "interestIncome": "21000000", "interestExpense": "1916000000", "nonInterestIncome": "None", "otherNonOperatingIncome": "309000000", "depreciation": "None", "depreciationAndAmortization": "3294000000", "incomeBeforeTax": "3734000000", "incomeTaxExpense": "1156000000", "interestAndDebtExpense": "None", "netIncomeFromContinuingOperations": "2578000000", "comprehensiveIncomeNetOfTax": "None", "ebit": "5650000000", "ebitda": "8944000000", "netIncome": "2152000000"}, {"fiscalDateEnding": "2015-12-31", "reportedCurrency": "USD", "grossProfit": "9731000000", "totalRevenue": "23459000000", "costOfRevenue": "13728000000", "costofGoodsAndServicesSold": "13728000000", "operatingIncome": "5367000000", "sellingGeneralAndAdministrative": "313000000", "researchAndDevelopment": "0", "operatingExpenses": "4279000000", "investmentIncomeNet": "None", "netInterestIncome": "None", "interestIncome": "1274000000", "interestExpense": "1613000000", "nonInterestIncome": "None", "otherNonOperatingIncome": "None", "depreciation": "None", "depreciationAndAmortization": "3144000000", "incomeBeforeTax": "4137000000", "incomeTaxExpense": "1326000000", "interestAndDebtExpense": "None", "netIncomeFromContinuingOperations": "2654000000", "comprehensiveIncomeNetOfTax": "None", "ebit": "5346000000", "ebitda": "8490000000", "netIncome": "2816000000"}, {"fiscalDateEnding": "2014-12-31", "reportedCurrency": "USD", "grossProfit": "9602000000", "totalRevenue": "23925000000", "costOfRevenue": "14323000000", "costofGoodsAndServicesSold": "14323000000", "operatingIncome": "5258000000", "sellingGeneralAndAdministrative": "1213000000", "researchAndDevelopment": "0", "operatingExpenses": "4279000000", "investmentIncomeNet": "None", "netInterestIncome": "None", "interestIncome": "None", "interestExpense": "1622000000", "nonInterestIncome": "None", "otherNonOperatingIncome": "498000000", "depreciation": "None", "depreciationAndAmortization": "3066000000", "incomeBeforeTax": "4134000000", "incomeTaxExpense": "1669000000", "interestAndDebtExpense": "None", "netIncomeFromContinuingOperations": "2465000000", "comprehensiveIncomeNetOfTax": "None", "ebit": "5354000000", "ebitda": "8420000000", "netIncome": "1883000000"}, {"fiscalDateEnding": "2013-12-31", "reportedCurrency": "USD", "grossProfit": "9504000000", "totalRevenue": "24598000000", "costOfRevenue": "15094000000", "costofGoodsAndServicesSold": "15094000000", "operatingIncome": "4982000000", "sellingGeneralAndAdministrative": "1299000000", "researchAndDevelopment": "0", "operatingExpenses": "4107000000", "investmentIncomeNet": "None", "netInterestIncome": "None", "interestIncome": "None", "interestExpense": "1546000000", "nonInterestIncome": "None", "otherNonOperatingIncome": "484000000", "depreciation": "None", "depreciationAndAmortization": "2808000000", "incomeBeforeTax": "3920000000", "incomeTaxExpense": "1261000000", "interestAndDebtExpense": "None", "netIncomeFromContinuingOperations": "2659000000", "comprehensiveIncomeNetOfTax": "None", "ebit": "5466000000", "ebitda": "8274000000", "netIncome": "2665000000"}, {"fiscalDateEnding": "2012-12-31", "reportedCurrency": "USD", "grossProfit": "7050000000", "totalRevenue": "19624000000", "costOfRevenue": "12574000000", "costofGoodsAndServicesSold": "12574000000", "operatingIncome": "3126000000", "sellingGeneralAndAdministrative": "0", "researchAndDevelopment": "0", "operatingExpenses": "3274000000", "investmentIncomeNet": "None", "netInterestIncome": "None", "interestIncome": "None", "interestExpense": "1242000000", "nonInterestIncome": "None", "otherNonOperatingIncome": "None", "depreciation": "None", "depreciationAndAmortization": "2289000000", "incomeBeforeTax": "2451000000", "incomeTaxExpense": "705000000", "interestAndDebtExpense": "None", "netIncomeFromContinuingOperations": "None", "comprehensiveIncomeNetOfTax": "None", "ebit": "3693000000", "ebitda": "5982000000", "netIncome": "1768000000"}, {"fiscalDateEnding": "2011-12-31", "reportedCurrency": "USD", "grossProfit": "9384000000", "totalRevenue": "14529000000", "costOfRevenue": "5145000000", "costofGoodsAndServicesSold": "5145000000", "operatingIncome": "2777000000", "sellingGeneralAndAdministrative": "0", "researchAndDevelopment": "0", "operatingExpenses": "6280000000", "investmentIncomeNet": "None", "netInterestIncome": "None", "interestIncome": "None", "interestExpense": "859000000", "nonInterestIncome": "None", "otherNonOperatingIncome": "None", "depreciation": "None", "depreciationAndAmortization": "1806000000", "incomeBeforeTax": "2465000000", "incomeTaxExpense": "752000000", "interestAndDebtExpense": "None", "netIncomeFromContinuingOperations": "None", "comprehensiveIncomeNetOfTax": "None", "ebit": "3324000000", "ebitda": "5130000000", "netIncome": "1706000000"}, {"fiscalDateEnding": "2010-12-31", "reportedCurrency": "USD", "grossProfit": "9347000000", "totalRevenue": "14272000000", "costOfRevenue": "4925000000", "costofGoodsAndServicesSold": "4925000000", "operatingIncome": "2461000000", "sellingGeneralAndAdministrative": "0", "researchAndDevelopment": "0", "operatingExpenses": "11811000000", "investmentIncomeNet": "None", "netInterestIncome": "None", "interestIncome": "None", "interestExpense": "840000000", "nonInterestIncome": "None", "otherNonOperatingIncome": "None", "depreciation": "None", "depreciationAndAmortization": "1994000000", "incomeBeforeTax": "2210000000", "incomeTaxExpense": "890000000", "interestAndDebtExpense": "None", "netIncomeFromContinuingOperations": "None", "comprehensiveIncomeNetOfTax": "None", "ebit": "2461000000", "ebitda": "4455000000", "netIncome": "1320000000"}, {"fiscalDateEnding": "2009-12-31", "reportedCurrency": "USD", "grossProfit": "8287000000", "totalRevenue": "12731000000", "costOfRevenue": "4444000000", "costofGoodsAndServicesSold": "4444000000", "operatingIncome": "2249000000", "sellingGeneralAndAdministrative": "0", "researchAndDevelopment": "0", "operatingExpenses": "10518000000", "investmentIncomeNet": "None", "netInterestIncome": "None", "interestIncome": "None", "interestExpense": "751000000", "nonInterestIncome": "None", "otherNonOperatingIncome": "None", "depreciation": "None", "depreciationAndAmortization": "1846000000", "incomeBeforeTax": "1831000000", "incomeTaxExpense": "758000000", "interestAndDebtExpense": "None", "netIncomeFromContinuingOperations": "None", "comprehensiveIncomeNetOfTax": "None", "ebit": "2249000000", "ebitda": "4095000000", "netIncome": "1075000000"}, {"fiscalDateEnding": "2008-12-31", "reportedCurrency": "USD", "grossProfit": "8187000000", "totalRevenue": "13207000000", "costOfRevenue": "5020000000", "costofGoodsAndServicesSold": "5020000000", "operatingIncome": "2433000000", "sellingGeneralAndAdministrative": "None", "researchAndDevelopment": "None", "operatingExpenses": "5754000000", "investmentIncomeNet": "None", "netInterestIncome": "None", "interestIncome": "None", "interestExpense": "741000000", "nonInterestIncome": "None", "otherNonOperatingIncome": "None", "depreciation": "None", "depreciationAndAmortization": "1834000000", "incomeBeforeTax": "1895000000", "incomeTaxExpense": "616000000", "interestAndDebtExpense": "None", "netIncomeFromContinuingOperations": "None", "comprehensiveIncomeNetOfTax": "None", "ebit": "2468000000", "ebitda": "4302000000", "netIncome": "1362000000"}, {"fiscalDateEnding": "2007-12-31", "reportedCurrency": "USD", "grossProfit": "8217000000", "totalRevenue": "12720000000", "costOfRevenue": "4503000000", "costofGoodsAndServicesSold": "4503000000", "operatingIncome": "2498000000", "sellingGeneralAndAdministrative": "218920000000", "researchAndDevelopment": "None", "operatingExpenses": "5719000000", "investmentIncomeNet": "None", "netInterestIncome": "None", "interestIncome": "None", "interestExpense": "81861000000", "nonInterestIncome": "None", "otherNonOperatingIncome": "None", "depreciation": "None", "depreciationAndAmortization": "1888000000", "incomeBeforeTax": "2234000000", "incomeTaxExpense": "712000000", "interestAndDebtExpense": "None", "netIncomeFromContinuingOperations": "None", "comprehensiveIncomeNetOfTax": "None", "ebit": "2498000000", "ebitda": "4386000000", "netIncome": "1500000000"}, {"fiscalDateEnding": "2006-12-31", "reportedCurrency": "USD", "grossProfit": "9952000000", "totalRevenue": "15184000000", "costOfRevenue": "5232000000", "costofGoodsAndServicesSold": "5232000000", "operatingIncome": "2691000000", "sellingGeneralAndAdministrative": "None", "researchAndDevelopment": "None", "operatingExpenses": "7261000000", "investmentIncomeNet": "None", "netInterestIncome": "None", "interestIncome": "None", "interestExpense": "1253000000", "nonInterestIncome": "None", "otherNonOperatingIncome": "None", "depreciation": "None", "depreciationAndAmortization": "2215000000", "incomeBeforeTax": "2862000000", "incomeTaxExpense": "843000000", "interestAndDebtExpense": "None", "netIncomeFromContinuingOperations": "None", "comprehensiveIncomeNetOfTax": "None", "ebit": "1397000000", "ebitda": "3612000000", "netIncome": "1863000000"}, {"fiscalDateEnding": "2005-12-31", "reportedCurrency": "USD", "grossProfit": "8883000000", "totalRevenue": "16746000000", "costOfRevenue": "7863000000", "costofGoodsAndServicesSold": "7863000000", "operatingIncome": "2891000000", "sellingGeneralAndAdministrative": "None", "researchAndDevelopment": "None", "operatingExpenses": "5992000000", "investmentIncomeNet": "None", "netInterestIncome": "None", "interestIncome": "None", "interestExpense": "0", "nonInterestIncome": "None", "otherNonOperatingIncome": "None", "depreciation": "None", "depreciationAndAmortization": "1884000000", "incomeBeforeTax": "3816000000", "incomeTaxExpense": "1283000000", "interestAndDebtExpense": "None", "netIncomeFromContinuingOperations": "None", "comprehensiveIncomeNetOfTax": "None", "ebit": "1320000000", "ebitda": "3204000000", "netIncome": "1824000000"}], "quarterlyReports": [{"fiscalDateEnding": "2024-12-31", "reportedCurrency": "USD", "grossProfit": "7175000000", "totalRevenue": "7360000000", "costOfRevenue": "185000000", "costofGoodsAndServicesSold": "185000000", "operatingIncome": "2112000000", "sellingGeneralAndAdministrative": "None", "researchAndDevelopment": "None", "operatingExpenses": "5249000000", "investmentIncomeNet": "None", "netInterestIncome": "-808000000", "interestIncome": "None", "interestExpense": "871000000", "nonInterestIncome": "None", "otherNonOperatingIncome": "None", "depreciation": "None", "depreciationAndAmortization": "1627000000", "incomeBeforeTax": "1338000000", "incomeTaxExpense": "109000000", "interestAndDebtExpense": "None", "netIncomeFromContinuingOperations": "1229000000", "comprehensiveIncomeNetOfTax": "None", "ebit": "2209000000", "ebitda": "3836000000", "netIncome": "1205000000"}, {"fiscalDateEnding": "2024-09-30", "reportedCurrency": "USD", "grossProfit": "5440000000", "totalRevenue": "8154000000", "costOfRevenue": "2714000000", "costofGoodsAndServicesSold": "2714000000", "operatingIncome": "2144000000", "sellingGeneralAndAdministrative": "None", "researchAndDevelopment": "None", "operatingExpenses": "6017000000", "investmentIncomeNet": "None", "netInterestIncome": "-872000000", "interestIncome": "None", "interestExpense": "872000000", "nonInterestIncome": "None", "otherNonOperatingIncome": "None", "depreciation": "None", "depreciationAndAmortization": "1692000000", "incomeBeforeTax": "1453000000", "incomeTaxExpense": "163000000", "interestAndDebtExpense": "None", "netIncomeFromContinuingOperations": "1290000000", "comprehensiveIncomeNetOfTax": "None", "ebit": "2325000000", "ebitda": "4017000000", "netIncome": "1281000000"}, {"fiscalDateEnding": "2024-06-30", "reportedCurrency": "USD", "grossProfit": "3546000000", "totalRevenue": "7172000000", "costOfRevenue": "3626000000", "costofGoodsAndServicesSold": "3626000000", "operatingIncome": "1707000000", "sellingGeneralAndAdministrative": "None", "researchAndDevelopment": "None", "operatingExpenses": "1839000000", "investmentIncomeNet": "None", "netInterestIncome": "-824000000", "interestIncome": "None", "interestExpense": "824000000", "nonInterestIncome": "None", "otherNonOperatingIncome": "None", "depreciation": "None", "depreciationAndAmortization": "1409000000", "incomeBeforeTax": "1071000000", "incomeTaxExpense": "140000000", "interestAndDebtExpense": "None", "netIncomeFromContinuingOperations": "931000000", "comprehensiveIncomeNetOfTax": "None", "ebit": "1895000000", "ebitda": "3304000000", "netIncome": "900000000"}, {"fiscalDateEnding": "2024-03-31", "reportedCurrency": "USD", "grossProfit": "3725000000", "totalRevenue": "7671000000", "costOfRevenue": "3946000000", "costofGoodsAndServicesSold": "3946000000", "operatingIncome": "1963000000", "sellingGeneralAndAdministrative": "None", "researchAndDevelopment": "None", "operatingExpenses": "1762000000", "investmentIncomeNet": "None", "netInterestIncome": "-817000000", "interestIncome": "None", "interestExpense": "817000000", "nonInterestIncome": "None", "otherNonOperatingIncome": "None", "depreciation": "None", "depreciationAndAmortization": "1534000000", "incomeBeforeTax": "1332000000", "incomeTaxExpense": "178000000", "interestAndDebtExpense": "None", "netIncomeFromContinuingOperations": "1154000000", "comprehensiveIncomeNetOfTax": "None", "ebit": "2149000000", "ebitda": "3683000000", "netIncome": "1138000000"}, {"fiscalDateEnding": "2023-12-31", "reportedCurrency": "USD", "grossProfit": "3442000000", "totalRevenue": "7212000000", "costOfRevenue": "3770000000", "costofGoodsAndServicesSold": "3770000000", "operatingIncome": "1855000000", "sellingGeneralAndAdministrative": "None", "researchAndDevelopment": "None", "operatingExpenses": "1604000000", "investmentIncomeNet": "None", "netInterestIncome": "-764000000", "interestIncome": "None", "interestExpense": "793000000", "nonInterestIncome": "None", "otherNonOperatingIncome": "None", "depreciation": "None", "depreciationAndAmortization": "1546000000", "incomeBeforeTax": "1257000000", "incomeTaxExpense": "122000000", "interestAndDebtExpense": "None", "netIncomeFromContinuingOperations": "1135000000", "comprehensiveIncomeNetOfTax": "None", "ebit": "1940000000", "ebitda": "3486000000", "netIncome": "1005000000"}, {"fiscalDateEnding": "2023-09-30", "reportedCurrency": "USD", "grossProfit": "3938000000", "totalRevenue": "7994000000", "costOfRevenue": "4056000000", "costofGoodsAndServicesSold": "4056000000", "operatingIncome": "2111000000", "sellingGeneralAndAdministrative": "None", "researchAndDevelopment": "None", "operatingExpenses": "1747000000", "investmentIncomeNet": "None", "netInterestIncome": "-774000000", "interestIncome": "729000000", "interestExpense": "774000000", "nonInterestIncome": "None", "otherNonOperatingIncome": "None", "depreciation": "None", "depreciationAndAmortization": "1622000000", "incomeBeforeTax": "1515000000", "incomeTaxExpense": "42000000", "interestAndDebtExpense": "None", "netIncomeFromContinuingOperations": "1473000000", "comprehensiveIncomeNetOfTax": "None", "ebit": "2191000000", "ebitda": "3813000000", "netIncome": "1252000000"}, {"fiscalDateEnding": "2023-06-30", "reportedCurrency": "USD", "grossProfit": "3085000000", "totalRevenue": "6578000000", "costOfRevenue": "3493000000", "costofGoodsAndServicesSold": "3493000000", "operatingIncome": "1430000000", "sellingGeneralAndAdministrative": "353000000", "researchAndDevelopment": "None", "operatingExpenses": "1686000000", "investmentIncomeNet": "None", "netInterestIncome": "-727000000", "interestIncome": "707000000", "interestExpense": "727000000", "nonInterestIncome": "None", "otherNonOperatingIncome": "167000000", "depreciation": "None", "depreciationAndAmortization": "1572000000", "incomeBeforeTax": "870000000", "incomeTaxExpense": "119000000", "interestAndDebtExpense": "None", "netIncomeFromContinuingOperations": "751000000", "comprehensiveIncomeNetOfTax": "None", "ebit": "1399000000", "ebitda": "2971000000", "netIncome": "-220000000"}, {"fiscalDateEnding": "2023-03-31", "reportedCurrency": "USD", "grossProfit": "3291000000", "totalRevenue": "7276000000", "costOfRevenue": "3985000000", "costofGoodsAndServicesSold": "3985000000", "operatingIncome": "1674000000", "sellingGeneralAndAdministrative": "389000000", "researchAndDevelopment": "None", "operatingExpenses": "1616000000", "investmentIncomeNet": "None", "netInterestIncome": "-720000000", "interestIncome": "700000000", "interestExpense": "720000000", "nonInterestIncome": "None", "otherNonOperatingIncome": "171000000", "depreciation": "None", "depreciationAndAmortization": "1344000000", "incomeBeforeTax": "1125000000", "incomeTaxExpense": "155000000", "interestAndDebtExpense": "None", "netIncomeFromContinuingOperations": "970000000", "comprehensiveIncomeNetOfTax": "None", "ebit": "1675000000", "ebitda": "3019000000", "netIncome": "804000000"}, {"fiscalDateEnding": "2022-12-31", "reportedCurrency": "USD", "grossProfit": "2939000000", "totalRevenue": "6983000000", "costOfRevenue": "4044000000", "costofGoodsAndServicesSold": "4044000000", "operatingIncome": "1296000000", "sellingGeneralAndAdministrative": "None", "researchAndDevelopment": "None", "operatingExpenses": "1417000000", "investmentIncomeNet": "None", "netInterestIncome": "-624000000", "interestIncome": "598000000", "interestExpense": "624000000", "nonInterestIncome": "None", "otherNonOperatingIncome": "None", "depreciation": "None", "depreciationAndAmortization": "1429000000", "incomeBeforeTax": "797000000", "incomeTaxExpense": "109000000", "interestAndDebtExpense": "None", "netIncomeFromContinuingOperations": "821000000", "comprehensiveIncomeNetOfTax": "None", "ebit": "1557000000", "ebitda": "2986000000", "netIncome": "-636000000"}, {"fiscalDateEnding": "2022-09-30", "reportedCurrency": "USD", "grossProfit": "5150000000", "totalRevenue": "7968000000", "costOfRevenue": "2818000000", "costofGoodsAndServicesSold": "2818000000", "operatingIncome": "2024000000", "sellingGeneralAndAdministrative": "378000000", "researchAndDevelopment": "None", "operatingExpenses": "5950000000", "investmentIncomeNet": "None", "netInterestIncome": "-621000000", "interestIncome": "595000000", "interestExpense": "621000000", "nonInterestIncome": "None", "otherNonOperatingIncome": "115000000", "depreciation": "None", "depreciationAndAmortization": "1364000000", "incomeBeforeTax": "1518000000", "incomeTaxExpense": "128000000", "interestAndDebtExpense": "None", "netIncomeFromContinuingOperations": "1390000000", "comprehensiveIncomeNetOfTax": "None", "ebit": "2132000000", "ebitda": "3496000000", "netIncome": "1413000000"}, {"fiscalDateEnding": "2022-06-30", "reportedCurrency": "USD", "grossProfit": "4524000000", "totalRevenue": "6685000000", "costOfRevenue": "2161000000", "costofGoodsAndServicesSold": "2161000000", "operatingIncome": "1413000000", "sellingGeneralAndAdministrative": "379000000", "researchAndDevelopment": "None", "operatingExpenses": "5280000000", "investmentIncomeNet": "None", "netInterestIncome": "-607000000", "interestIncome": "571000000", "interestExpense": "607000000", "nonInterestIncome": "None", "otherNonOperatingIncome": "151000000", "depreciation": "None", "depreciationAndAmortization": "2842000000", "incomeBeforeTax": "957000000", "incomeTaxExpense": "77000000", "interestAndDebtExpense": "None", "netIncomeFromContinuingOperations": "880000000", "comprehensiveIncomeNetOfTax": "None", "ebit": "1577000000", "ebitda": "4419000000", "netIncome": "880000000"}, {"fiscalDateEnding": "2022-03-31", "reportedCurrency": "USD", "grossProfit": "4834000000", "totalRevenue": "7132000000", "costOfRevenue": "2298000000", "costofGoodsAndServicesSold": "2298000000", "operatingIncome": "1279000000", "sellingGeneralAndAdministrative": "None", "researchAndDevelopment": "None", "operatingExpenses": "5855000000", "investmentIncomeNet": "None", "netInterestIncome": "-587000000", "interestIncome": "562000000", "interestExpense": "587000000", "nonInterestIncome": "None", "otherNonOperatingIncome": "None", "depreciation": "None", "depreciationAndAmortization": "81000000", "incomeBeforeTax": "806000000", "incomeTaxExpense": "-14000000", "interestAndDebtExpense": "None", "netIncomeFromContinuingOperations": "820000000", "comprehensiveIncomeNetOfTax": "None", "ebit": "1391000000", "ebitda": "1472000000", "netIncome": "820000000"}, {"fiscalDateEnding": "2021-12-31", "reportedCurrency": "USD", "grossProfit": "2687000000", "totalRevenue": "6238000000", "costOfRevenue": "3551000000", "costofGoodsAndServicesSold": "3551000000", "operatingIncome": "1067000000", "sellingGeneralAndAdministrative": "None", "researchAndDevelopment": "None", "operatingExpenses": "1608000000", "investmentIncomeNet": "None", "netInterestIncome": "-592000000", "interestIncome": "578000000", "interestExpense": "592000000", "nonInterestIncome": "None", "otherNonOperatingIncome": "None", "depreciation": "None", "depreciationAndAmortization": "1292000000", "incomeBeforeTax": "639000000", "incomeTaxExpense": "-18000000", "interestAndDebtExpense": "None", "netIncomeFromContinuingOperations": "657000000", "comprehensiveIncomeNetOfTax": "None", "ebit": "1320000000", "ebitda": "2612000000", "netIncome": "664000000"}, {"fiscalDateEnding": "2021-09-30", "reportedCurrency": "USD", "grossProfit": "3525000000", "totalRevenue": "6951000000", "costOfRevenue": "3426000000", "costofGoodsAndServicesSold": "3426000000", "operatingIncome": "1687000000", "sellingGeneralAndAdministrative": "None", "researchAndDevelopment": "None", "operatingExpenses": "1636000000", "investmentIncomeNet": "None", "netInterestIncome": "-581000000", "interestIncome": "559000000", "interestExpense": "581000000", "nonInterestIncome": "None", "otherNonOperatingIncome": "None", "depreciation": "None", "depreciationAndAmortization": "1436000000", "incomeBeforeTax": "1366000000", "incomeTaxExpense": "90000000", "interestAndDebtExpense": "None", "netIncomeFromContinuingOperations": "1276000000", "comprehensiveIncomeNetOfTax": "None", "ebit": "2076000000", "ebitda": "3512000000", "netIncome": "1276000000"}, {"fiscalDateEnding": "2021-06-30", "reportedCurrency": "USD", "grossProfit": "2854000000", "totalRevenue": "5758000000", "costOfRevenue": "2904000000", "costofGoodsAndServicesSold": "2904000000", "operatingIncome": "1169000000", "sellingGeneralAndAdministrative": "None", "researchAndDevelopment": "None", "operatingExpenses": "1556000000", "investmentIncomeNet": "None", "netInterestIncome": "-572000000", "interestIncome": "563000000", "interestExpense": "572000000", "nonInterestIncome": "None", "otherNonOperatingIncome": "None", "depreciation": "None", "depreciationAndAmortization": "1368000000", "incomeBeforeTax": "734000000", "incomeTaxExpense": "36000000", "interestAndDebtExpense": "None", "netIncomeFromContinuingOperations": "698000000", "comprehensiveIncomeNetOfTax": "None", "ebit": "1373000000", "ebitda": "2741000000", "netIncome": "698000000"}, {"fiscalDateEnding": "2021-03-31", "reportedCurrency": "USD", "grossProfit": "3029000000", "totalRevenue": "6150000000", "costOfRevenue": "3121000000", "costofGoodsAndServicesSold": "3121000000", "operatingIncome": "1450000000", "sellingGeneralAndAdministrative": "None", "researchAndDevelopment": "None", "operatingExpenses": "1579000000", "investmentIncomeNet": "None", "netInterestIncome": "-535000000", "interestIncome": "552000000", "interestExpense": "535000000", "nonInterestIncome": "None", "otherNonOperatingIncome": "None", "depreciation": "None", "depreciationAndAmortization": "1226000000", "incomeBeforeTax": "1025000000", "incomeTaxExpense": "84000000", "interestAndDebtExpense": "None", "netIncomeFromContinuingOperations": "941000000", "comprehensiveIncomeNetOfTax": "None", "ebit": "1560000000", "ebitda": "2786000000", "netIncome": "992000000"}, {"fiscalDateEnding": "2020-12-31", "reportedCurrency": "USD", "grossProfit": "2564000000", "totalRevenue": "5777000000", "costOfRevenue": "3213000000", "costofGoodsAndServicesSold": "3213000000", "operatingIncome": "74000000", "sellingGeneralAndAdministrative": "None", "researchAndDevelopment": "None", "operatingExpenses": "1542000000", "investmentIncomeNet": "None", "netInterestIncome": "-535000000", "interestIncome": "536000000", "interestExpense": "535000000", "nonInterestIncome": "None", "otherNonOperatingIncome": "None", "depreciation": "None", "depreciationAndAmortization": "1208000000", "incomeBeforeTax": "-319000000", "incomeTaxExpense": "-162000000", "interestAndDebtExpense": "None", "netIncomeFromContinuingOperations": "-157000000", "comprehensiveIncomeNetOfTax": "None", "ebit": "216000000", "ebitda": "1424000000", "netIncome": "-63000000"}, {"fiscalDateEnding": "2020-09-30", "reportedCurrency": "USD", "grossProfit": "3381000000", "totalRevenue": "6721000000", "costOfRevenue": "3340000000", "costofGoodsAndServicesSold": "3340000000", "operatingIncome": "1814000000", "sellingGeneralAndAdministrative": "None", "researchAndDevelopment": "None", "operatingExpenses": "1541000000", "investmentIncomeNet": "None", "netInterestIncome": "-522000000", "interestIncome": "602000000", "interestExpense": "522000000", "nonInterestIncome": "None", "otherNonOperatingIncome": "None", "depreciation": "None", "depreciationAndAmortization": "1430000000", "incomeBeforeTax": "1339000000", "incomeTaxExpense": "105000000", "interestAndDebtExpense": "None", "netIncomeFromContinuingOperations": "1234000000", "comprehensiveIncomeNetOfTax": "None", "ebit": "1840000000", "ebitda": "3270000000", "netIncome": "1304000000"}, {"fiscalDateEnding": "2020-06-30", "reportedCurrency": "USD", "grossProfit": "2660000000", "totalRevenue": "5421000000", "costOfRevenue": "2761000000", "costofGoodsAndServicesSold": "2761000000", "operatingIncome": "1177000000", "sellingGeneralAndAdministrative": "None", "researchAndDevelopment": "None", "operatingExpenses": "1484000000", "investmentIncomeNet": "None", "netInterestIncome": "-554000000", "interestIncome": "2522000000", "interestExpense": "554000000", "nonInterestIncome": "None", "otherNonOperatingIncome": "None", "depreciation": "None", "depreciationAndAmortization": "1350000000", "incomeBeforeTax": "-1208000000", "incomeTaxExpense": "-316000000", "interestAndDebtExpense": "None", "netIncomeFromContinuingOperations": "-892000000", "comprehensiveIncomeNetOfTax": "None", "ebit": "-764000000", "ebitda": "586000000", "netIncome": "-802000000"}, {"fiscalDateEnding": "2020-03-31", "reportedCurrency": "USD", "grossProfit": "2964000000", "totalRevenue": "5949000000", "costOfRevenue": "2985000000", "costofGoodsAndServicesSold": "2985000000", "operatingIncome": "1488000000", "sellingGeneralAndAdministrative": "None", "researchAndDevelopment": "None", "operatingExpenses": "1475000000", "investmentIncomeNet": "None", "netInterestIncome": "-551000000", "interestIncome": "507000000", "interestExpense": "551000000", "nonInterestIncome": "None", "otherNonOperatingIncome": "None", "depreciation": "None", "depreciationAndAmortization": "1301000000", "incomeBeforeTax": "1027000000", "incomeTaxExpense": "137000000", "interestAndDebtExpense": "None", "netIncomeFromContinuingOperations": "890000000", "comprehensiveIncomeNetOfTax": "None", "ebit": "1391000000", "ebitda": "2692000000", "netIncome": "938000000"}, {"fiscalDateEnding": "2019-12-31", "reportedCurrency": "USD", "grossProfit": "2600000000", "totalRevenue": "6103000000", "costOfRevenue": "3503000000", "costofGoodsAndServicesSold": "3503000000", "operatingIncome": "1109000000", "sellingGeneralAndAdministrative": "None", "researchAndDevelopment": "None", "operatingExpenses": "1479000000", "investmentIncomeNet": "None", "netInterestIncome": "-516000000", "interestIncome": "522000000", "interestExpense": "547000000", "nonInterestIncome": "None", "otherNonOperatingIncome": "None", "depreciation": "None", "depreciationAndAmortization": "1184000000", "incomeBeforeTax": "709000000", "incomeTaxExpense": "95000000", "interestAndDebtExpense": "None", "netIncomeFromContinuingOperations": "614000000", "comprehensiveIncomeNetOfTax": "None", "ebit": "1256000000", "ebitda": "2440000000", "netIncome": "674000000"}, {"fiscalDateEnding": "2019-09-30", "reportedCurrency": "USD", "grossProfit": "3430000000", "totalRevenue": "6940000000", "costOfRevenue": "3510000000", "costofGoodsAndServicesSold": "3510000000", "operatingIncome": "1929000000", "sellingGeneralAndAdministrative": "None", "researchAndDevelopment": "None", "operatingExpenses": "1521000000", "investmentIncomeNet": "None", "netInterestIncome": "-572000000", "interestIncome": "522000000", "interestExpense": "572000000", "nonInterestIncome": "None", "otherNonOperatingIncome": "None", "depreciation": "None", "depreciationAndAmortization": "1186000000", "incomeBeforeTax": "1511000000", "incomeTaxExpense": "188000000", "interestAndDebtExpense": "None", "netIncomeFromContinuingOperations": "1323000000", "comprehensiveIncomeNetOfTax": "None", "ebit": "2083000000", "ebitda": "3269000000", "netIncome": "1342000000"}, {"fiscalDateEnding": "2019-06-30", "reportedCurrency": "USD", "grossProfit": "2722000000", "totalRevenue": "5873000000", "costOfRevenue": "3151000000", "costofGoodsAndServicesSold": "3151000000", "operatingIncome": "1298000000", "sellingGeneralAndAdministrative": "None", "researchAndDevelopment": "None", "operatingExpenses": "1423000000", "investmentIncomeNet": "None", "netInterestIncome": "-542000000", "interestIncome": "498000000", "interestExpense": "542000000", "nonInterestIncome": "None", "otherNonOperatingIncome": "None", "depreciation": "None", "depreciationAndAmortization": "1245000000", "incomeBeforeTax": "889000000", "incomeTaxExpense": "141000000", "interestAndDebtExpense": "None", "netIncomeFromContinuingOperations": "748000000", "comprehensiveIncomeNetOfTax": "None", "ebit": "1299000000", "ebitda": "2544000000", "netIncome": "832000000"}, {"fiscalDateEnding": "2019-03-31", "reportedCurrency": "USD", "grossProfit": "2808000000", "totalRevenue": "6163000000", "costOfRevenue": "3355000000", "costofGoodsAndServicesSold": "3355000000", "operatingIncome": "1373000000", "sellingGeneralAndAdministrative": "None", "researchAndDevelopment": "None", "operatingExpenses": "1432000000", "investmentIncomeNet": "None", "netInterestIncome": "-543000000", "interestIncome": "500000000", "interestExpense": "543000000", "nonInterestIncome": "None", "otherNonOperatingIncome": "None", "depreciation": "None", "depreciationAndAmortization": "1238000000", "incomeBeforeTax": "988000000", "incomeTaxExpense": "95000000", "interestAndDebtExpense": "None", "netIncomeFromContinuingOperations": "893000000", "comprehensiveIncomeNetOfTax": "None", "ebit": "1376000000", "ebitda": "2614000000", "netIncome": "900000000"}, {"fiscalDateEnding": "2018-12-31", "reportedCurrency": "USD", "grossProfit": "2357000000", "totalRevenue": "6115000000", "costOfRevenue": "3758000000", "costofGoodsAndServicesSold": "3758000000", "operatingIncome": "871000000", "sellingGeneralAndAdministrative": "0", "researchAndDevelopment": "0", "operatingExpenses": "1421000000", "investmentIncomeNet": "None", "netInterestIncome": "None", "interestIncome": "None", "interestExpense": "544000000", "nonInterestIncome": "None", "otherNonOperatingIncome": "None", "depreciation": "None", "depreciationAndAmortization": "1249000000", "incomeBeforeTax": "433000000", "incomeTaxExpense": "-1000000", "interestAndDebtExpense": "None", "netIncomeFromContinuingOperations": "434000000", "comprehensiveIncomeNetOfTax": "None", "ebit": "1103000000", "ebitda": "2352000000", "netIncome": "464000000"}, {"fiscalDateEnding": "2018-09-30", "reportedCurrency": "USD", "grossProfit": "3055000000", "totalRevenue": "6628000000", "costOfRevenue": "3573000000", "costofGoodsAndServicesSold": "3573000000", "operatingIncome": "1579000000", "sellingGeneralAndAdministrative": "0", "researchAndDevelopment": "0", "operatingExpenses": "1362000000", "investmentIncomeNet": "None", "netInterestIncome": "None", "interestIncome": "None", "interestExpense": "517000000", "nonInterestIncome": "None", "otherNonOperatingIncome": "None", "depreciation": "None", "depreciationAndAmortization": "1197000000", "incomeBeforeTax": "1230000000", "incomeTaxExpense": "168000000", "interestAndDebtExpense": "None", "netIncomeFromContinuingOperations": "1062000000", "comprehensiveIncomeNetOfTax": "None", "ebit": "1693000000", "ebitda": "2890000000", "netIncome": "1082000000"}, {"fiscalDateEnding": "2018-06-30", "reportedCurrency": "USD", "grossProfit": "2436000000", "totalRevenue": "5643000000", "costOfRevenue": "3207000000", "costofGoodsAndServicesSold": "3207000000", "operatingIncome": "979000000", "sellingGeneralAndAdministrative": "0", "researchAndDevelopment": "0", "operatingExpenses": "1288000000", "investmentIncomeNet": "None", "netInterestIncome": "None", "interestIncome": "None", "interestExpense": "518000000", "nonInterestIncome": "None", "otherNonOperatingIncome": "None", "depreciation": "None", "depreciationAndAmortization": "1161000000", "incomeBeforeTax": "607000000", "incomeTaxExpense": "100000000", "interestAndDebtExpense": "None", "netIncomeFromContinuingOperations": "507000000", "comprehensiveIncomeNetOfTax": "None", "ebit": "1167000000", "ebitda": "2328000000", "netIncome": "500000000"}, {"fiscalDateEnding": "2018-03-31", "reportedCurrency": "USD", "grossProfit": "2682000000", "totalRevenue": "6135000000", "costOfRevenue": "3453000000", "costofGoodsAndServicesSold": "3453000000", "operatingIncome": "1256000000", "sellingGeneralAndAdministrative": "0", "researchAndDevelopment": "0", "operatingExpenses": "1283000000", "investmentIncomeNet": "None", "netInterestIncome": "None", "interestIncome": "None", "interestExpense": "515000000", "nonInterestIncome": "None", "otherNonOperatingIncome": "None", "depreciation": "None", "depreciationAndAmortization": "1089000000", "incomeBeforeTax": "803000000", "incomeTaxExpense": "181000000", "interestAndDebtExpense": "None", "netIncomeFromContinuingOperations": "622000000", "comprehensiveIncomeNetOfTax": "None", "ebit": "1399000000", "ebitda": "2488000000", "netIncome": "620000000"}, {"fiscalDateEnding": "2017-12-31", "reportedCurrency": "USD", "grossProfit": "2566000000", "totalRevenue": "5799000000", "costOfRevenue": "3233000000", "costofGoodsAndServicesSold": "3233000000", "operatingIncome": "1262000000", "sellingGeneralAndAdministrative": "241000000", "researchAndDevelopment": "0", "operatingExpenses": "1242000000", "investmentIncomeNet": "None", "netInterestIncome": "None", "interestIncome": "None", "interestExpense": "511000000", "nonInterestIncome": "None", "otherNonOperatingIncome": "None", "depreciation": "None", "depreciationAndAmortization": "1056000000", "incomeBeforeTax": "866000000", "incomeTaxExpense": "161000000", "interestAndDebtExpense": "None", "netIncomeFromContinuingOperations": "-2293000000", "comprehensiveIncomeNetOfTax": "None", "ebit": "1334000000", "ebitda": "2390000000", "netIncome": "703000000"}, {"fiscalDateEnding": "2017-09-30", "reportedCurrency": "USD", "grossProfit": "3109000000", "totalRevenue": "6482000000", "costOfRevenue": "3373000000", "costofGoodsAndServicesSold": "3373000000", "operatingIncome": "1695000000", "sellingGeneralAndAdministrative": "0", "researchAndDevelopment": "0", "operatingExpenses": "1213000000", "investmentIncomeNet": "None", "netInterestIncome": "None", "interestIncome": "None", "interestExpense": "498000000", "nonInterestIncome": "None", "otherNonOperatingIncome": "None", "depreciation": "None", "depreciationAndAmortization": "1037000000", "incomeBeforeTax": "1321000000", "incomeTaxExpense": "364000000", "interestAndDebtExpense": "None", "netIncomeFromContinuingOperations": "8257000000", "comprehensiveIncomeNetOfTax": "None", "ebit": "1862000000", "ebitda": "2899000000", "netIncome": "954000000"}, {"fiscalDateEnding": "2017-06-30", "reportedCurrency": "USD", "grossProfit": "2531000000", "totalRevenue": "5555000000", "costOfRevenue": "3024000000", "costofGoodsAndServicesSold": "3024000000", "operatingIncome": "1387000000", "sellingGeneralAndAdministrative": "0", "researchAndDevelopment": "0", "operatingExpenses": "1142000000", "investmentIncomeNet": "None", "netInterestIncome": "None", "interestIncome": "None", "interestExpense": "486000000", "nonInterestIncome": "None", "otherNonOperatingIncome": "None", "depreciation": "None", "depreciationAndAmortization": "962000000", "incomeBeforeTax": "1018000000", "incomeTaxExpense": "327000000", "interestAndDebtExpense": "None", "netIncomeFromContinuingOperations": "-3611000000", "comprehensiveIncomeNetOfTax": "None", "ebit": "1355000000", "ebitda": "2317000000", "netIncome": "686000000"}, {"fiscalDateEnding": "2017-03-31", "reportedCurrency": "USD", "grossProfit": "2589000000", "totalRevenue": "5729000000", "costOfRevenue": "3140000000", "costofGoodsAndServicesSold": "3140000000", "operatingIncome": "1437000000", "sellingGeneralAndAdministrative": "0", "researchAndDevelopment": "0", "operatingExpenses": "1163000000", "investmentIncomeNet": "None", "netInterestIncome": "None", "interestIncome": "None", "interestExpense": "491000000", "nonInterestIncome": "None", "otherNonOperatingIncome": "None", "depreciation": "None", "depreciationAndAmortization": "991000000", "incomeBeforeTax": "1061000000", "incomeTaxExpense": "344000000", "interestAndDebtExpense": "None", "netIncomeFromContinuingOperations": "717000000", "comprehensiveIncomeNetOfTax": "None", "ebit": "1391000000", "ebitda": "2382000000", "netIncome": "716000000"}, {"fiscalDateEnding": "2016-12-31", "reportedCurrency": "USD", "grossProfit": "1723000000", "totalRevenue": "4816000000", "costOfRevenue": "3093000000", "costofGoodsAndServicesSold": "3093000000", "operatingIncome": "841000000", "sellingGeneralAndAdministrative": "242000000", "researchAndDevelopment": "0", "operatingExpenses": "1079000000", "investmentIncomeNet": "None", "netInterestIncome": "None", "interestIncome": "None", "interestExpense": "423000000", "nonInterestIncome": "None", "otherNonOperatingIncome": "None", "depreciation": "None", "depreciationAndAmortization": "1033000000", "incomeBeforeTax": "494000000", "incomeTaxExpense": "184000000", "interestAndDebtExpense": "None", "netIncomeFromContinuingOperations": "-2289000000", "comprehensiveIncomeNetOfTax": "None", "ebit": "1683000000", "ebitda": "2716000000", "netIncome": "-227000000"}, {"fiscalDateEnding": "2016-09-30", "reportedCurrency": "USD", "grossProfit": "3166000000", "totalRevenue": "6821000000", "costOfRevenue": "3655000000", "costofGoodsAndServicesSold": "3655000000", "operatingIncome": "2022000000", "sellingGeneralAndAdministrative": "0", "researchAndDevelopment": "0", "operatingExpenses": "1140000000", "investmentIncomeNet": "None", "netInterestIncome": "None", "interestIncome": "None", "interestExpense": "482000000", "nonInterestIncome": "None", "otherNonOperatingIncome": "None", "depreciation": "None", "depreciationAndAmortization": "979000000", "incomeBeforeTax": "1579000000", "incomeTaxExpense": "520000000", "interestAndDebtExpense": "None", "netIncomeFromContinuingOperations": "7715000000", "comprehensiveIncomeNetOfTax": "None", "ebit": "1958000000", "ebitda": "2937000000", "netIncome": "1176000000"}, {"fiscalDateEnding": "2016-06-30", "reportedCurrency": "USD", "grossProfit": "2441000000", "totalRevenue": "5484000000", "costOfRevenue": "3043000000", "costofGoodsAndServicesSold": "3043000000", "operatingIncome": "1145000000", "sellingGeneralAndAdministrative": "0", "researchAndDevelopment": "0", "operatingExpenses": "1106000000", "investmentIncomeNet": "None", "netInterestIncome": "None", "interestIncome": "None", "interestExpense": "500000000", "nonInterestIncome": "None", "otherNonOperatingIncome": "None", "depreciation": "None", "depreciationAndAmortization": "937000000", "incomeBeforeTax": "752000000", "incomeTaxExpense": "239000000", "interestAndDebtExpense": "None", "netIncomeFromContinuingOperations": "-3544000000", "comprehensiveIncomeNetOfTax": "None", "ebit": "1249000000", "ebitda": "2186000000", "netIncome": "509000000"}, {"fiscalDateEnding": "2016-03-31", "reportedCurrency": "USD", "grossProfit": "2438000000", "totalRevenue": "5622000000", "costOfRevenue": "3184000000", "costofGoodsAndServicesSold": "3184000000", "operatingIncome": "1333000000", "sellingGeneralAndAdministrative": "0", "researchAndDevelopment": "0", "operatingExpenses": "1111000000", "investmentIncomeNet": "None", "netInterestIncome": "None", "interestIncome": "None", "interestExpense": "511000000", "nonInterestIncome": "None", "otherNonOperatingIncome": "None", "depreciation": "None", "depreciationAndAmortization": "814000000", "incomeBeforeTax": "909000000", "incomeTaxExpense": "213000000", "interestAndDebtExpense": "None", "netIncomeFromContinuingOperations": "696000000", "comprehensiveIncomeNetOfTax": "None", "ebit": "1350000000", "ebitda": "2164000000", "netIncome": "694000000"}, {"fiscalDateEnding": "2015-12-31", "reportedCurrency": "USD", "grossProfit": "2084000000", "totalRevenue": "5322000000", "costOfRevenue": "3238000000", "costofGoodsAndServicesSold": "3238000000", "operatingIncome": "977000000", "sellingGeneralAndAdministrative": "313000000", "researchAndDevelopment": "0", "operatingExpenses": "1102000000", "investmentIncomeNet": "None", "netInterestIncome": "None", "interestIncome": "None", "interestExpense": "405000000", "nonInterestIncome": "None", "otherNonOperatingIncome": "None", "depreciation": "None", "depreciationAndAmortization": "933000000", "incomeBeforeTax": "699000000", "incomeTaxExpense": "208000000", "interestAndDebtExpense": "None", "netIncomeFromContinuingOperations": "2654000000", "comprehensiveIncomeNetOfTax": "None", "ebit": "839000000", "ebitda": "1772000000", "netIncome": "477000000"}, {"fiscalDateEnding": "2015-09-30", "reportedCurrency": "USD", "grossProfit": "2862000000", "totalRevenue": "6483000000", "costOfRevenue": "3621000000", "costofGoodsAndServicesSold": "3621000000", "operatingIncome": "1688000000", "sellingGeneralAndAdministrative": "0", "researchAndDevelopment": "0", "operatingExpenses": "1067000000", "investmentIncomeNet": "None", "netInterestIncome": "None", "interestIncome": "None", "interestExpense": "402000000", "nonInterestIncome": "None", "otherNonOperatingIncome": "None", "depreciation": "None", "depreciationAndAmortization": "774000000", "incomeBeforeTax": "1360000000", "incomeTaxExpense": "420000000", "interestAndDebtExpense": "None", "netIncomeFromContinuingOperations": "0", "comprehensiveIncomeNetOfTax": "None", "ebit": "1762000000", "ebitda": "2536000000", "netIncome": "932000000"}, {"fiscalDateEnding": "2015-06-30", "reportedCurrency": "USD", "grossProfit": "2302000000", "totalRevenue": "5589000000", "costOfRevenue": "3287000000", "costofGoodsAndServicesSold": "3287000000", "operatingIncome": "1246000000", "sellingGeneralAndAdministrative": "0", "researchAndDevelopment": "0", "operatingExpenses": "1069000000", "investmentIncomeNet": "None", "netInterestIncome": "None", "interestIncome": "None", "interestExpense": "403000000", "nonInterestIncome": "None", "otherNonOperatingIncome": "None", "depreciation": "None", "depreciationAndAmortization": "790000000", "incomeBeforeTax": "938000000", "incomeTaxExpense": "334000000", "interestAndDebtExpense": "None", "netIncomeFromContinuingOperations": "0", "comprehensiveIncomeNetOfTax": "None", "ebit": "1341000000", "ebitda": "2131000000", "netIncome": "543000000"}, {"fiscalDateEnding": "2015-03-31", "reportedCurrency": "USD", "grossProfit": "2483000000", "totalRevenue": "6065000000", "costOfRevenue": "3582000000", "costofGoodsAndServicesSold": "3582000000", "operatingIncome": "1456000000", "sellingGeneralAndAdministrative": "0", "researchAndDevelopment": "0", "operatingExpenses": "1041000000", "investmentIncomeNet": "None", "netInterestIncome": "None", "interestIncome": "None", "interestExpense": "403000000", "nonInterestIncome": "None", "otherNonOperatingIncome": "None", "depreciation": "None", "depreciationAndAmortization": "777000000", "incomeBeforeTax": "1140000000", "incomeTaxExpense": "364000000", "interestAndDebtExpense": "None", "netIncomeFromContinuingOperations": "0", "comprehensiveIncomeNetOfTax": "None", "ebit": "1543000000", "ebitda": "2320000000", "netIncome": "864000000"}, {"fiscalDateEnding": "2014-12-31", "reportedCurrency": "USD", "grossProfit": "2021000000", "totalRevenue": "5559000000", "costOfRevenue": "3538000000", "costofGoodsAndServicesSold": "3538000000", "operatingIncome": "988000000", "sellingGeneralAndAdministrative": "350000000", "researchAndDevelopment": "0", "operatingExpenses": "1038000000", "investmentIncomeNet": "None", "netInterestIncome": "None", "interestIncome": "None", "interestExpense": "410000000", "nonInterestIncome": "None", "otherNonOperatingIncome": "None", "depreciation": "None", "depreciationAndAmortization": "866000000", "incomeBeforeTax": "686000000", "incomeTaxExpense": "588000000", "interestAndDebtExpense": "None", "netIncomeFromContinuingOperations": "2538000000", "comprehensiveIncomeNetOfTax": "None", "ebit": "1101000000", "ebitda": "1967000000", "netIncome": "97000000"}, {"fiscalDateEnding": "2014-09-30", "reportedCurrency": "USD", "grossProfit": "2679000000", "totalRevenue": "6395000000", "costOfRevenue": "3716000000", "costofGoodsAndServicesSold": "3716000000", "operatingIncome": "1619000000", "sellingGeneralAndAdministrative": "0", "researchAndDevelopment": "0", "operatingExpenses": "1063000000", "investmentIncomeNet": "None", "netInterestIncome": "None", "interestIncome": "None", "interestExpense": "405000000", "nonInterestIncome": "None", "otherNonOperatingIncome": "None", "depreciation": "None", "depreciationAndAmortization": "788000000", "incomeBeforeTax": "1351000000", "incomeTaxExpense": "460000000", "interestAndDebtExpense": "None", "netIncomeFromContinuingOperations": "0", "comprehensiveIncomeNetOfTax": "None", "ebit": "1756000000", "ebitda": "2544000000", "netIncome": "1274000000"}, {"fiscalDateEnding": "2014-06-30", "reportedCurrency": "USD", "grossProfit": "2195000000", "totalRevenue": "5949000000", "costOfRevenue": "3754000000", "costofGoodsAndServicesSold": "3754000000", "operatingIncome": "1116000000", "sellingGeneralAndAdministrative": "0", "researchAndDevelopment": "0", "operatingExpenses": "1079000000", "investmentIncomeNet": "None", "netInterestIncome": "None", "interestIncome": "None", "interestExpense": "413000000", "nonInterestIncome": "None", "otherNonOperatingIncome": "None", "depreciation": "None", "depreciationAndAmortization": "864000000", "incomeBeforeTax": "825000000", "incomeTaxExpense": "209000000", "interestAndDebtExpense": "None", "netIncomeFromContinuingOperations": "0", "comprehensiveIncomeNetOfTax": "None", "ebit": "1250000000", "ebitda": "2114000000", "netIncome": "609000000"}, {"fiscalDateEnding": "2014-03-31", "reportedCurrency": "USD", "grossProfit": "2587000000", "totalRevenue": "6624000000", "costOfRevenue": "4037000000", "costofGoodsAndServicesSold": "4037000000", "operatingIncome": "58000000", "sellingGeneralAndAdministrative": "358000000", "researchAndDevelopment": "0", "operatingExpenses": "1148000000", "investmentIncomeNet": "None", "netInterestIncome": "None", "interestIncome": "None", "interestExpense": "406000000", "nonInterestIncome": "None", "otherNonOperatingIncome": "131000000", "depreciation": "None", "depreciationAndAmortization": "790000000", "incomeBeforeTax": "-217000000", "incomeTaxExpense": "-127000000", "interestAndDebtExpense": "None", "netIncomeFromContinuingOperations": "-90000000", "comprehensiveIncomeNetOfTax": "None", "ebit": "189000000", "ebitda": "979000000", "netIncome": "-97000000"}, {"fiscalDateEnding": "2013-12-31", "reportedCurrency": "USD", "grossProfit": "2304000000", "totalRevenue": "6112000000", "costOfRevenue": "3808000000", "costofGoodsAndServicesSold": "3808000000", "operatingIncome": "1203000000", "sellingGeneralAndAdministrative": "0", "researchAndDevelopment": "0", "operatingExpenses": "1071000000", "investmentIncomeNet": "None", "netInterestIncome": "None", "interestIncome": "None", "interestExpense": "419000000", "nonInterestIncome": "None", "otherNonOperatingIncome": "None", "depreciation": "None", "depreciationAndAmortization": "864000000", "incomeBeforeTax": "995000000", "incomeTaxExpense": "309000000", "interestAndDebtExpense": "None", "netIncomeFromContinuingOperations": "0", "comprehensiveIncomeNetOfTax": "None", "ebit": "1163000000", "ebitda": "2027000000", "netIncome": "688000000"}, {"fiscalDateEnding": "2013-09-30", "reportedCurrency": "USD", "grossProfit": "2777000000", "totalRevenue": "6709000000", "costOfRevenue": "3932000000", "costofGoodsAndServicesSold": "3932000000", "operatingIncome": "1743000000", "sellingGeneralAndAdministrative": "325000000", "researchAndDevelopment": "0", "operatingExpenses": "1032000000", "investmentIncomeNet": "None", "netInterestIncome": "None", "interestIncome": "None", "interestExpense": "379000000", "nonInterestIncome": "None", "otherNonOperatingIncome": "87000000", "depreciation": "None", "depreciationAndAmortization": "707000000", "incomeBeforeTax": "1451000000", "incomeTaxExpense": "457000000", "interestAndDebtExpense": "None", "netIncomeFromContinuingOperations": "994000000", "comprehensiveIncomeNetOfTax": "None", "ebit": "1830000000", "ebitda": "2537000000", "netIncome": "1004000000"}, {"fiscalDateEnding": "2013-06-30", "reportedCurrency": "USD", "grossProfit": "2207000000", "totalRevenue": "5879000000", "costOfRevenue": "3672000000", "costofGoodsAndServicesSold": "3672000000", "operatingIncome": "821000000", "sellingGeneralAndAdministrative": "323000000", "researchAndDevelopment": "0", "operatingExpenses": "1001000000", "investmentIncomeNet": "None", "netInterestIncome": "None", "interestIncome": "None", "interestExpense": "381000000", "nonInterestIncome": "None", "otherNonOperatingIncome": "70000000", "depreciation": "None", "depreciationAndAmortization": "678000000", "incomeBeforeTax": "510000000", "incomeTaxExpense": "165000000", "interestAndDebtExpense": "None", "netIncomeFromContinuingOperations": "345000000", "comprehensiveIncomeNetOfTax": "None", "ebit": "891000000", "ebitda": "1569000000", "netIncome": "339000000"}, {"fiscalDateEnding": "2013-03-31", "reportedCurrency": "USD", "grossProfit": "2216000000", "totalRevenue": "5898000000", "costOfRevenue": "3682000000", "costofGoodsAndServicesSold": "3682000000", "operatingIncome": "1215000000", "sellingGeneralAndAdministrative": "0", "researchAndDevelopment": "0", "operatingExpenses": "1003000000", "investmentIncomeNet": "None", "netInterestIncome": "None", "interestIncome": "None", "interestExpense": "367000000", "nonInterestIncome": "None", "otherNonOperatingIncome": "None", "depreciation": "None", "depreciationAndAmortization": "660000000", "incomeBeforeTax": "964000000", "incomeTaxExpense": "330000000", "interestAndDebtExpense": "None", "netIncomeFromContinuingOperations": "0", "comprehensiveIncomeNetOfTax": "None", "ebit": "1331000000", "ebitda": "1991000000", "netIncome": "634000000"}, {"fiscalDateEnding": "2012-12-31", "reportedCurrency": "USD", "grossProfit": "-1519000000", "totalRevenue": "5695000000", "costOfRevenue": "7214000000", "costofGoodsAndServicesSold": "7214000000", "operatingIncome": "767000000", "sellingGeneralAndAdministrative": "0", "researchAndDevelopment": "0", "operatingExpenses": "-2289000000", "investmentIncomeNet": "None", "netInterestIncome": "None", "interestIncome": "None", "interestExpense": "385000000", "nonInterestIncome": "None", "otherNonOperatingIncome": "None", "depreciation": "None", "depreciationAndAmortization": "787000000", "incomeBeforeTax": "546000000", "incomeTaxExpense": "140000000", "interestAndDebtExpense": "None", "netIncomeFromContinuingOperations": "0", "comprehensiveIncomeNetOfTax": "None", "ebit": "931000000", "ebitda": "1718000000", "netIncome": "435000000"}, {"fiscalDateEnding": "2012-09-30", "reportedCurrency": "USD", "grossProfit": "3976000000", "totalRevenue": "6722000000", "costOfRevenue": "2746000000", "costofGoodsAndServicesSold": "2746000000", "operatingIncome": "1078000000", "sellingGeneralAndAdministrative": "0", "researchAndDevelopment": "0", "operatingExpenses": "2646000000", "investmentIncomeNet": "None", "netInterestIncome": "None", "interestIncome": "None", "interestExpense": "401000000", "nonInterestIncome": "None", "otherNonOperatingIncome": "None", "depreciation": "None", "depreciationAndAmortization": "788000000", "incomeBeforeTax": "842000000", "incomeTaxExpense": "248000000", "interestAndDebtExpense": "None", "netIncomeFromContinuingOperations": "0", "comprehensiveIncomeNetOfTax": "None", "ebit": "1243000000", "ebitda": "2031000000", "netIncome": "594000000"}, {"fiscalDateEnding": "2012-06-30", "reportedCurrency": "USD", "grossProfit": "2290000000", "totalRevenue": "3577000000", "costOfRevenue": "1287000000", "costofGoodsAndServicesSold": "1287000000", "operatingIncome": "782000000", "sellingGeneralAndAdministrative": "0", "researchAndDevelopment": "0", "operatingExpenses": "1508000000", "investmentIncomeNet": "None", "netInterestIncome": "None", "interestIncome": "None", "interestExpense": "232000000", "nonInterestIncome": "None", "otherNonOperatingIncome": "None", "depreciation": "None", "depreciationAndAmortization": "475000000", "incomeBeforeTax": "663000000", "incomeTaxExpense": "214000000", "interestAndDebtExpense": "None", "netIncomeFromContinuingOperations": "0", "comprehensiveIncomeNetOfTax": "None", "ebit": "822000000", "ebitda": "1297000000", "netIncome": "444000000"}, {"fiscalDateEnding": "2012-03-31", "reportedCurrency": "USD", "grossProfit": "2303000000", "totalRevenue": "3630000000", "costOfRevenue": "1327000000", "costofGoodsAndServicesSold": "1327000000", "operatingIncome": "495000000", "sellingGeneralAndAdministrative": "0", "researchAndDevelopment": "0", "operatingExpenses": "1406000000", "investmentIncomeNet": "None", "netInterestIncome": "None", "interestIncome": "None", "interestExpense": "224000000", "nonInterestIncome": "None", "otherNonOperatingIncome": "None", "depreciation": "None", "depreciationAndAmortization": "479000000", "incomeBeforeTax": "400000000", "incomeTaxExpense": "103000000", "interestAndDebtExpense": "None", "netIncomeFromContinuingOperations": "0", "comprehensiveIncomeNetOfTax": "None", "ebit": "624000000", "ebitda": "1103000000", "netIncome": "295000000"}, {"fiscalDateEnding": "2011-12-31", "reportedCurrency": "USD", "grossProfit": "2235000000", "totalRevenue": "3368000000", "costOfRevenue": "1133000000", "costofGoodsAndServicesSold": "1133000000", "operatingIncome": "517000000", "sellingGeneralAndAdministrative": "0", "researchAndDevelopment": "0", "operatingExpenses": "1691000000", "investmentIncomeNet": "None", "netInterestIncome": "None", "interestIncome": "None", "interestExpense": "224000000", "nonInterestIncome": "None", "otherNonOperatingIncome": "None", "depreciation": "None", "depreciationAndAmortization": "518000000", "incomeBeforeTax": "409000000", "incomeTaxExpense": "119000000", "interestAndDebtExpense": "None", "netIncomeFromContinuingOperations": "0", "comprehensiveIncomeNetOfTax": "None", "ebit": "633000000", "ebitda": "1151000000", "netIncome": "288000000"}, {"fiscalDateEnding": "2011-09-30", "reportedCurrency": "USD", "grossProfit": "3964000000", "totalRevenue": "3964000000", "costOfRevenue": "1388000000", "costofGoodsAndServicesSold": "1388000000", "operatingIncome": "767000000", "sellingGeneralAndAdministrative": "0", "researchAndDevelopment": "0", "operatingExpenses": "3192000000", "investmentIncomeNet": "None", "netInterestIncome": "None", "interestIncome": "None", "interestExpense": "213000000", "nonInterestIncome": "None", "otherNonOperatingIncome": "None", "depreciation": "None", "depreciationAndAmortization": "517000000", "incomeBeforeTax": "677000000", "incomeTaxExpense": "208000000", "interestAndDebtExpense": "None", "netIncomeFromContinuingOperations": "0", "comprehensiveIncomeNetOfTax": "None", "ebit": "828000000", "ebitda": "1345000000", "netIncome": "472000000"}, {"fiscalDateEnding": "2011-06-30", "reportedCurrency": "USD", "grossProfit": "3534000000", "totalRevenue": "3534000000", "costOfRevenue": "1285000000", "costofGoodsAndServicesSold": "1285000000", "operatingIncome": "679000000", "sellingGeneralAndAdministrative": "0", "researchAndDevelopment": "0", "operatingExpenses": "2859000000", "investmentIncomeNet": "None", "netInterestIncome": "None", "interestIncome": "None", "interestExpense": "203000000", "nonInterestIncome": "None", "otherNonOperatingIncome": "None", "depreciation": "None", "depreciationAndAmortization": "487000000", "incomeBeforeTax": "633000000", "incomeTaxExpense": "192000000", "interestAndDebtExpense": "None", "netIncomeFromContinuingOperations": "0", "comprehensiveIncomeNetOfTax": "None", "ebit": "786000000", "ebitda": "1273000000", "netIncome": "435000000"}, {"fiscalDateEnding": "2011-03-31", "reportedCurrency": "USD", "grossProfit": "3663000000", "totalRevenue": "3663000000", "costOfRevenue": "1339000000", "costofGoodsAndServicesSold": "1339000000", "operatingIncome": "814000000", "sellingGeneralAndAdministrative": "0", "researchAndDevelopment": "0", "operatingExpenses": "2859000000", "investmentIncomeNet": "None", "netInterestIncome": "None", "interestIncome": "None", "interestExpense": "219000000", "nonInterestIncome": "None", "otherNonOperatingIncome": "None", "depreciation": "None", "depreciationAndAmortization": "504000000", "incomeBeforeTax": "746000000", "incomeTaxExpense": "233000000", "interestAndDebtExpense": "None", "netIncomeFromContinuingOperations": "0", "comprehensiveIncomeNetOfTax": "None", "ebit": "915000000", "ebitda": "1419000000", "netIncome": "511000000"}, {"fiscalDateEnding": "2010-12-31", "reportedCurrency": "USD", "grossProfit": "2285000000", "totalRevenue": "3445000000", "costOfRevenue": "1160000000", "costofGoodsAndServicesSold": "1160000000", "operatingIncome": "681000000", "sellingGeneralAndAdministrative": "0", "researchAndDevelopment": "0", "operatingExpenses": "1569000000", "investmentIncomeNet": "None", "netInterestIncome": "None", "interestIncome": "None", "interestExpense": "216000000", "nonInterestIncome": "None", "otherNonOperatingIncome": "None", "depreciation": "None", "depreciationAndAmortization": "513000000", "incomeBeforeTax": "674000000", "incomeTaxExpense": "247000000", "interestAndDebtExpense": "None", "netIncomeFromContinuingOperations": "0", "comprehensiveIncomeNetOfTax": "None", "ebit": "682000000", "ebitda": "1195000000", "netIncome": "427000000"}, {"fiscalDateEnding": "2010-09-30", "reportedCurrency": "USD", "grossProfit": "3946000000", "totalRevenue": "3946000000", "costOfRevenue": "1361000000", "costofGoodsAndServicesSold": "1361000000", "operatingIncome": "1033000000", "sellingGeneralAndAdministrative": "0", "researchAndDevelopment": "0", "operatingExpenses": "2915000000", "investmentIncomeNet": "None", "netInterestIncome": "None", "interestIncome": "None", "interestExpense": "202000000", "nonInterestIncome": "None", "otherNonOperatingIncome": "None", "depreciation": "None", "depreciationAndAmortization": "502000000", "incomeBeforeTax": "967000000", "incomeTaxExpense": "301000000", "interestAndDebtExpense": "None", "netIncomeFromContinuingOperations": "0", "comprehensiveIncomeNetOfTax": "None", "ebit": "1114000000", "ebitda": "1616000000", "netIncome": "670000000"}, {"fiscalDateEnding": "2010-06-30", "reportedCurrency": "USD", "grossProfit": "3287000000", "totalRevenue": "3287000000", "costOfRevenue": "1117000000", "costofGoodsAndServicesSold": "1117000000", "operatingIncome": "-14000000", "sellingGeneralAndAdministrative": "0", "researchAndDevelopment": "0", "operatingExpenses": "3306000000", "investmentIncomeNet": "None", "netInterestIncome": "None", "interestIncome": "None", "interestExpense": "212000000", "nonInterestIncome": "None", "otherNonOperatingIncome": "None", "depreciation": "None", "depreciationAndAmortization": "473000000", "incomeBeforeTax": "-102000000", "incomeTaxExpense": "116000000", "interestAndDebtExpense": "None", "netIncomeFromContinuingOperations": "0", "comprehensiveIncomeNetOfTax": "None", "ebit": "63000000", "ebitda": "536000000", "netIncome": "-222000000"}, {"fiscalDateEnding": "2010-03-31", "reportedCurrency": "USD", "grossProfit": "3594000000", "totalRevenue": "3594000000", "costOfRevenue": "1287000000", "costofGoodsAndServicesSold": "1287000000", "operatingIncome": "761000000", "sellingGeneralAndAdministrative": "0", "researchAndDevelopment": "0", "operatingExpenses": "2835000000", "investmentIncomeNet": "None", "netInterestIncome": "None", "interestIncome": "None", "interestExpense": "210000000", "nonInterestIncome": "None", "otherNonOperatingIncome": "None", "depreciation": "None", "depreciationAndAmortization": "506000000", "incomeBeforeTax": "671000000", "incomeTaxExpense": "226000000", "interestAndDebtExpense": "None", "netIncomeFromContinuingOperations": "0", "comprehensiveIncomeNetOfTax": "None", "ebit": "831000000", "ebitda": "1337000000", "netIncome": "445000000"}, {"fiscalDateEnding": "2009-12-31", "reportedCurrency": "USD", "grossProfit": "2006000000", "totalRevenue": "3110000000", "costOfRevenue": "1104000000", "costofGoodsAndServicesSold": "1104000000", "operatingIncome": "595000000", "sellingGeneralAndAdministrative": "0", "researchAndDevelopment": "0", "operatingExpenses": "1415000000", "investmentIncomeNet": "None", "netInterestIncome": "None", "interestIncome": "None", "interestExpense": "191000000", "nonInterestIncome": "None", "otherNonOperatingIncome": "None", "depreciation": "None", "depreciationAndAmortization": "451000000", "incomeBeforeTax": "494000000", "incomeTaxExpense": "158000000", "interestAndDebtExpense": "None", "netIncomeFromContinuingOperations": "0", "comprehensiveIncomeNetOfTax": "None", "ebit": "685000000", "ebitda": "1136000000", "netIncome": "346000000"}, {"fiscalDateEnding": "2009-09-30", "reportedCurrency": "USD", "grossProfit": "2258000000", "totalRevenue": "3396000000", "costOfRevenue": "1138000000", "costofGoodsAndServicesSold": "1138000000", "operatingIncome": "445000000", "sellingGeneralAndAdministrative": "0", "researchAndDevelopment": "0", "operatingExpenses": "2964000000", "investmentIncomeNet": "None", "netInterestIncome": "None", "interestIncome": "None", "interestExpense": "190000000", "nonInterestIncome": "None", "otherNonOperatingIncome": "None", "depreciation": "None", "depreciationAndAmortization": "478000000", "incomeBeforeTax": "351000000", "incomeTaxExpense": "244000000", "interestAndDebtExpense": "None", "netIncomeFromContinuingOperations": "0", "comprehensiveIncomeNetOfTax": "None", "ebit": "495000000", "ebitda": "973000000", "netIncome": "109000000"}, {"fiscalDateEnding": "2009-06-30", "reportedCurrency": "USD", "grossProfit": "1930000000", "totalRevenue": "2913000000", "costOfRevenue": "983000000", "costofGoodsAndServicesSold": "983000000", "operatingIncome": "528000000", "sellingGeneralAndAdministrative": "0", "researchAndDevelopment": "0", "operatingExpenses": "1415000000", "investmentIncomeNet": "None", "netInterestIncome": "None", "interestIncome": "None", "interestExpense": "186000000", "nonInterestIncome": "None", "otherNonOperatingIncome": "None", "depreciation": "None", "depreciationAndAmortization": "454000000", "incomeBeforeTax": "461000000", "incomeTaxExpense": "177000000", "interestAndDebtExpense": "None", "netIncomeFromContinuingOperations": "0", "comprehensiveIncomeNetOfTax": "None", "ebit": "600000000", "ebitda": "1054000000", "netIncome": "276000000"}, {"fiscalDateEnding": "2009-03-31", "reportedCurrency": "USD", "grossProfit": "2093000000", "totalRevenue": "3312000000", "costOfRevenue": "1219000000", "costofGoodsAndServicesSold": "1219000000", "operatingIncome": "681000000", "sellingGeneralAndAdministrative": "0", "researchAndDevelopment": "0", "operatingExpenses": "1418000000", "investmentIncomeNet": "None", "netInterestIncome": "None", "interestIncome": "None", "interestExpense": "184000000", "nonInterestIncome": "None", "otherNonOperatingIncome": "None", "depreciation": "None", "depreciationAndAmortization": "463000000", "incomeBeforeTax": "525000000", "incomeTaxExpense": "179000000", "interestAndDebtExpense": "None", "netIncomeFromContinuingOperations": "0", "comprehensiveIncomeNetOfTax": "None", "ebit": "660000000", "ebitda": "1123000000", "netIncome": "344000000"}, {"fiscalDateEnding": "2008-12-31", "reportedCurrency": "USD", "grossProfit": "1881000000", "totalRevenue": "3133000000", "costOfRevenue": "1252000000", "costofGoodsAndServicesSold": "1252000000", "operatingIncome": "475000000", "sellingGeneralAndAdministrative": "0", "researchAndDevelopment": "0", "operatingExpenses": "1406000000", "investmentIncomeNet": "None", "netInterestIncome": "None", "interestIncome": "None", "interestExpense": "741000000", "nonInterestIncome": "None", "otherNonOperatingIncome": "None", "depreciation": "None", "depreciationAndAmortization": "447000000", "incomeBeforeTax": "357000000", "incomeTaxExpense": "95000000", "interestAndDebtExpense": "None", "netIncomeFromContinuingOperations": "0", "comprehensiveIncomeNetOfTax": "None", "ebit": "475000000", "ebitda": "922000000", "netIncome": "331000000"}, {"fiscalDateEnding": "2008-09-30", "reportedCurrency": "USD", "grossProfit": "2097000000", "totalRevenue": "3508000000", "costOfRevenue": "1411000000", "costofGoodsAndServicesSold": "1411000000", "operatingIncome": "575000000", "sellingGeneralAndAdministrative": "0", "researchAndDevelopment": "0", "operatingExpenses": "1522000000", "investmentIncomeNet": "None", "netInterestIncome": "None", "interestIncome": "None", "interestExpense": "176000000", "nonInterestIncome": "None", "otherNonOperatingIncome": "None", "depreciation": "None", "depreciationAndAmortization": "479000000", "incomeBeforeTax": "348000000", "incomeTaxExpense": "132000000", "interestAndDebtExpense": "None", "netIncomeFromContinuingOperations": "0", "comprehensiveIncomeNetOfTax": "None", "ebit": "628000000", "ebitda": "1107000000", "netIncome": "215000000"}, {"fiscalDateEnding": "2008-06-30", "reportedCurrency": "USD", "grossProfit": "2103000000", "totalRevenue": "3229000000", "costOfRevenue": "1126000000", "costofGoodsAndServicesSold": "1126000000", "operatingIncome": "650000000", "sellingGeneralAndAdministrative": "0", "researchAndDevelopment": "0", "operatingExpenses": "1453000000", "investmentIncomeNet": "None", "netInterestIncome": "None", "interestIncome": "None", "interestExpense": "194000000", "nonInterestIncome": "None", "otherNonOperatingIncome": "None", "depreciation": "None", "depreciationAndAmortization": "456000000", "incomeBeforeTax": "505000000", "incomeTaxExpense": "167000000", "interestAndDebtExpense": "None", "netIncomeFromContinuingOperations": "0", "comprehensiveIncomeNetOfTax": "None", "ebit": "697000000", "ebitda": "1153000000", "netIncome": "351000000"}, {"fiscalDateEnding": "2008-03-31", "reportedCurrency": "USD", "grossProfit": "2106000000", "totalRevenue": "3337000000", "costOfRevenue": "1231000000", "costofGoodsAndServicesSold": "1231000000", "operatingIncome": "733000000", "sellingGeneralAndAdministrative": "0", "researchAndDevelopment": "0", "operatingExpenses": "1373000000", "investmentIncomeNet": "None", "netInterestIncome": "None", "interestIncome": "None", "interestExpense": "182000000", "nonInterestIncome": "None", "otherNonOperatingIncome": "None", "depreciation": "None", "depreciationAndAmortization": "452000000", "incomeBeforeTax": "685000000", "incomeTaxExpense": "222000000", "interestAndDebtExpense": "None", "netIncomeFromContinuingOperations": "0", "comprehensiveIncomeNetOfTax": "None", "ebit": "598000000", "ebitda": "1050000000", "netIncome": "465000000"}, {"fiscalDateEnding": "2007-12-31", "reportedCurrency": "USD", "grossProfit": "2004000000", "totalRevenue": "2771000000", "costOfRevenue": "767000000", "costofGoodsAndServicesSold": "767000000", "operatingIncome": "572000000", "sellingGeneralAndAdministrative": "218920000000", "researchAndDevelopment": "0", "operatingExpenses": "1432000000", "investmentIncomeNet": "None", "netInterestIncome": "None", "interestIncome": "None", "interestExpense": "81861000000", "nonInterestIncome": "None", "otherNonOperatingIncome": "None", "depreciation": "None", "depreciationAndAmortization": "394000000", "incomeBeforeTax": "524000000", "incomeTaxExpense": "265000000", "interestAndDebtExpense": "None", "netIncomeFromContinuingOperations": "0", "comprehensiveIncomeNetOfTax": "None", "ebit": "572000000", "ebitda": "966000000", "netIncome": "243000000"}, {"fiscalDateEnding": "2007-09-30", "reportedCurrency": "USD", "grossProfit": "2350000000", "totalRevenue": "3818000000", "costOfRevenue": "1468000000", "costofGoodsAndServicesSold": "1468000000", "operatingIncome": "888000000", "sellingGeneralAndAdministrative": "0", "researchAndDevelopment": "0", "operatingExpenses": "1462000000", "investmentIncomeNet": "None", "netInterestIncome": "None", "interestIncome": "None", "interestExpense": "178000000", "nonInterestIncome": "None", "otherNonOperatingIncome": "None", "depreciation": "None", "depreciationAndAmortization": "546000000", "incomeBeforeTax": "834000000", "incomeTaxExpense": "223000000", "interestAndDebtExpense": "None", "netIncomeFromContinuingOperations": "0", "comprehensiveIncomeNetOfTax": "None", "ebit": "930000000", "ebitda": "1476000000", "netIncome": "607000000"}, {"fiscalDateEnding": "2007-06-30", "reportedCurrency": "USD", "grossProfit": "1909000000", "totalRevenue": "3044000000", "costOfRevenue": "1135000000", "costofGoodsAndServicesSold": "1135000000", "operatingIncome": "461000000", "sellingGeneralAndAdministrative": "0", "researchAndDevelopment": "0", "operatingExpenses": "1448000000", "investmentIncomeNet": "None", "netInterestIncome": "None", "interestIncome": "None", "interestExpense": "160000000", "nonInterestIncome": "None", "otherNonOperatingIncome": "None", "depreciation": "None", "depreciationAndAmortization": "487000000", "incomeBeforeTax": "422000000", "incomeTaxExpense": "119000000", "interestAndDebtExpense": "None", "netIncomeFromContinuingOperations": "0", "comprehensiveIncomeNetOfTax": "None", "ebit": "490000000", "ebitda": "977000000", "netIncome": "293000000"}, {"fiscalDateEnding": "2007-03-31", "reportedCurrency": "USD", "grossProfit": "1954000000", "totalRevenue": "3087000000", "costOfRevenue": "1133000000", "costofGoodsAndServicesSold": "1133000000", "operatingIncome": "577000000", "sellingGeneralAndAdministrative": "0", "researchAndDevelopment": "0", "operatingExpenses": "1377000000", "investmentIncomeNet": "None", "netInterestIncome": "None", "interestIncome": "None", "interestExpense": "164000000", "nonInterestIncome": "None", "otherNonOperatingIncome": "None", "depreciation": "None", "depreciationAndAmortization": "461000000", "incomeBeforeTax": "454000000", "incomeTaxExpense": "105000000", "interestAndDebtExpense": "None", "netIncomeFromContinuingOperations": "0", "comprehensiveIncomeNetOfTax": "None", "ebit": "599000000", "ebitda": "1060000000", "netIncome": "357000000"}, {"fiscalDateEnding": "2006-12-31", "reportedCurrency": "USD", "grossProfit": "2490000000", "totalRevenue": "3836000000", "costOfRevenue": "1346000000", "costofGoodsAndServicesSold": "1346000000", "operatingIncome": "392000000", "sellingGeneralAndAdministrative": "218920000000", "researchAndDevelopment": "0", "operatingExpenses": "2098000000", "investmentIncomeNet": "None", "netInterestIncome": "None", "interestIncome": "None", "interestExpense": "81861000000", "nonInterestIncome": "None", "otherNonOperatingIncome": "None", "depreciation": "None", "depreciationAndAmortization": "563000000", "incomeBeforeTax": "369000000", "incomeTaxExpense": "-12000000", "interestAndDebtExpense": "None", "netIncomeFromContinuingOperations": "0", "comprehensiveIncomeNetOfTax": "None", "ebit": "392000000", "ebitda": "955000000", "netIncome": "387000000"}, {"fiscalDateEnding": "2006-09-30", "reportedCurrency": "USD", "grossProfit": "2827000000", "totalRevenue": "4174000000", "costOfRevenue": "1347000000", "costofGoodsAndServicesSold": "1347000000", "operatingIncome": "926000000", "sellingGeneralAndAdministrative": "0", "researchAndDevelopment": "0", "operatingExpenses": "1901000000", "investmentIncomeNet": "None", "netInterestIncome": "None", "interestIncome": "None", "interestExpense": "337000000", "nonInterestIncome": "None", "otherNonOperatingIncome": "None", "depreciation": "None", "depreciationAndAmortization": "610000000", "incomeBeforeTax": "1139000000", "incomeTaxExpense": "422000000", "interestAndDebtExpense": "None", "netIncomeFromContinuingOperations": "0", "comprehensiveIncomeNetOfTax": "None", "ebit": "625000000", "ebitda": "1235000000", "netIncome": "763000000"}, {"fiscalDateEnding": "2006-06-30", "reportedCurrency": "USD", "grossProfit": "2571000000", "totalRevenue": "3973000000", "costOfRevenue": "1402000000", "costofGoodsAndServicesSold": "1402000000", "operatingIncome": "610000000", "sellingGeneralAndAdministrative": "0", "researchAndDevelopment": "0", "operatingExpenses": "1961000000", "investmentIncomeNet": "None", "netInterestIncome": "None", "interestIncome": "None", "interestExpense": "339000000", "nonInterestIncome": "None", "otherNonOperatingIncome": "None", "depreciation": "None", "depreciationAndAmortization": "604000000", "incomeBeforeTax": "610000000", "incomeTaxExpense": "175000000", "interestAndDebtExpense": "None", "netIncomeFromContinuingOperations": "0", "comprehensiveIncomeNetOfTax": "None", "ebit": "215000000", "ebitda": "819000000", "netIncome": "355000000"}, {"fiscalDateEnding": "2006-03-31", "reportedCurrency": "USD", "grossProfit": "2064000000", "totalRevenue": "3201000000", "costOfRevenue": "1137000000", "costofGoodsAndServicesSold": "1137000000", "operatingIncome": "763000000", "sellingGeneralAndAdministrative": "0", "researchAndDevelopment": "0", "operatingExpenses": "1301000000", "investmentIncomeNet": "None", "netInterestIncome": "None", "interestIncome": "None", "interestExpense": "250000000", "nonInterestIncome": "None", "otherNonOperatingIncome": "None", "depreciation": "None", "depreciationAndAmortization": "438000000", "incomeBeforeTax": "744000000", "incomeTaxExpense": "258000000", "interestAndDebtExpense": "None", "netIncomeFromContinuingOperations": "0", "comprehensiveIncomeNetOfTax": "None", "ebit": "338000000", "ebitda": "776000000", "netIncome": "358000000"}, {"fiscalDateEnding": "2005-12-31", "reportedCurrency": "USD", "grossProfit": "2161000000", "totalRevenue": "3116000000", "costOfRevenue": "955000000", "costofGoodsAndServicesSold": "955000000", "operatingIncome": "569000000", "sellingGeneralAndAdministrative": "0", "researchAndDevelopment": "0", "operatingExpenses": "1592000000", "investmentIncomeNet": "None", "netInterestIncome": "None", "interestIncome": "None", "interestExpense": "249000000", "nonInterestIncome": "None", "otherNonOperatingIncome": "None", "depreciation": "None", "depreciationAndAmortization": "421000000", "incomeBeforeTax": "609000000", "incomeTaxExpense": "188000000", "interestAndDebtExpense": "None", "netIncomeFromContinuingOperations": "0", "comprehensiveIncomeNetOfTax": "None", "ebit": "569000000", "ebitda": "990000000", "netIncome": "606000000"}, {"fiscalDateEnding": "2005-09-30", "reportedCurrency": "USD", "grossProfit": "2224000000", "totalRevenue": "3028000000", "costOfRevenue": "804000000", "costofGoodsAndServicesSold": "804000000", "operatingIncome": "890000000", "sellingGeneralAndAdministrative": "0", "researchAndDevelopment": "0", "operatingExpenses": "1334000000", "investmentIncomeNet": "None", "netInterestIncome": "None", "interestIncome": "None", "interestExpense": "228000000", "nonInterestIncome": "None", "otherNonOperatingIncome": "None", "depreciation": "None", "depreciationAndAmortization": "382000000", "incomeBeforeTax": "1411000000", "incomeTaxExpense": "487000000", "interestAndDebtExpense": "None", "netIncomeFromContinuingOperations": "0", "comprehensiveIncomeNetOfTax": "None", "ebit": "914000000", "ebitda": "1296000000", "netIncome": "41000000"}, {"fiscalDateEnding": "2005-06-30", "reportedCurrency": "USD", "grossProfit": "2326000000", "totalRevenue": "5654000000", "costOfRevenue": "3328000000", "costofGoodsAndServicesSold": "3328000000", "operatingIncome": "741000000", "sellingGeneralAndAdministrative": "0", "researchAndDevelopment": "0", "operatingExpenses": "1585000000", "investmentIncomeNet": "None", "netInterestIncome": "None", "interestIncome": "None", "interestExpense": "295000000", "nonInterestIncome": "None", "otherNonOperatingIncome": "None", "depreciation": "None", "depreciationAndAmortization": "531000000", "incomeBeforeTax": "462000000", "incomeTaxExpense": "151000000", "interestAndDebtExpense": "None", "netIncomeFromContinuingOperations": "0", "comprehensiveIncomeNetOfTax": "None", "ebit": "766000000", "ebitda": "1297000000", "netIncome": "309000000"}, {"fiscalDateEnding": "2005-03-31", "reportedCurrency": "USD", "grossProfit": "2294000000", "totalRevenue": "5749000000", "costOfRevenue": "3455000000", "costofGoodsAndServicesSold": "3455000000", "operatingIncome": "1882000000", "sellingGeneralAndAdministrative": "0", "researchAndDevelopment": "0", "operatingExpenses": "412000000", "investmentIncomeNet": "None", "netInterestIncome": "None", "interestIncome": "None", "interestExpense": "290000000", "nonInterestIncome": "None", "otherNonOperatingIncome": "None", "depreciation": "None", "depreciationAndAmortization": "550000000", "incomeBeforeTax": "1314000000", "incomeTaxExpense": "447000000", "interestAndDebtExpense": "None", "netIncomeFromContinuingOperations": "0", "comprehensiveIncomeNetOfTax": "None", "ebit": "666000000", "ebitda": "1216000000", "netIncome": "868000000"}, {"fiscalDateEnding": "2004-12-31", "reportedCurrency": "USD", "grossProfit": "2470000000", "totalRevenue": "6037000000", "costOfRevenue": "3567000000", "costofGoodsAndServicesSold": "3567000000", "operatingIncome": "701000000", "sellingGeneralAndAdministrative": "0", "researchAndDevelopment": "0", "operatingExpenses": "1769000000", "investmentIncomeNet": "None", "netInterestIncome": "None", "interestIncome": "None", "interestExpense": "297000000", "nonInterestIncome": "None", "otherNonOperatingIncome": "None", "depreciation": "None", "depreciationAndAmortization": "513000000", "incomeBeforeTax": "604000000", "incomeTaxExpense": "244000000", "interestAndDebtExpense": "None", "netIncomeFromContinuingOperations": "0", "comprehensiveIncomeNetOfTax": "None", "ebit": "701000000", "ebitda": "1214000000", "netIncome": "358000000"}]}