{"symbol": "AZO", "annualReports": [{"fiscalDateEnding": "2024-08-31", "reportedCurrency": "USD", "grossProfit": "9817052000", "totalRevenue": "18490268000", "costOfRevenue": "8673216000", "costofGoodsAndServicesSold": "8673216000", "operatingIncome": "3788708000", "sellingGeneralAndAdministrative": "None", "researchAndDevelopment": "None", "operatingExpenses": "6028344000", "investmentIncomeNet": "None", "netInterestIncome": "-451578000", "interestIncome": "11312000", "interestExpense": "462890000", "nonInterestIncome": "None", "otherNonOperatingIncome": "None", "depreciation": "None", "depreciationAndAmortization": "549755000", "incomeBeforeTax": "3337130000", "incomeTaxExpense": "674703000", "interestAndDebtExpense": "None", "netIncomeFromContinuingOperations": "2662427000", "comprehensiveIncomeNetOfTax": "None", "ebit": "3797720000", "ebitda": "4347475000", "netIncome": "2662427000"}, {"fiscalDateEnding": "2023-08-31", "reportedCurrency": "USD", "grossProfit": "9070422000", "totalRevenue": "17457209000", "costOfRevenue": "8386787000", "costofGoodsAndServicesSold": "8386787000", "operatingIncome": "3473986000", "sellingGeneralAndAdministrative": "5596436000", "researchAndDevelopment": "None", "operatingExpenses": "5596436000", "investmentIncomeNet": "None", "netInterestIncome": "-306372000", "interestIncome": "306372000", "interestExpense": "306372000", "nonInterestIncome": "None", "otherNonOperatingIncome": "None", "depreciation": "None", "depreciationAndAmortization": "497577000", "incomeBeforeTax": "3167614000", "incomeTaxExpense": "639188000", "interestAndDebtExpense": "None", "netIncomeFromContinuingOperations": "2528426000", "comprehensiveIncomeNetOfTax": "None", "ebit": "3473986000", "ebitda": "3971563000", "netIncome": "2528426000"}, {"fiscalDateEnding": "2022-08-31", "reportedCurrency": "USD", "grossProfit": "8472650000", "totalRevenue": "16252230000", "costOfRevenue": "7779580000", "costofGoodsAndServicesSold": "7779580000", "operatingIncome": "3270729000", "sellingGeneralAndAdministrative": "5201921000", "researchAndDevelopment": "None", "operatingExpenses": "5201921000", "investmentIncomeNet": "None", "netInterestIncome": "-191638000", "interestIncome": "191638000", "interestExpense": "191638000", "nonInterestIncome": "None", "otherNonOperatingIncome": "None", "depreciation": "None", "depreciationAndAmortization": "442223000", "incomeBeforeTax": "3079091000", "incomeTaxExpense": "649487000", "interestAndDebtExpense": "None", "netIncomeFromContinuingOperations": "2429604000", "comprehensiveIncomeNetOfTax": "None", "ebit": "3270729000", "ebitda": "3712952000", "netIncome": "2429604000"}, {"fiscalDateEnding": "2021-08-31", "reportedCurrency": "USD", "grossProfit": "7717785000", "totalRevenue": "14629585000", "costOfRevenue": "6911800000", "costofGoodsAndServicesSold": "6911800000", "operatingIncome": "2944527000", "sellingGeneralAndAdministrative": "4773258000", "researchAndDevelopment": "None", "operatingExpenses": "4773258000", "investmentIncomeNet": "None", "netInterestIncome": "-195337000", "interestIncome": "195337000", "interestExpense": "195337000", "nonInterestIncome": "None", "otherNonOperatingIncome": "None", "depreciation": "None", "depreciationAndAmortization": "407683000", "incomeBeforeTax": "2749190000", "incomeTaxExpense": "578876000", "interestAndDebtExpense": "None", "netIncomeFromContinuingOperations": "2170314000", "comprehensiveIncomeNetOfTax": "None", "ebit": "2944527000", "ebitda": "3352210000", "netIncome": "2170314000"}, {"fiscalDateEnding": "2020-08-31", "reportedCurrency": "USD", "grossProfit": "6770753000", "totalRevenue": "12631967000", "costOfRevenue": "5861214000", "costofGoodsAndServicesSold": "5861214000", "operatingIncome": "2417679000", "sellingGeneralAndAdministrative": "4353074000", "researchAndDevelopment": "None", "operatingExpenses": "4353074000", "investmentIncomeNet": "None", "netInterestIncome": "-201165000", "interestIncome": "201165000", "interestExpense": "201165000", "nonInterestIncome": "None", "otherNonOperatingIncome": "None", "depreciation": "None", "depreciationAndAmortization": "397466000", "incomeBeforeTax": "2216514000", "incomeTaxExpense": "483542000", "interestAndDebtExpense": "None", "netIncomeFromContinuingOperations": "1732972000", "comprehensiveIncomeNetOfTax": "None", "ebit": "2417679000", "ebitda": "2815145000", "netIncome": "1732972000"}, {"fiscalDateEnding": "2019-08-31", "reportedCurrency": "USD", "grossProfit": "6365001000", "totalRevenue": "11863743000", "costOfRevenue": "5498742000", "costofGoodsAndServicesSold": "5498742000", "operatingIncome": "2216137000", "sellingGeneralAndAdministrative": "4148864000", "researchAndDevelopment": "None", "operatingExpenses": "4148864000", "investmentIncomeNet": "None", "netInterestIncome": "-184804000", "interestIncome": "7396000", "interestExpense": "184804000", "nonInterestIncome": "None", "otherNonOperatingIncome": "None", "depreciation": "None", "depreciationAndAmortization": "369957000", "incomeBeforeTax": "2031333000", "incomeTaxExpense": "414112000", "interestAndDebtExpense": "None", "netIncomeFromContinuingOperations": "1617221000", "comprehensiveIncomeNetOfTax": "None", "ebit": "2216137000", "ebitda": "2586094000", "netIncome": "1617221000"}, {"fiscalDateEnding": "2018-08-31", "reportedCurrency": "USD", "grossProfit": "5973746000", "totalRevenue": "11221077000", "costOfRevenue": "5247331000", "costofGoodsAndServicesSold": "5247331000", "operatingIncome": "1810856000", "sellingGeneralAndAdministrative": "3817806000", "researchAndDevelopment": "0", "operatingExpenses": "4162890000", "investmentIncomeNet": "None", "netInterestIncome": "-174527000", "interestIncome": "5636000", "interestExpense": "174527000", "nonInterestIncome": "None", "otherNonOperatingIncome": "None", "depreciation": "None", "depreciationAndAmortization": "345084000", "incomeBeforeTax": "1636329000", "incomeTaxExpense": "298793000", "interestAndDebtExpense": "None", "netIncomeFromContinuingOperations": "1337536000", "comprehensiveIncomeNetOfTax": "None", "ebit": "2134318000", "ebitda": "2479402000", "netIncome": "1337536000"}, {"fiscalDateEnding": "2017-08-31", "reportedCurrency": "USD", "grossProfit": "5739620000", "totalRevenue": "10888676000", "costOfRevenue": "5149056000", "costofGoodsAndServicesSold": "5149056000", "operatingIncome": "2080069000", "sellingGeneralAndAdministrative": "3336500000", "researchAndDevelopment": "0", "operatingExpenses": "3659551000", "investmentIncomeNet": "None", "netInterestIncome": "-154580000", "interestIncome": "3502000", "interestExpense": "154580000", "nonInterestIncome": "None", "otherNonOperatingIncome": "None", "depreciation": "None", "depreciationAndAmortization": "323051000", "incomeBeforeTax": "1925489000", "incomeTaxExpense": "644620000", "interestAndDebtExpense": "None", "netIncomeFromContinuingOperations": "1280869000", "comprehensiveIncomeNetOfTax": "None", "ebit": "2080069000", "ebitda": "2403120000", "netIncome": "1280869000"}, {"fiscalDateEnding": "2016-08-31", "reportedCurrency": "USD", "grossProfit": "5608736000", "totalRevenue": "10635676000", "costOfRevenue": "5026940000", "costofGoodsAndServicesSold": "5026940000", "operatingIncome": "1915085000", "sellingGeneralAndAdministrative": "3250944000", "researchAndDevelopment": "0", "operatingExpenses": "3548341000", "investmentIncomeNet": "None", "netInterestIncome": "-147681000", "interestIncome": "2371000", "interestExpense": "147681000", "nonInterestIncome": "None", "otherNonOperatingIncome": "None", "depreciation": "None", "depreciationAndAmortization": "297397000", "incomeBeforeTax": "1912714000", "incomeTaxExpense": "671707000", "interestAndDebtExpense": "None", "netIncomeFromContinuingOperations": "1241007000", "comprehensiveIncomeNetOfTax": "None", "ebit": "2060395000", "ebitda": "2357792000", "netIncome": "1241007000"}, {"fiscalDateEnding": "2015-08-31", "reportedCurrency": "USD", "grossProfit": "5327031000", "totalRevenue": "10187340000", "costOfRevenue": "4860309000", "costofGoodsAndServicesSold": "4860309000", "operatingIncome": "1804217000", "sellingGeneralAndAdministrative": "3373980000", "researchAndDevelopment": "0", "operatingExpenses": "3373980000", "investmentIncomeNet": "None", "netInterestIncome": "None", "interestIncome": "150439000", "interestExpense": "150439000", "nonInterestIncome": "None", "otherNonOperatingIncome": "None", "depreciation": "None", "depreciationAndAmortization": "269919000", "incomeBeforeTax": "1802612000", "incomeTaxExpense": "642371000", "interestAndDebtExpense": "None", "netIncomeFromContinuingOperations": "1160241000", "comprehensiveIncomeNetOfTax": "None", "ebit": "1953051000", "ebitda": "2222970000", "netIncome": "1160241000"}, {"fiscalDateEnding": "2014-08-31", "reportedCurrency": "USD", "grossProfit": "4934907000", "totalRevenue": "9475313000", "costOfRevenue": "4540406000", "costofGoodsAndServicesSold": "4540406000", "operatingIncome": "1830223000", "sellingGeneralAndAdministrative": "3105000000", "researchAndDevelopment": "0", "operatingExpenses": "3104684000", "investmentIncomeNet": "None", "netInterestIncome": "None", "interestIncome": "None", "interestExpense": "167509000", "nonInterestIncome": "None", "otherNonOperatingIncome": "None", "depreciation": "None", "depreciationAndAmortization": "251267000", "incomeBeforeTax": "1662714000", "incomeTaxExpense": "592970000", "interestAndDebtExpense": "None", "netIncomeFromContinuingOperations": "1069744000", "comprehensiveIncomeNetOfTax": "None", "ebit": "1578956000", "ebitda": "1830223000", "netIncome": "1069744000"}, {"fiscalDateEnding": "2013-08-31", "reportedCurrency": "USD", "grossProfit": "4740935000", "totalRevenue": "9147530000", "costOfRevenue": "4406595000", "costofGoodsAndServicesSold": "4406595000", "operatingIncome": "1773098000", "sellingGeneralAndAdministrative": "2967837000", "researchAndDevelopment": "0", "operatingExpenses": "2967837000", "investmentIncomeNet": "None", "netInterestIncome": "None", "interestIncome": "None", "interestExpense": "185415000", "nonInterestIncome": "None", "otherNonOperatingIncome": "None", "depreciation": "None", "depreciationAndAmortization": "227251000", "incomeBeforeTax": "1587683000", "incomeTaxExpense": "571203000", "interestAndDebtExpense": "None", "netIncomeFromContinuingOperations": "1016480000", "comprehensiveIncomeNetOfTax": "None", "ebit": "1774704000", "ebitda": "2001955000", "netIncome": "1016480000"}, {"fiscalDateEnding": "2012-08-31", "reportedCurrency": "USD", "grossProfit": "4432036000", "totalRevenue": "8603863000", "costOfRevenue": "4171827000", "costofGoodsAndServicesSold": "4171827000", "operatingIncome": "1628891000", "sellingGeneralAndAdministrative": "2803000000", "researchAndDevelopment": "0", "operatingExpenses": "2803145000", "investmentIncomeNet": "None", "netInterestIncome": "None", "interestIncome": "None", "interestExpense": "175905000", "nonInterestIncome": "None", "otherNonOperatingIncome": "None", "depreciation": "None", "depreciationAndAmortization": "211831000", "incomeBeforeTax": "1452986000", "incomeTaxExpense": "522613000", "interestAndDebtExpense": "None", "netIncomeFromContinuingOperations": "930373000", "comprehensiveIncomeNetOfTax": "None", "ebit": "1628891000", "ebitda": "1840722000", "netIncome": "930373000"}, {"fiscalDateEnding": "2011-08-31", "reportedCurrency": "USD", "grossProfit": "4119463000", "totalRevenue": "8072973000", "costOfRevenue": "3953510000", "costofGoodsAndServicesSold": "3953510000", "operatingIncome": "1494803000", "sellingGeneralAndAdministrative": "2625000000", "researchAndDevelopment": "0", "operatingExpenses": "2624660000", "investmentIncomeNet": "None", "netInterestIncome": "None", "interestIncome": "None", "interestExpense": "170557000", "nonInterestIncome": "None", "otherNonOperatingIncome": "None", "depreciation": "None", "depreciationAndAmortization": "196209000", "incomeBeforeTax": "1324246000", "incomeTaxExpense": "475272000", "interestAndDebtExpense": "None", "netIncomeFromContinuingOperations": "848974000", "comprehensiveIncomeNetOfTax": "None", "ebit": "1494803000", "ebitda": "1691012000", "netIncome": "848974000"}, {"fiscalDateEnding": "2010-08-31", "reportedCurrency": "USD", "grossProfit": "3711744000", "totalRevenue": "7362618000", "costOfRevenue": "3650874000", "costofGoodsAndServicesSold": "3650874000", "operatingIncome": "1319414000", "sellingGeneralAndAdministrative": "2392000000", "researchAndDevelopment": "0", "operatingExpenses": "2392330000", "investmentIncomeNet": "None", "netInterestIncome": "None", "interestIncome": "None", "interestExpense": "158909000", "nonInterestIncome": "None", "otherNonOperatingIncome": "None", "depreciation": "None", "depreciationAndAmortization": "192084000", "incomeBeforeTax": "1160505000", "incomeTaxExpense": "422194000", "interestAndDebtExpense": "None", "netIncomeFromContinuingOperations": "738311000", "comprehensiveIncomeNetOfTax": "None", "ebit": "1319414000", "ebitda": "1511498000", "netIncome": "738311000"}, {"fiscalDateEnding": "2009-08-31", "reportedCurrency": "USD", "grossProfit": "3416449000", "totalRevenue": "6816824000", "costOfRevenue": "3400375000", "costofGoodsAndServicesSold": "3400375000", "operatingIncome": "1176062000", "sellingGeneralAndAdministrative": "2240000000", "researchAndDevelopment": "None", "operatingExpenses": "2240387000", "investmentIncomeNet": "None", "netInterestIncome": "None", "interestIncome": "None", "interestExpense": "146203000", "nonInterestIncome": "None", "otherNonOperatingIncome": "None", "depreciation": "None", "depreciationAndAmortization": "184320000", "incomeBeforeTax": "1033746000", "incomeTaxExpense": "376697000", "interestAndDebtExpense": "None", "netIncomeFromContinuingOperations": "None", "comprehensiveIncomeNetOfTax": "None", "ebit": "1170774000", "ebitda": "1355094000", "netIncome": "657049000"}, {"fiscalDateEnding": "2008-08-31", "reportedCurrency": "USD", "grossProfit": "3268061000", "totalRevenue": "6522706000", "costOfRevenue": "3254645000", "costofGoodsAndServicesSold": "3254645000", "operatingIncome": "1124134000", "sellingGeneralAndAdministrative": "2144000000", "researchAndDevelopment": "None", "operatingExpenses": "2143927000", "investmentIncomeNet": "None", "netInterestIncome": "None", "interestIncome": "None", "interestExpense": "116745000", "nonInterestIncome": "None", "otherNonOperatingIncome": "None", "depreciation": "None", "depreciationAndAmortization": "169509000", "incomeBeforeTax": "1007389000", "incomeTaxExpense": "365783000", "interestAndDebtExpense": "None", "netIncomeFromContinuingOperations": "None", "comprehensiveIncomeNetOfTax": "None", "ebit": "1128517000", "ebitda": "1298026000", "netIncome": "641606000"}, {"fiscalDateEnding": "2007-08-31", "reportedCurrency": "USD", "grossProfit": "3064250000", "totalRevenue": "6169804000", "costOfRevenue": "3105554000", "costofGoodsAndServicesSold": "3105554000", "operatingIncome": "1055266000", "sellingGeneralAndAdministrative": "2009000000", "researchAndDevelopment": "None", "operatingExpenses": "2008984000", "investmentIncomeNet": "None", "netInterestIncome": "None", "interestIncome": "None", "interestExpense": "119116000", "nonInterestIncome": "None", "otherNonOperatingIncome": "None", "depreciation": "None", "depreciationAndAmortization": "161130000", "incomeBeforeTax": "936150000", "incomeTaxExpense": "340478000", "interestAndDebtExpense": "None", "netIncomeFromContinuingOperations": "None", "comprehensiveIncomeNetOfTax": "None", "ebit": "1056978000", "ebitda": "1218108000", "netIncome": "595672000"}, {"fiscalDateEnding": "2006-08-31", "reportedCurrency": "USD", "grossProfit": "2938520000", "totalRevenue": "5948355000", "costOfRevenue": "3009835000", "costofGoodsAndServicesSold": "3009835000", "operatingIncome": "1009925000", "sellingGeneralAndAdministrative": "1929000000", "researchAndDevelopment": "None", "operatingExpenses": "1928595000", "investmentIncomeNet": "None", "netInterestIncome": "None", "interestIncome": "None", "interestExpense": "107889000", "nonInterestIncome": "None", "otherNonOperatingIncome": "None", "depreciation": "None", "depreciationAndAmortization": "141024000", "incomeBeforeTax": "902036000", "incomeTaxExpense": "332761000", "interestAndDebtExpense": "None", "netIncomeFromContinuingOperations": "None", "comprehensiveIncomeNetOfTax": "None", "ebit": "1009925000", "ebitda": "1150949000", "netIncome": "569275000"}, {"fiscalDateEnding": "2005-08-31", "reportedCurrency": "USD", "grossProfit": "2792548000", "totalRevenue": "5710882000", "costOfRevenue": "2918334000", "costofGoodsAndServicesSold": "2918334000", "operatingIncome": "975664000", "sellingGeneralAndAdministrative": "1817000000", "researchAndDevelopment": "None", "operatingExpenses": "1816884000", "investmentIncomeNet": "None", "netInterestIncome": "None", "interestIncome": "None", "interestExpense": "102443000", "nonInterestIncome": "None", "otherNonOperatingIncome": "None", "depreciation": "None", "depreciationAndAmortization": "137940000", "incomeBeforeTax": "873224000", "incomeTaxExpense": "302202000", "interestAndDebtExpense": "None", "netIncomeFromContinuingOperations": "None", "comprehensiveIncomeNetOfTax": "None", "ebit": "979735000", "ebitda": "1117675000", "netIncome": "571019000"}], "quarterlyReports": [{"fiscalDateEnding": "2025-02-28", "reportedCurrency": "USD", "grossProfit": "2128401000", "totalRevenue": "3952012000", "costOfRevenue": "1823611000", "costofGoodsAndServicesSold": "1823611000", "operatingIncome": "706767000", "sellingGeneralAndAdministrative": "None", "researchAndDevelopment": "None", "operatingExpenses": "1421634000", "investmentIncomeNet": "None", "netInterestIncome": "-108822000", "interestIncome": "None", "interestExpense": "108822000", "nonInterestIncome": "None", "otherNonOperatingIncome": "None", "depreciation": "None", "depreciationAndAmortization": "133173000", "incomeBeforeTax": "597945000", "incomeTaxExpense": "110022000", "interestAndDebtExpense": "None", "netIncomeFromContinuingOperations": "487923000", "comprehensiveIncomeNetOfTax": "None", "ebit": "706767000", "ebitda": "839940000", "netIncome": "487923000"}, {"fiscalDateEnding": "2024-11-30", "reportedCurrency": "USD", "grossProfit": "2268057000", "totalRevenue": "4279641000", "costOfRevenue": "2011584000", "costofGoodsAndServicesSold": "2011584000", "operatingIncome": "841149000", "sellingGeneralAndAdministrative": "None", "researchAndDevelopment": "None", "operatingExpenses": "1426908000", "investmentIncomeNet": "None", "netInterestIncome": "-107629000", "interestIncome": "None", "interestExpense": "107629000", "nonInterestIncome": "None", "otherNonOperatingIncome": "None", "depreciation": "None", "depreciationAndAmortization": "None", "incomeBeforeTax": "733520000", "incomeTaxExpense": "168587000", "interestAndDebtExpense": "None", "netIncomeFromContinuingOperations": "564933000", "comprehensiveIncomeNetOfTax": "None", "ebit": "None", "ebitda": "841149000", "netIncome": "564933000"}, {"fiscalDateEnding": "2024-08-31", "reportedCurrency": "USD", "grossProfit": "3257862000", "totalRevenue": "6205380000", "costOfRevenue": "2947518000", "costofGoodsAndServicesSold": "2947518000", "operatingIncome": "1296681000", "sellingGeneralAndAdministrative": "None", "researchAndDevelopment": "None", "operatingExpenses": "1961181000", "investmentIncomeNet": "None", "netInterestIncome": "-153152000", "interestIncome": "None", "interestExpense": "153152000", "nonInterestIncome": "None", "otherNonOperatingIncome": "None", "depreciation": "None", "depreciationAndAmortization": "175339000", "incomeBeforeTax": "1143529000", "incomeTaxExpense": "241321000", "interestAndDebtExpense": "None", "netIncomeFromContinuingOperations": "902208000", "comprehensiveIncomeNetOfTax": "None", "ebit": "1296680000", "ebitda": "1472019000", "netIncome": "902208000"}, {"fiscalDateEnding": "2024-05-31", "reportedCurrency": "USD", "grossProfit": "2265521999", "totalRevenue": "4235484999", "costOfRevenue": "1969963000", "costofGoodsAndServicesSold": "1969963000", "operatingIncome": "900181000", "sellingGeneralAndAdministrative": "None", "researchAndDevelopment": "None", "operatingExpenses": "1365341000", "investmentIncomeNet": "None", "netInterestIncome": "-104422000", "interestIncome": "None", "interestExpense": "104422000", "nonInterestIncome": "None", "otherNonOperatingIncome": "None", "depreciation": "None", "depreciationAndAmortization": "129223999", "incomeBeforeTax": "795759000", "incomeTaxExpense": "144033000", "interestAndDebtExpense": "None", "netIncomeFromContinuingOperations": "651726000", "comprehensiveIncomeNetOfTax": "None", "ebit": "900181001", "ebitda": "1029405000", "netIncome": "651726000"}, {"fiscalDateEnding": "2024-02-29", "reportedCurrency": "USD", "grossProfit": "2079652000", "totalRevenue": "3859126000", "costOfRevenue": "1779474000", "costofGoodsAndServicesSold": "1779474000", "operatingIncome": "743242000", "sellingGeneralAndAdministrative": "None", "researchAndDevelopment": "None", "operatingExpenses": "1336410000", "investmentIncomeNet": "None", "netInterestIncome": "-102619000", "interestIncome": "None", "interestExpense": "102619000", "nonInterestIncome": "None", "otherNonOperatingIncome": "None", "depreciation": "None", "depreciationAndAmortization": "124968000", "incomeBeforeTax": "640623000", "incomeTaxExpense": "125593000", "interestAndDebtExpense": "None", "netIncomeFromContinuingOperations": "515030000", "comprehensiveIncomeNetOfTax": "None", "ebit": "743242000", "ebitda": "868210000", "netIncome": "515030000"}, {"fiscalDateEnding": "2023-11-30", "reportedCurrency": "USD", "grossProfit": "2214016000", "totalRevenue": "4190277000", "costOfRevenue": "1976261000", "costofGoodsAndServicesSold": "1976261000", "operatingIncome": "848604000", "sellingGeneralAndAdministrative": "None", "researchAndDevelopment": "None", "operatingExpenses": "1365412000", "investmentIncomeNet": "None", "netInterestIncome": "-91384000", "interestIncome": "None", "interestExpense": "91384000", "nonInterestIncome": "None", "otherNonOperatingIncome": "None", "depreciation": "None", "depreciationAndAmortization": "120224000", "incomeBeforeTax": "757220000", "incomeTaxExpense": "163757000", "interestAndDebtExpense": "None", "netIncomeFromContinuingOperations": "593463000", "comprehensiveIncomeNetOfTax": "None", "ebit": "848604000", "ebitda": "968828000", "netIncome": "593463000"}, {"fiscalDateEnding": "2023-08-31", "reportedCurrency": "USD", "grossProfit": "2999671000", "totalRevenue": "5690618000", "costOfRevenue": "2690947000", "costofGoodsAndServicesSold": "2690947000", "operatingIncome": "1222496000", "sellingGeneralAndAdministrative": "1777175000", "researchAndDevelopment": "None", "operatingExpenses": "1777175000", "investmentIncomeNet": "None", "netInterestIncome": "-108727000", "interestIncome": "108727000", "interestExpense": "108727000", "nonInterestIncome": "None", "otherNonOperatingIncome": "None", "depreciation": "None", "depreciationAndAmortization": "158490000", "incomeBeforeTax": "1113769000", "incomeTaxExpense": "248928000", "interestAndDebtExpense": "None", "netIncomeFromContinuingOperations": "864841000", "comprehensiveIncomeNetOfTax": "None", "ebit": "1222496000", "ebitda": "1380986000", "netIncome": "864841000"}, {"fiscalDateEnding": "2023-05-31", "reportedCurrency": "USD", "grossProfit": "2146126000", "totalRevenue": "4090541000", "costOfRevenue": "1944415000", "costofGoodsAndServicesSold": "1944415000", "operatingIncome": "858481000", "sellingGeneralAndAdministrative": "1287645000", "researchAndDevelopment": "None", "operatingExpenses": "1287645000", "investmentIncomeNet": "None", "netInterestIncome": "-74313000", "interestIncome": "74313000", "interestExpense": "74313000", "nonInterestIncome": "None", "otherNonOperatingIncome": "None", "depreciation": "None", "depreciationAndAmortization": "116123000", "incomeBeforeTax": "784168000", "incomeTaxExpense": "136445000", "interestAndDebtExpense": "None", "netIncomeFromContinuingOperations": "647723000", "comprehensiveIncomeNetOfTax": "None", "ebit": "858481000", "ebitda": "974604000", "netIncome": "647723000"}, {"fiscalDateEnding": "2023-02-28", "reportedCurrency": "USD", "grossProfit": "1930003000", "totalRevenue": "3690982000", "costOfRevenue": "1760979000", "costofGoodsAndServicesSold": "1760979000", "operatingIncome": "669977000", "sellingGeneralAndAdministrative": "1260026000", "researchAndDevelopment": "None", "operatingExpenses": "1260026000", "investmentIncomeNet": "None", "netInterestIncome": "-65609000", "interestIncome": "65609000", "interestExpense": "65609000", "nonInterestIncome": "None", "otherNonOperatingIncome": "None", "depreciation": "None", "depreciationAndAmortization": "113711000", "incomeBeforeTax": "604368000", "incomeTaxExpense": "127824000", "interestAndDebtExpense": "None", "netIncomeFromContinuingOperations": "476544000", "comprehensiveIncomeNetOfTax": "None", "ebit": "669977000", "ebitda": "783688000", "netIncome": "476544000"}, {"fiscalDateEnding": "2022-11-30", "reportedCurrency": "USD", "grossProfit": "1994622000", "totalRevenue": "3985067000", "costOfRevenue": "1990445000", "costofGoodsAndServicesSold": "1990445000", "operatingIncome": "723033000", "sellingGeneralAndAdministrative": "1271589000", "researchAndDevelopment": "None", "operatingExpenses": "1271589000", "investmentIncomeNet": "None", "netInterestIncome": "-57723000", "interestIncome": "57723000", "interestExpense": "57723000", "nonInterestIncome": "None", "otherNonOperatingIncome": "None", "depreciation": "None", "depreciationAndAmortization": "109253000", "incomeBeforeTax": "665310000", "incomeTaxExpense": "125992000", "interestAndDebtExpense": "None", "netIncomeFromContinuingOperations": "539318000", "comprehensiveIncomeNetOfTax": "None", "ebit": "723033000", "ebitda": "832286000", "netIncome": "539318000"}, {"fiscalDateEnding": "2022-08-31", "reportedCurrency": "USD", "grossProfit": "2755850000", "totalRevenue": "5348355000", "costOfRevenue": "2592505000", "costofGoodsAndServicesSold": "2592505000", "operatingIncome": "1103814000", "sellingGeneralAndAdministrative": "1652036000", "researchAndDevelopment": "None", "operatingExpenses": "1652036000", "investmentIncomeNet": "None", "netInterestIncome": "-63995000", "interestIncome": "63995000", "interestExpense": "63996000", "nonInterestIncome": "None", "otherNonOperatingIncome": "None", "depreciation": "None", "depreciationAndAmortization": "140858000", "incomeBeforeTax": "1039819000", "incomeTaxExpense": "229777000", "interestAndDebtExpense": "None", "netIncomeFromContinuingOperations": "810042000", "comprehensiveIncomeNetOfTax": "None", "ebit": "1103814000", "ebitda": "1244672000", "netIncome": "810042000"}, {"fiscalDateEnding": "2022-05-31", "reportedCurrency": "USD", "grossProfit": "2006414000", "totalRevenue": "3865222000", "costOfRevenue": "1858808000", "costofGoodsAndServicesSold": "1858808000", "operatingIncome": "785670000", "sellingGeneralAndAdministrative": "1220744000", "researchAndDevelopment": "None", "operatingExpenses": "1220744000", "investmentIncomeNet": "None", "netInterestIncome": "-41888000", "interestIncome": "41888000", "interestExpense": "41888000", "nonInterestIncome": "None", "otherNonOperatingIncome": "None", "depreciation": "None", "depreciationAndAmortization": "102083000", "incomeBeforeTax": "743782000", "incomeTaxExpense": "151211000", "interestAndDebtExpense": "None", "netIncomeFromContinuingOperations": "592571000", "comprehensiveIncomeNetOfTax": "None", "ebit": "785670000", "ebitda": "887753000", "netIncome": "592571000"}, {"fiscalDateEnding": "2022-02-28", "reportedCurrency": "USD", "grossProfit": "1785226000", "totalRevenue": "3369750000", "costOfRevenue": "1584524000", "costofGoodsAndServicesSold": "1584524000", "operatingIncome": "626760000", "sellingGeneralAndAdministrative": "1158466000", "researchAndDevelopment": "None", "operatingExpenses": "1158466000", "investmentIncomeNet": "None", "netInterestIncome": "-42471000", "interestIncome": "42471000", "interestExpense": "42471000", "nonInterestIncome": "None", "otherNonOperatingIncome": "None", "depreciation": "None", "depreciationAndAmortization": "99692000", "incomeBeforeTax": "584289000", "incomeTaxExpense": "112534000", "interestAndDebtExpense": "None", "netIncomeFromContinuingOperations": "471755000", "comprehensiveIncomeNetOfTax": "None", "ebit": "626760000", "ebitda": "726452000", "netIncome": "471755000"}, {"fiscalDateEnding": "2021-11-30", "reportedCurrency": "USD", "grossProfit": "1925160000", "totalRevenue": "3668904000", "costOfRevenue": "1743744000", "costofGoodsAndServicesSold": "1743744000", "operatingIncome": "754485000", "sellingGeneralAndAdministrative": "1170675000", "researchAndDevelopment": "None", "operatingExpenses": "1170675000", "investmentIncomeNet": "None", "netInterestIncome": "-43284000", "interestIncome": "43284000", "interestExpense": "43284000", "nonInterestIncome": "None", "otherNonOperatingIncome": "None", "depreciation": "None", "depreciationAndAmortization": "99590000", "incomeBeforeTax": "711201000", "incomeTaxExpense": "155966000", "interestAndDebtExpense": "None", "netIncomeFromContinuingOperations": "555235000", "comprehensiveIncomeNetOfTax": "None", "ebit": "754485000", "ebitda": "854075000", "netIncome": "555235000"}, {"fiscalDateEnding": "2021-08-31", "reportedCurrency": "USD", "grossProfit": "2567838000", "totalRevenue": "4913484000", "costOfRevenue": "2345646000", "costofGoodsAndServicesSold": "2345646000", "operatingIncome": "1044030000", "sellingGeneralAndAdministrative": "1523808000", "researchAndDevelopment": "None", "operatingExpenses": "1523808000", "investmentIncomeNet": "None", "netInterestIncome": "-58119000", "interestIncome": "58119000", "interestExpense": "58120000", "nonInterestIncome": "None", "otherNonOperatingIncome": "None", "depreciation": "None", "depreciationAndAmortization": "129639000", "incomeBeforeTax": "985911000", "incomeTaxExpense": "200140000", "interestAndDebtExpense": "None", "netIncomeFromContinuingOperations": "785771000", "comprehensiveIncomeNetOfTax": "None", "ebit": "1041030000", "ebitda": "1170669000", "netIncome": "785771000"}, {"fiscalDateEnding": "2021-05-31", "reportedCurrency": "USD", "grossProfit": "1914946000", "totalRevenue": "3651023000", "costOfRevenue": "1736077000", "costofGoodsAndServicesSold": "1736077000", "operatingIncome": "803505000", "sellingGeneralAndAdministrative": "1111441000", "researchAndDevelopment": "None", "operatingExpenses": "1111441000", "investmentIncomeNet": "None", "netInterestIncome": "-45026000", "interestIncome": "45026000", "interestExpense": "45026000", "nonInterestIncome": "None", "otherNonOperatingIncome": "None", "depreciation": "None", "depreciationAndAmortization": "94017000", "incomeBeforeTax": "758479000", "incomeTaxExpense": "162315000", "interestAndDebtExpense": "None", "netIncomeFromContinuingOperations": "596164000", "comprehensiveIncomeNetOfTax": "None", "ebit": "803505000", "ebitda": "897522000", "netIncome": "596164000"}, {"fiscalDateEnding": "2021-02-28", "reportedCurrency": "USD", "grossProfit": "1559383000", "totalRevenue": "2910818000", "costOfRevenue": "1351435000", "costofGoodsAndServicesSold": "1351435000", "operatingIncome": "481767000", "sellingGeneralAndAdministrative": "1077616000", "researchAndDevelopment": "None", "operatingExpenses": "1077616000", "investmentIncomeNet": "None", "netInterestIncome": "-46012000", "interestIncome": "46012000", "interestExpense": "46012000", "nonInterestIncome": "None", "otherNonOperatingIncome": "None", "depreciation": "None", "depreciationAndAmortization": "94476000", "incomeBeforeTax": "435755000", "incomeTaxExpense": "89809000", "interestAndDebtExpense": "None", "netIncomeFromContinuingOperations": "345946000", "comprehensiveIncomeNetOfTax": "None", "ebit": "481767000", "ebitda": "576243000", "netIncome": "345946000"}, {"fiscalDateEnding": "2020-11-30", "reportedCurrency": "USD", "grossProfit": "1675617000", "totalRevenue": "3154261000", "costOfRevenue": "1478644000", "costofGoodsAndServicesSold": "1478644000", "operatingIncome": "615225000", "sellingGeneralAndAdministrative": "1060392000", "researchAndDevelopment": "None", "operatingExpenses": "1060392000", "investmentIncomeNet": "None", "netInterestIncome": "-46179000", "interestIncome": "46179000", "interestExpense": "46179000", "nonInterestIncome": "None", "otherNonOperatingIncome": "None", "depreciation": "None", "depreciationAndAmortization": "89551000", "incomeBeforeTax": "569046000", "incomeTaxExpense": "126613000", "interestAndDebtExpense": "None", "netIncomeFromContinuingOperations": "442433000", "comprehensiveIncomeNetOfTax": "None", "ebit": "615225000", "ebitda": "704776000", "netIncome": "442433000"}, {"fiscalDateEnding": "2020-08-31", "reportedCurrency": "USD", "grossProfit": "2412975000", "totalRevenue": "4545968000", "costOfRevenue": "2132993000", "costofGoodsAndServicesSold": "2132993000", "operatingIncome": "952407000", "sellingGeneralAndAdministrative": "1394930000", "researchAndDevelopment": "None", "operatingExpenses": "1394930000", "investmentIncomeNet": "None", "netInterestIncome": "-65638000", "interestIncome": "65637000", "interestExpense": "65638000", "nonInterestIncome": "None", "otherNonOperatingIncome": "None", "depreciation": "None", "depreciationAndAmortization": "125351000", "incomeBeforeTax": "952407000", "incomeTaxExpense": "211950000", "interestAndDebtExpense": "None", "netIncomeFromContinuingOperations": "740456000", "comprehensiveIncomeNetOfTax": "None", "ebit": "1016945000", "ebitda": "1142296000", "netIncome": "740457000"}, {"fiscalDateEnding": "2020-05-31", "reportedCurrency": "USD", "grossProfit": "1490648000", "totalRevenue": "2779299000", "costOfRevenue": "1288651000", "costofGoodsAndServicesSold": "1288651000", "operatingIncome": "491673000", "sellingGeneralAndAdministrative": "998975000", "researchAndDevelopment": "None", "operatingExpenses": "998975000", "investmentIncomeNet": "None", "netInterestIncome": "-47450000", "interestIncome": "47450000", "interestExpense": "47450000", "nonInterestIncome": "None", "otherNonOperatingIncome": "None", "depreciation": "None", "depreciationAndAmortization": "91695000", "incomeBeforeTax": "444223000", "incomeTaxExpense": "101327000", "interestAndDebtExpense": "None", "netIncomeFromContinuingOperations": "342896000", "comprehensiveIncomeNetOfTax": "None", "ebit": "491673000", "ebitda": "583368000", "netIncome": "342896000"}, {"fiscalDateEnding": "2020-02-29", "reportedCurrency": "USD", "grossProfit": "1366063000", "totalRevenue": "2513663000", "costOfRevenue": "1147600000", "costofGoodsAndServicesSold": "1147600000", "operatingIncome": "363603000", "sellingGeneralAndAdministrative": "958125000", "researchAndDevelopment": "None", "operatingExpenses": "958125000", "investmentIncomeNet": "None", "netInterestIncome": "-44335000", "interestIncome": "44335000", "interestExpense": "44335000", "nonInterestIncome": "None", "otherNonOperatingIncome": "None", "depreciation": "None", "depreciationAndAmortization": "90670000", "incomeBeforeTax": "363603000", "incomeTaxExpense": "64321000", "interestAndDebtExpense": "None", "netIncomeFromContinuingOperations": "299282000", "comprehensiveIncomeNetOfTax": "None", "ebit": "407938000", "ebitda": "498608000", "netIncome": "299282000"}, {"fiscalDateEnding": "2019-11-30", "reportedCurrency": "USD", "grossProfit": "1501068000", "totalRevenue": "2793038000", "costOfRevenue": "1291970000", "costofGoodsAndServicesSold": "1291970000", "operatingIncome": "500023000", "sellingGeneralAndAdministrative": "1001045000", "researchAndDevelopment": "None", "operatingExpenses": "1001045000", "investmentIncomeNet": "None", "netInterestIncome": "-43743000", "interestIncome": "43743000", "interestExpense": "43743000", "nonInterestIncome": "None", "otherNonOperatingIncome": "None", "depreciation": "None", "depreciationAndAmortization": "89750000", "incomeBeforeTax": "456280000", "incomeTaxExpense": "105942000", "interestAndDebtExpense": "None", "netIncomeFromContinuingOperations": "350338000", "comprehensiveIncomeNetOfTax": "None", "ebit": "500023000", "ebitda": "589773000", "netIncome": "350338000"}, {"fiscalDateEnding": "2019-08-31", "reportedCurrency": "USD", "grossProfit": "2002142000", "totalRevenue": "3749818000", "costOfRevenue": "1747676000", "costofGoodsAndServicesSold": "1747676000", "operatingIncome": "725009000", "sellingGeneralAndAdministrative": "1349625000", "researchAndDevelopment": "None", "operatingExpenses": "1277133000", "investmentIncomeNet": "None", "netInterestIncome": "-61196000", "interestIncome": "61196000", "interestExpense": "57597000", "nonInterestIncome": "None", "otherNonOperatingIncome": "None", "depreciation": "None", "depreciationAndAmortization": "118839000", "incomeBeforeTax": "667412000", "incomeTaxExpense": "143161000", "interestAndDebtExpense": "None", "netIncomeFromContinuingOperations": "565228000", "comprehensiveIncomeNetOfTax": "None", "ebit": "773975000", "ebitda": "892814000", "netIncome": "524251000"}, {"fiscalDateEnding": "2019-05-31", "reportedCurrency": "USD", "grossProfit": "1492020000", "totalRevenue": "2783006000", "costOfRevenue": "1290986000", "costofGoodsAndServicesSold": "1290986000", "operatingIncome": "547523000", "sellingGeneralAndAdministrative": "859609000", "researchAndDevelopment": "None", "operatingExpenses": "944497000", "investmentIncomeNet": "None", "netInterestIncome": "-43239000", "interestIncome": "43239000", "interestExpense": "43239000", "nonInterestIncome": "None", "otherNonOperatingIncome": "None", "depreciation": "None", "depreciationAndAmortization": "84888000", "incomeBeforeTax": "504284000", "incomeTaxExpense": "98335000", "interestAndDebtExpense": "None", "netIncomeFromContinuingOperations": "405949000", "comprehensiveIncomeNetOfTax": "None", "ebit": "547523000", "ebitda": "632411000", "netIncome": "405949000"}, {"fiscalDateEnding": "2019-02-28", "reportedCurrency": "USD", "grossProfit": "1325107000", "totalRevenue": "2450568000", "costOfRevenue": "1125461000", "costofGoodsAndServicesSold": "1125461000", "operatingIncome": "400020000", "sellingGeneralAndAdministrative": "841309000", "researchAndDevelopment": "None", "operatingExpenses": "925087000", "investmentIncomeNet": "None", "netInterestIncome": "None", "interestIncome": "None", "interestExpense": "41362000", "nonInterestIncome": "None", "otherNonOperatingIncome": "None", "depreciation": "None", "depreciationAndAmortization": "83778000", "incomeBeforeTax": "358658000", "incomeTaxExpense": "64020000", "interestAndDebtExpense": "None", "netIncomeFromContinuingOperations": "294638000", "comprehensiveIncomeNetOfTax": "None", "ebit": "400020000", "ebitda": "483798000", "netIncome": "294638000"}, {"fiscalDateEnding": "2018-11-30", "reportedCurrency": "USD", "grossProfit": "1417474000", "totalRevenue": "2641733000", "costOfRevenue": "1224259000", "costofGoodsAndServicesSold": "1224259000", "operatingIncome": "487818000", "sellingGeneralAndAdministrative": "847204000", "researchAndDevelopment": "0", "operatingExpenses": "929656000", "investmentIncomeNet": "None", "netInterestIncome": "None", "interestIncome": "None", "interestExpense": "39006000", "nonInterestIncome": "None", "otherNonOperatingIncome": "None", "depreciation": "None", "depreciationAndAmortization": "82452000", "incomeBeforeTax": "448812000", "incomeTaxExpense": "97406000", "interestAndDebtExpense": "None", "netIncomeFromContinuingOperations": "351406000", "comprehensiveIncomeNetOfTax": "None", "ebit": "487818000", "ebitda": "570270000", "netIncome": "351406000"}, {"fiscalDateEnding": "2018-08-31", "reportedCurrency": "USD", "grossProfit": "1907879000", "totalRevenue": "3558769000", "costOfRevenue": "1650890000", "costofGoodsAndServicesSold": "1650890000", "operatingIncome": "591239000", "sellingGeneralAndAdministrative": "1208600000", "researchAndDevelopment": "0", "operatingExpenses": "1316640000", "investmentIncomeNet": "None", "netInterestIncome": "None", "interestIncome": "None", "interestExpense": "54341000", "nonInterestIncome": "None", "otherNonOperatingIncome": "None", "depreciation": "None", "depreciationAndAmortization": "107993000", "incomeBeforeTax": "536899000", "incomeTaxExpense": "136617000", "interestAndDebtExpense": "None", "netIncomeFromContinuingOperations": "400282000", "comprehensiveIncomeNetOfTax": "None", "ebit": "721539000", "ebitda": "829532000", "netIncome": "400282000"}, {"fiscalDateEnding": "2018-05-31", "reportedCurrency": "USD", "grossProfit": "1422974000", "totalRevenue": "2660152000", "costOfRevenue": "1237178000", "costofGoodsAndServicesSold": "1237178000", "operatingIncome": "545765000", "sellingGeneralAndAdministrative": "797500000", "researchAndDevelopment": "0", "operatingExpenses": "877209000", "investmentIncomeNet": "None", "netInterestIncome": "None", "interestIncome": "None", "interestExpense": "41958000", "nonInterestIncome": "None", "otherNonOperatingIncome": "None", "depreciation": "None", "depreciationAndAmortization": "79754000", "incomeBeforeTax": "503807000", "incomeTaxExpense": "137086000", "interestAndDebtExpense": "None", "netIncomeFromContinuingOperations": "366721000", "comprehensiveIncomeNetOfTax": "None", "ebit": "545765000", "ebitda": "625519000", "netIncome": "366721000"}, {"fiscalDateEnding": "2018-02-28", "reportedCurrency": "USD", "grossProfit": "1277046000", "totalRevenue": "2413026000", "costOfRevenue": "1135980000", "costofGoodsAndServicesSold": "1135980000", "operatingIncome": "205098000", "sellingGeneralAndAdministrative": "992600000", "researchAndDevelopment": "0", "operatingExpenses": "1071948000", "investmentIncomeNet": "None", "netInterestIncome": "None", "interestIncome": "None", "interestExpense": "39340000", "nonInterestIncome": "None", "otherNonOperatingIncome": "None", "depreciation": "None", "depreciationAndAmortization": "79351000", "incomeBeforeTax": "165758000", "incomeTaxExpense": "-123772000", "interestAndDebtExpense": "None", "netIncomeFromContinuingOperations": "289530000", "comprehensiveIncomeNetOfTax": "None", "ebit": "205098000", "ebitda": "284449000", "netIncome": "289530000"}, {"fiscalDateEnding": "2017-11-30", "reportedCurrency": "USD", "grossProfit": "1365848000", "totalRevenue": "2589131000", "costOfRevenue": "1223283000", "costofGoodsAndServicesSold": "1223283000", "operatingIncome": "468754000", "sellingGeneralAndAdministrative": "819100000", "researchAndDevelopment": "0", "operatingExpenses": "897094000", "investmentIncomeNet": "None", "netInterestIncome": "None", "interestIncome": "None", "interestExpense": "38889000", "nonInterestIncome": "None", "otherNonOperatingIncome": "None", "depreciation": "None", "depreciationAndAmortization": "77986000", "incomeBeforeTax": "429865000", "incomeTaxExpense": "148862000", "interestAndDebtExpense": "None", "netIncomeFromContinuingOperations": "281003000", "comprehensiveIncomeNetOfTax": "None", "ebit": "468754000", "ebitda": "546740000", "netIncome": "281003000"}, {"fiscalDateEnding": "2017-08-31", "reportedCurrency": "USD", "grossProfit": "1854125000", "totalRevenue": "3512605000", "costOfRevenue": "1658480000", "costofGoodsAndServicesSold": "1658480000", "operatingIncome": "707628000", "sellingGeneralAndAdministrative": "1043400000", "researchAndDevelopment": "0", "operatingExpenses": "1146497000", "investmentIncomeNet": "None", "netInterestIncome": "None", "interestIncome": "None", "interestExpense": "51401000", "nonInterestIncome": "None", "otherNonOperatingIncome": "None", "depreciation": "None", "depreciationAndAmortization": "103063000", "incomeBeforeTax": "656227000", "incomeTaxExpense": "222328000", "interestAndDebtExpense": "None", "netIncomeFromContinuingOperations": "433899000", "comprehensiveIncomeNetOfTax": "None", "ebit": "707628000", "ebitda": "810691000", "netIncome": "433899000"}, {"fiscalDateEnding": "2017-05-31", "reportedCurrency": "USD", "grossProfit": "1378418000", "totalRevenue": "2619007000", "costOfRevenue": "1240589000", "costofGoodsAndServicesSold": "1240589000", "operatingIncome": "529570000", "sellingGeneralAndAdministrative": "773500000", "researchAndDevelopment": "0", "operatingExpenses": "848848000", "investmentIncomeNet": "None", "netInterestIncome": "None", "interestIncome": "None", "interestExpense": "35675000", "nonInterestIncome": "None", "otherNonOperatingIncome": "None", "depreciation": "None", "depreciationAndAmortization": "75343000", "incomeBeforeTax": "493895000", "incomeTaxExpense": "162195000", "interestAndDebtExpense": "None", "netIncomeFromContinuingOperations": "331700000", "comprehensiveIncomeNetOfTax": "None", "ebit": "529570000", "ebitda": "604913000", "netIncome": "331700000"}, {"fiscalDateEnding": "2017-02-28", "reportedCurrency": "USD", "grossProfit": "1205536000", "totalRevenue": "2289219000", "costOfRevenue": "1083683000", "costofGoodsAndServicesSold": "1083683000", "operatingIncome": "383969000", "sellingGeneralAndAdministrative": "748700000", "researchAndDevelopment": "0", "operatingExpenses": "821567000", "investmentIncomeNet": "None", "netInterestIncome": "None", "interestIncome": "None", "interestExpense": "34198000", "nonInterestIncome": "None", "otherNonOperatingIncome": "None", "depreciation": "None", "depreciationAndAmortization": "72833000", "incomeBeforeTax": "349771000", "incomeTaxExpense": "112626000", "interestAndDebtExpense": "None", "netIncomeFromContinuingOperations": "237145000", "comprehensiveIncomeNetOfTax": "None", "ebit": "383969000", "ebitda": "456802000", "netIncome": "237145000"}, {"fiscalDateEnding": "2016-11-30", "reportedCurrency": "USD", "grossProfit": "1301542000", "totalRevenue": "2467845000", "costOfRevenue": "1166303000", "costofGoodsAndServicesSold": "1166303000", "operatingIncome": "458902000", "sellingGeneralAndAdministrative": "770800000", "researchAndDevelopment": "0", "operatingExpenses": "842640000", "investmentIncomeNet": "None", "netInterestIncome": "None", "interestIncome": "None", "interestExpense": "33306000", "nonInterestIncome": "None", "otherNonOperatingIncome": "None", "depreciation": "None", "depreciationAndAmortization": "71812000", "incomeBeforeTax": "425596000", "incomeTaxExpense": "147471000", "interestAndDebtExpense": "None", "netIncomeFromContinuingOperations": "278125000", "comprehensiveIncomeNetOfTax": "None", "ebit": "458902000", "ebitda": "530714000", "netIncome": "278125000"}, {"fiscalDateEnding": "2016-08-31", "reportedCurrency": "USD", "grossProfit": "1794748000", "totalRevenue": "3398769000", "costOfRevenue": "1604021000", "costofGoodsAndServicesSold": "1604021000", "operatingIncome": "657577000", "sellingGeneralAndAdministrative": "997500000", "researchAndDevelopment": "0", "operatingExpenses": "1091382000", "investmentIncomeNet": "None", "netInterestIncome": "None", "interestIncome": "None", "interestExpense": "45789000", "nonInterestIncome": "None", "otherNonOperatingIncome": "None", "depreciation": "None", "depreciationAndAmortization": "93932000", "incomeBeforeTax": "657577000", "incomeTaxExpense": "230809000", "interestAndDebtExpense": "None", "netIncomeFromContinuingOperations": "426767000", "comprehensiveIncomeNetOfTax": "None", "ebit": "703366000", "ebitda": "797298000", "netIncome": "426768000"}, {"fiscalDateEnding": "2016-05-31", "reportedCurrency": "USD", "grossProfit": "1370458000", "totalRevenue": "2593672000", "costOfRevenue": "1223214000", "costofGoodsAndServicesSold": "1223214000", "operatingIncome": "536374000", "sellingGeneralAndAdministrative": "765700000", "researchAndDevelopment": "0", "operatingExpenses": "834084000", "investmentIncomeNet": "None", "netInterestIncome": "None", "interestIncome": "None", "interestExpense": "34051000", "nonInterestIncome": "None", "otherNonOperatingIncome": "None", "depreciation": "None", "depreciationAndAmortization": "-68529000", "incomeBeforeTax": "502323000", "incomeTaxExpense": "174808000", "interestAndDebtExpense": "None", "netIncomeFromContinuingOperations": "327515000", "comprehensiveIncomeNetOfTax": "None", "ebit": "604903000", "ebitda": "536374000", "netIncome": "327515000"}, {"fiscalDateEnding": "2016-02-29", "reportedCurrency": "USD", "grossProfit": "1190596000", "totalRevenue": "2257192000", "costOfRevenue": "1066596000", "costofGoodsAndServicesSold": "1066596000", "operatingIncome": "382660000", "sellingGeneralAndAdministrative": "739300000", "researchAndDevelopment": "0", "operatingExpenses": "807936000", "investmentIncomeNet": "None", "netInterestIncome": "None", "interestIncome": "None", "interestExpense": "32832000", "nonInterestIncome": "None", "otherNonOperatingIncome": "None", "depreciation": "None", "depreciationAndAmortization": "68653000", "incomeBeforeTax": "349828000", "incomeTaxExpense": "121215000", "interestAndDebtExpense": "None", "netIncomeFromContinuingOperations": "228613000", "comprehensiveIncomeNetOfTax": "None", "ebit": "382660000", "ebitda": "451313000", "netIncome": "228613000"}, {"fiscalDateEnding": "2015-11-30", "reportedCurrency": "USD", "grossProfit": "1252934000", "totalRevenue": "2386043000", "costOfRevenue": "1133109000", "costofGoodsAndServicesSold": "1133109000", "operatingIncome": "437995000", "sellingGeneralAndAdministrative": "748700000", "researchAndDevelopment": "0", "operatingExpenses": "814939000", "investmentIncomeNet": "None", "netInterestIncome": "None", "interestIncome": "None", "interestExpense": "35010000", "nonInterestIncome": "None", "otherNonOperatingIncome": "None", "depreciation": "None", "depreciationAndAmortization": "66283000", "incomeBeforeTax": "402985000", "incomeTaxExpense": "144873000", "interestAndDebtExpense": "None", "netIncomeFromContinuingOperations": "258112000", "comprehensiveIncomeNetOfTax": "None", "ebit": "437995000", "ebitda": "504278000", "netIncome": "258112000"}, {"fiscalDateEnding": "2015-08-31", "reportedCurrency": "USD", "grossProfit": "1727548000", "totalRevenue": "3290404000", "costOfRevenue": "1562856000", "costofGoodsAndServicesSold": "1562856000", "operatingIncome": "622207000", "sellingGeneralAndAdministrative": "1058300000", "researchAndDevelopment": "0", "operatingExpenses": "1058276000", "investmentIncomeNet": "None", "netInterestIncome": "None", "interestIncome": "None", "interestExpense": "47065000", "nonInterestIncome": "None", "otherNonOperatingIncome": "None", "depreciation": "None", "depreciationAndAmortization": "86708000", "incomeBeforeTax": "622207000", "incomeTaxExpense": "221070000", "interestAndDebtExpense": "None", "netIncomeFromContinuingOperations": "401137000", "comprehensiveIncomeNetOfTax": "None", "ebit": "669272000", "ebitda": "755980000", "netIncome": "401137000"}, {"fiscalDateEnding": "2015-05-31", "reportedCurrency": "USD", "grossProfit": "1302789000", "totalRevenue": "2493021000", "costOfRevenue": "1190232000", "costofGoodsAndServicesSold": "1190232000", "operatingIncome": "513949000", "sellingGeneralAndAdministrative": "788800000", "researchAndDevelopment": "0", "operatingExpenses": "788840000", "investmentIncomeNet": "None", "netInterestIncome": "None", "interestIncome": "None", "interestExpense": "31779000", "nonInterestIncome": "None", "otherNonOperatingIncome": "None", "depreciation": "None", "depreciationAndAmortization": "62299000", "incomeBeforeTax": "482170000", "incomeTaxExpense": "173099000", "interestAndDebtExpense": "None", "netIncomeFromContinuingOperations": "309071000", "comprehensiveIncomeNetOfTax": "None", "ebit": "513949000", "ebitda": "576248000", "netIncome": "309071000"}, {"fiscalDateEnding": "2015-02-28", "reportedCurrency": "USD", "grossProfit": "1120033000", "totalRevenue": "2143651000", "costOfRevenue": "1023618000", "costofGoodsAndServicesSold": "1023618000", "operatingIncome": "361269000", "sellingGeneralAndAdministrative": "758800000", "researchAndDevelopment": "0", "operatingExpenses": "758764000", "investmentIncomeNet": "None", "netInterestIncome": "None", "interestIncome": "None", "interestExpense": "34536000", "nonInterestIncome": "None", "otherNonOperatingIncome": "None", "depreciation": "None", "depreciationAndAmortization": "59867000", "incomeBeforeTax": "326733000", "incomeTaxExpense": "115010000", "interestAndDebtExpense": "None", "netIncomeFromContinuingOperations": "211723000", "comprehensiveIncomeNetOfTax": "None", "ebit": "361269000", "ebitda": "421136000", "netIncome": "211723000"}, {"fiscalDateEnding": "2014-11-30", "reportedCurrency": "USD", "grossProfit": "1176661000", "totalRevenue": "2260264000", "costOfRevenue": "1083603000", "costofGoodsAndServicesSold": "1083603000", "operatingIncome": "408562000", "sellingGeneralAndAdministrative": "768100000", "researchAndDevelopment": "0", "operatingExpenses": "768099000", "investmentIncomeNet": "None", "netInterestIncome": "None", "interestIncome": "None", "interestExpense": "37060000", "nonInterestIncome": "None", "otherNonOperatingIncome": "None", "depreciation": "None", "depreciationAndAmortization": "61045000", "incomeBeforeTax": "371502000", "incomeTaxExpense": "133192000", "interestAndDebtExpense": "None", "netIncomeFromContinuingOperations": "238310000", "comprehensiveIncomeNetOfTax": "None", "ebit": "408562000", "ebitda": "469607000", "netIncome": "238310000"}, {"fiscalDateEnding": "2014-08-31", "reportedCurrency": "USD", "grossProfit": "1595216000", "totalRevenue": "3049696000", "costOfRevenue": "1454480000", "costofGoodsAndServicesSold": "1454480000", "operatingIncome": "630201000", "sellingGeneralAndAdministrative": "965000000", "researchAndDevelopment": "0", "operatingExpenses": "965015000", "investmentIncomeNet": "None", "netInterestIncome": "None", "interestIncome": "None", "interestExpense": "49426000", "nonInterestIncome": "None", "otherNonOperatingIncome": "None", "depreciation": "None", "depreciationAndAmortization": "78981000", "incomeBeforeTax": "580775000", "incomeTaxExpense": "207104000", "interestAndDebtExpense": "None", "netIncomeFromContinuingOperations": "373670000", "comprehensiveIncomeNetOfTax": "None", "ebit": "630201000", "ebitda": "709182000", "netIncome": "373671000"}, {"fiscalDateEnding": "2014-05-31", "reportedCurrency": "USD", "grossProfit": "1216958000", "totalRevenue": "2341545000", "costOfRevenue": "1124587000", "costofGoodsAndServicesSold": "1124587000", "operatingIncome": "478952000", "sellingGeneralAndAdministrative": "738000000", "researchAndDevelopment": "0", "operatingExpenses": "738006000", "investmentIncomeNet": "None", "netInterestIncome": "None", "interestIncome": "None", "interestExpense": "36162000", "nonInterestIncome": "None", "otherNonOperatingIncome": "None", "depreciation": "None", "depreciationAndAmortization": "58132000", "incomeBeforeTax": "442790000", "incomeTaxExpense": "157633000", "interestAndDebtExpense": "None", "netIncomeFromContinuingOperations": "285157000", "comprehensiveIncomeNetOfTax": "None", "ebit": "478952000", "ebitda": "537084000", "netIncome": "285157000"}, {"fiscalDateEnding": "2014-02-28", "reportedCurrency": "USD", "grossProfit": "1037035000", "totalRevenue": "1990494000", "costOfRevenue": "953459000", "costofGoodsAndServicesSold": "953459000", "operatingIncome": "337344000", "sellingGeneralAndAdministrative": "699700000", "researchAndDevelopment": "0", "operatingExpenses": "699691000", "investmentIncomeNet": "None", "netInterestIncome": "None", "interestIncome": "None", "interestExpense": "39490000", "nonInterestIncome": "None", "otherNonOperatingIncome": "None", "depreciation": "None", "depreciationAndAmortization": "58382000", "incomeBeforeTax": "297854000", "incomeTaxExpense": "105024000", "interestAndDebtExpense": "None", "netIncomeFromContinuingOperations": "192830000", "comprehensiveIncomeNetOfTax": "None", "ebit": "337344000", "ebitda": "395726000", "netIncome": "192830000"}, {"fiscalDateEnding": "2013-11-30", "reportedCurrency": "USD", "grossProfit": "1085697000", "totalRevenue": "2093578000", "costOfRevenue": "1007881000", "costofGoodsAndServicesSold": "1007881000", "operatingIncome": "383726000", "sellingGeneralAndAdministrative": "702000000", "researchAndDevelopment": "0", "operatingExpenses": "701971000", "investmentIncomeNet": "None", "netInterestIncome": "None", "interestIncome": "None", "interestExpense": "42431000", "nonInterestIncome": "None", "otherNonOperatingIncome": "None", "depreciation": "None", "depreciationAndAmortization": "55772000", "incomeBeforeTax": "341295000", "incomeTaxExpense": "123208000", "interestAndDebtExpense": "None", "netIncomeFromContinuingOperations": "218087000", "comprehensiveIncomeNetOfTax": "None", "ebit": "383726000", "ebitda": "439498000", "netIncome": "218087000"}, {"fiscalDateEnding": "2013-08-31", "reportedCurrency": "USD", "grossProfit": "1604376000", "totalRevenue": "3095414000", "costOfRevenue": "1491038000", "costofGoodsAndServicesSold": "1491038000", "operatingIncome": "636220000", "sellingGeneralAndAdministrative": "968155000", "researchAndDevelopment": "0", "operatingExpenses": "968156000", "investmentIncomeNet": "None", "netInterestIncome": "None", "interestIncome": "None", "interestExpense": "60896000", "nonInterestIncome": "None", "otherNonOperatingIncome": "None", "depreciation": "None", "depreciationAndAmortization": "71319000", "incomeBeforeTax": "575324000", "incomeTaxExpense": "204125000", "interestAndDebtExpense": "None", "netIncomeFromContinuingOperations": "371198000", "comprehensiveIncomeNetOfTax": "None", "ebit": "637826000", "ebitda": "709145000", "netIncome": "371199000"}, {"fiscalDateEnding": "2013-05-31", "reportedCurrency": "USD", "grossProfit": "1142713000", "totalRevenue": "2205878000", "costOfRevenue": "1063165000", "costofGoodsAndServicesSold": "1063165000", "operatingIncome": "456030000", "sellingGeneralAndAdministrative": "686700000", "researchAndDevelopment": "0", "operatingExpenses": "686683000", "investmentIncomeNet": "None", "netInterestIncome": "None", "interestIncome": "None", "interestExpense": "42091000", "nonInterestIncome": "None", "otherNonOperatingIncome": "None", "depreciation": "None", "depreciationAndAmortization": "52888000", "incomeBeforeTax": "413939000", "incomeTaxExpense": "148356000", "interestAndDebtExpense": "None", "netIncomeFromContinuingOperations": "265583000", "comprehensiveIncomeNetOfTax": "None", "ebit": "456030000", "ebitda": "508918000", "netIncome": "265583000"}, {"fiscalDateEnding": "2013-02-28", "reportedCurrency": "USD", "grossProfit": "961981000", "totalRevenue": "1855198000", "costOfRevenue": "893217000", "costofGoodsAndServicesSold": "893217000", "operatingIncome": "276248000", "sellingGeneralAndAdministrative": "644400000", "researchAndDevelopment": "0", "operatingExpenses": "644410000", "investmentIncomeNet": "None", "netInterestIncome": "None", "interestIncome": "None", "interestExpense": "41323000", "nonInterestIncome": "None", "otherNonOperatingIncome": "None", "depreciation": "None", "depreciationAndAmortization": "103044000", "incomeBeforeTax": "276248000", "incomeTaxExpense": "100001000", "interestAndDebtExpense": "None", "netIncomeFromContinuingOperations": "176247000", "comprehensiveIncomeNetOfTax": "None", "ebit": "214527000", "ebitda": "317571000", "netIncome": "176247000"}, {"fiscalDateEnding": "2012-11-30", "reportedCurrency": "USD", "grossProfit": "1031866000", "totalRevenue": "1991040000", "costOfRevenue": "959174000", "costofGoodsAndServicesSold": "959174000", "operatingIncome": "363276000", "sellingGeneralAndAdministrative": "668600000", "researchAndDevelopment": "0", "operatingExpenses": "668590000", "investmentIncomeNet": "None", "netInterestIncome": "None", "interestIncome": "None", "interestExpense": "41104000", "nonInterestIncome": "None", "otherNonOperatingIncome": "None", "depreciation": "None", "depreciationAndAmortization": "50700000", "incomeBeforeTax": "322172000", "incomeTaxExpense": "118720000", "interestAndDebtExpense": "None", "netIncomeFromContinuingOperations": "203452000", "comprehensiveIncomeNetOfTax": "None", "ebit": "363276000", "ebitda": "413976000", "netIncome": "203452000"}, {"fiscalDateEnding": "2012-08-31", "reportedCurrency": "USD", "grossProfit": "1432394000", "totalRevenue": "2763585000", "costOfRevenue": "1331191000", "costofGoodsAndServicesSold": "1331191000", "operatingIncome": "560056000", "sellingGeneralAndAdministrative": "872300000", "researchAndDevelopment": "0", "operatingExpenses": "872338000", "investmentIncomeNet": "None", "netInterestIncome": "None", "interestIncome": "None", "interestExpense": "58145000", "nonInterestIncome": "None", "otherNonOperatingIncome": "None", "depreciation": "None", "depreciationAndAmortization": "66654000", "incomeBeforeTax": "501911000", "incomeTaxExpense": "178178000", "interestAndDebtExpense": "None", "netIncomeFromContinuingOperations": "323732000", "comprehensiveIncomeNetOfTax": "None", "ebit": "561453000", "ebitda": "628107000", "netIncome": "323733000"}, {"fiscalDateEnding": "2012-05-31", "reportedCurrency": "USD", "grossProfit": "1089799000", "totalRevenue": "2111866000", "costOfRevenue": "1022067000", "costofGoodsAndServicesSold": "1022067000", "operatingIncome": "427250000", "sellingGeneralAndAdministrative": "662500000", "researchAndDevelopment": "0", "operatingExpenses": "662549000", "investmentIncomeNet": "None", "netInterestIncome": "None", "interestIncome": "None", "interestExpense": "39743000", "nonInterestIncome": "None", "otherNonOperatingIncome": "None", "depreciation": "None", "depreciationAndAmortization": "45434000", "incomeBeforeTax": "387507000", "incomeTaxExpense": "138921000", "interestAndDebtExpense": "None", "netIncomeFromContinuingOperations": "248586000", "comprehensiveIncomeNetOfTax": "None", "ebit": "381816000", "ebitda": "427250000", "netIncome": "248586000"}, {"fiscalDateEnding": "2012-02-29", "reportedCurrency": "USD", "grossProfit": "926215000", "totalRevenue": "1804069000", "costOfRevenue": "877854000", "costofGoodsAndServicesSold": "877854000", "operatingIncome": "261728000", "sellingGeneralAndAdministrative": "625600000", "researchAndDevelopment": "0", "operatingExpenses": "625564000", "investmentIncomeNet": "None", "netInterestIncome": "None", "interestIncome": "None", "interestExpense": "38923000", "nonInterestIncome": "None", "otherNonOperatingIncome": "None", "depreciation": "None", "depreciationAndAmortization": "96170000", "incomeBeforeTax": "261728000", "incomeTaxExpense": "94798000", "interestAndDebtExpense": "None", "netIncomeFromContinuingOperations": "166930000", "comprehensiveIncomeNetOfTax": "None", "ebit": "204481000", "ebitda": "300651000", "netIncome": "166930000"}, {"fiscalDateEnding": "2011-11-30", "reportedCurrency": "USD", "grossProfit": "983627000", "totalRevenue": "1924341000", "costOfRevenue": "940714000", "costofGoodsAndServicesSold": "940714000", "operatingIncome": "340934000", "sellingGeneralAndAdministrative": "642700000", "researchAndDevelopment": "0", "operatingExpenses": "642693000", "investmentIncomeNet": "None", "netInterestIncome": "None", "interestIncome": "None", "interestExpense": "39094000", "nonInterestIncome": "None", "otherNonOperatingIncome": "None", "depreciation": "None", "depreciationAndAmortization": "48647000", "incomeBeforeTax": "301840000", "incomeTaxExpense": "110715000", "interestAndDebtExpense": "None", "netIncomeFromContinuingOperations": "191125000", "comprehensiveIncomeNetOfTax": "None", "ebit": "292287000", "ebitda": "340934000", "netIncome": "191125000"}, {"fiscalDateEnding": "2011-08-31", "reportedCurrency": "USD", "grossProfit": "1352574000", "totalRevenue": "2641996000", "costOfRevenue": "1289422000", "costofGoodsAndServicesSold": "1289422000", "operatingIncome": "524010000", "sellingGeneralAndAdministrative": "828600000", "researchAndDevelopment": "0", "operatingExpenses": "828564000", "investmentIncomeNet": "None", "netInterestIncome": "None", "interestIncome": "None", "interestExpense": "53813000", "nonInterestIncome": "None", "otherNonOperatingIncome": "None", "depreciation": "None", "depreciationAndAmortization": "62862000", "incomeBeforeTax": "470197000", "incomeTaxExpense": "168728000", "interestAndDebtExpense": "None", "netIncomeFromContinuingOperations": "301469000", "comprehensiveIncomeNetOfTax": "None", "ebit": "526067000", "ebitda": "588929000", "netIncome": "301469000"}, {"fiscalDateEnding": "2011-05-31", "reportedCurrency": "USD", "grossProfit": "1013530000", "totalRevenue": "1978369000", "costOfRevenue": "964839000", "costofGoodsAndServicesSold": "964839000", "operatingIncome": "392925000", "sellingGeneralAndAdministrative": "620600000", "researchAndDevelopment": "0", "operatingExpenses": "620605000", "investmentIncomeNet": "None", "netInterestIncome": "None", "interestIncome": "None", "interestExpense": "39916000", "nonInterestIncome": "None", "otherNonOperatingIncome": "None", "depreciation": "None", "depreciationAndAmortization": "44930000", "incomeBeforeTax": "353009000", "incomeTaxExpense": "125636000", "interestAndDebtExpense": "None", "netIncomeFromContinuingOperations": "227373000", "comprehensiveIncomeNetOfTax": "None", "ebit": "347995000", "ebitda": "392925000", "netIncome": "227373000"}, {"fiscalDateEnding": "2011-02-28", "reportedCurrency": "USD", "grossProfit": "845611000", "totalRevenue": "1660946000", "costOfRevenue": "815335000", "costofGoodsAndServicesSold": "815335000", "operatingIncome": "271748000", "sellingGeneralAndAdministrative": "573900000", "researchAndDevelopment": "0", "operatingExpenses": "573863000", "investmentIncomeNet": "None", "netInterestIncome": "None", "interestIncome": "None", "interestExpense": "39576000", "nonInterestIncome": "None", "otherNonOperatingIncome": "None", "depreciation": "None", "depreciationAndAmortization": "44126000", "incomeBeforeTax": "232172000", "incomeTaxExpense": "84116000", "interestAndDebtExpense": "None", "netIncomeFromContinuingOperations": "148056000", "comprehensiveIncomeNetOfTax": "None", "ebit": "227622000", "ebitda": "271748000", "netIncome": "148056000"}, {"fiscalDateEnding": "2010-11-30", "reportedCurrency": "USD", "grossProfit": "907748000", "totalRevenue": "1791662000", "costOfRevenue": "883914000", "costofGoodsAndServicesSold": "883914000", "operatingIncome": "306121000", "sellingGeneralAndAdministrative": "601600000", "researchAndDevelopment": "0", "operatingExpenses": "601627000", "investmentIncomeNet": "None", "netInterestIncome": "None", "interestIncome": "None", "interestExpense": "37253000", "nonInterestIncome": "None", "otherNonOperatingIncome": "None", "depreciation": "None", "depreciationAndAmortization": "44291000", "incomeBeforeTax": "268868000", "incomeTaxExpense": "96792000", "interestAndDebtExpense": "None", "netIncomeFromContinuingOperations": "172076000", "comprehensiveIncomeNetOfTax": "None", "ebit": "261830000", "ebitda": "306121000", "netIncome": "172076000"}, {"fiscalDateEnding": "2010-08-31", "reportedCurrency": "USD", "grossProfit": "1234963000", "totalRevenue": "2445159000", "costOfRevenue": "1210196000", "costofGoodsAndServicesSold": "1210196000", "operatingIncome": "423313000", "sellingGeneralAndAdministrative": "762200000", "researchAndDevelopment": "0", "operatingExpenses": "762223000", "investmentIncomeNet": "None", "netInterestIncome": "None", "interestIncome": "None", "interestExpense": "49427000", "nonInterestIncome": "None", "otherNonOperatingIncome": "None", "depreciation": "None", "depreciationAndAmortization": "62166000", "incomeBeforeTax": "423313000", "incomeTaxExpense": "154380000", "interestAndDebtExpense": "None", "netIncomeFromContinuingOperations": "268933000", "comprehensiveIncomeNetOfTax": "None", "ebit": "475365000", "ebitda": "537531000", "netIncome": "268933000"}, {"fiscalDateEnding": "2010-05-31", "reportedCurrency": "USD", "grossProfit": "923121000", "totalRevenue": "1821990000", "costOfRevenue": "898869000", "costofGoodsAndServicesSold": "898869000", "operatingIncome": "355865000", "sellingGeneralAndAdministrative": "567300000", "researchAndDevelopment": "0", "operatingExpenses": "567256000", "investmentIncomeNet": "None", "netInterestIncome": "None", "interestIncome": "None", "interestExpense": "36833000", "nonInterestIncome": "None", "otherNonOperatingIncome": "None", "depreciation": "None", "depreciationAndAmortization": "42819000", "incomeBeforeTax": "319032000", "incomeTaxExpense": "116287000", "interestAndDebtExpense": "None", "netIncomeFromContinuingOperations": "202745000", "comprehensiveIncomeNetOfTax": "None", "ebit": "355865000", "ebitda": "398684000", "netIncome": "202745000"}, {"fiscalDateEnding": "2010-02-28", "reportedCurrency": "USD", "grossProfit": "753736000", "totalRevenue": "1506225000", "costOfRevenue": "752489000", "costofGoodsAndServicesSold": "752489000", "operatingIncome": "230381000", "sellingGeneralAndAdministrative": "715135000", "researchAndDevelopment": "0", "operatingExpenses": "523355000", "investmentIncomeNet": "None", "netInterestIncome": "None", "interestIncome": "None", "interestExpense": "36309000", "nonInterestIncome": "None", "otherNonOperatingIncome": "None", "depreciation": "None", "depreciationAndAmortization": "44533000", "incomeBeforeTax": "194072000", "incomeTaxExpense": "70739000", "interestAndDebtExpense": "None", "netIncomeFromContinuingOperations": "123333000", "comprehensiveIncomeNetOfTax": "None", "ebit": "185848000", "ebitda": "230381000", "netIncome": "123333000"}, {"fiscalDateEnding": "2009-11-30", "reportedCurrency": "USD", "grossProfit": "799924000", "totalRevenue": "1589244000", "costOfRevenue": "789320000", "costofGoodsAndServicesSold": "789320000", "operatingIncome": "260428000", "sellingGeneralAndAdministrative": "539500000", "researchAndDevelopment": "0", "operatingExpenses": "539496000", "investmentIncomeNet": "None", "netInterestIncome": "None", "interestIncome": "None", "interestExpense": "36340000", "nonInterestIncome": "None", "otherNonOperatingIncome": "None", "depreciation": "None", "depreciationAndAmortization": "42566000", "incomeBeforeTax": "224088000", "incomeTaxExpense": "80788000", "interestAndDebtExpense": "None", "netIncomeFromContinuingOperations": "143300000", "comprehensiveIncomeNetOfTax": "None", "ebit": "217862000", "ebitda": "260428000", "netIncome": "143300000"}, {"fiscalDateEnding": "2009-08-31", "reportedCurrency": "USD", "grossProfit": "1123053000", "totalRevenue": "2232494000", "costOfRevenue": "1109441000", "costofGoodsAndServicesSold": "1109441000", "operatingIncome": "417596000", "sellingGeneralAndAdministrative": "705500000", "researchAndDevelopment": "0", "operatingExpenses": "705457000", "investmentIncomeNet": "None", "netInterestIncome": "None", "interestIncome": "None", "interestExpense": "47761000", "nonInterestIncome": "None", "otherNonOperatingIncome": "None", "depreciation": "None", "depreciationAndAmortization": "61047000", "incomeBeforeTax": "369834000", "incomeTaxExpense": "133708000", "interestAndDebtExpense": "None", "netIncomeFromContinuingOperations": "0", "comprehensiveIncomeNetOfTax": "None", "ebit": "417596000", "ebitda": "478643000", "netIncome": "236126000"}, {"fiscalDateEnding": "2009-05-31", "reportedCurrency": "USD", "grossProfit": "832907000", "totalRevenue": "1658160000", "costOfRevenue": "825253000", "costofGoodsAndServicesSold": "825253000", "operatingIncome": "305232000", "sellingGeneralAndAdministrative": "527700000", "researchAndDevelopment": "0", "operatingExpenses": "527675000", "investmentIncomeNet": "None", "netInterestIncome": "None", "interestIncome": "None", "interestExpense": "31482000", "nonInterestIncome": "None", "otherNonOperatingIncome": "None", "depreciation": "None", "depreciationAndAmortization": "40069000", "incomeBeforeTax": "273750000", "incomeTaxExpense": "100061000", "interestAndDebtExpense": "None", "netIncomeFromContinuingOperations": "0", "comprehensiveIncomeNetOfTax": "None", "ebit": "265163000", "ebitda": "305232000", "netIncome": "173689000"}, {"fiscalDateEnding": "2009-02-28", "reportedCurrency": "USD", "grossProfit": "719298000", "totalRevenue": "1447877000", "costOfRevenue": "728579000", "costofGoodsAndServicesSold": "728579000", "operatingIncome": "214696000", "sellingGeneralAndAdministrative": "504600000", "researchAndDevelopment": "0", "operatingExpenses": "504602000", "investmentIncomeNet": "None", "netInterestIncome": "None", "interestIncome": "None", "interestExpense": "31907000", "nonInterestIncome": "None", "otherNonOperatingIncome": "None", "depreciation": "None", "depreciationAndAmortization": "43051000", "incomeBeforeTax": "182789000", "incomeTaxExpense": "66925000", "interestAndDebtExpense": "None", "netIncomeFromContinuingOperations": "0", "comprehensiveIncomeNetOfTax": "None", "ebit": "171645000", "ebitda": "214696000", "netIncome": "115864000"}, {"fiscalDateEnding": "2008-11-30", "reportedCurrency": "USD", "grossProfit": "741191000", "totalRevenue": "1478292000", "costOfRevenue": "737101000", "costofGoodsAndServicesSold": "737101000", "operatingIncome": "238539000", "sellingGeneralAndAdministrative": "502700000", "researchAndDevelopment": "0", "operatingExpenses": "502652000", "investmentIncomeNet": "None", "netInterestIncome": "None", "interestIncome": "None", "interestExpense": "31166000", "nonInterestIncome": "None", "otherNonOperatingIncome": "None", "depreciation": "None", "depreciationAndAmortization": "40153000", "incomeBeforeTax": "207373000", "incomeTaxExpense": "76002000", "interestAndDebtExpense": "None", "netIncomeFromContinuingOperations": "0", "comprehensiveIncomeNetOfTax": "None", "ebit": "198386000", "ebitda": "238539000", "netIncome": "131371000"}, {"fiscalDateEnding": "2008-08-31", "reportedCurrency": "USD", "grossProfit": "1111812000", "totalRevenue": "2210514000", "costOfRevenue": "1098702000", "costofGoodsAndServicesSold": "1098702000", "operatingIncome": "416839000", "sellingGeneralAndAdministrative": "695000000", "researchAndDevelopment": "0", "operatingExpenses": "694973000", "investmentIncomeNet": "None", "netInterestIncome": "None", "interestIncome": "None", "interestExpense": "34765000", "nonInterestIncome": "None", "otherNonOperatingIncome": "None", "depreciation": "None", "depreciationAndAmortization": "51577000", "incomeBeforeTax": "382074000", "incomeTaxExpense": "138328000", "interestAndDebtExpense": "None", "netIncomeFromContinuingOperations": "0", "comprehensiveIncomeNetOfTax": "None", "ebit": "416839000", "ebitda": "468416000", "netIncome": "243746000"}, {"fiscalDateEnding": "2008-05-31", "reportedCurrency": "USD", "grossProfit": "762006000", "totalRevenue": "1517293000", "costOfRevenue": "755287000", "costofGoodsAndServicesSold": "755287000", "operatingIncome": "273034000", "sellingGeneralAndAdministrative": "489000000", "researchAndDevelopment": "0", "operatingExpenses": "488972000", "investmentIncomeNet": "None", "netInterestIncome": "None", "interestIncome": "None", "interestExpense": "25331000", "nonInterestIncome": "None", "otherNonOperatingIncome": "None", "depreciation": "None", "depreciationAndAmortization": "38555000", "incomeBeforeTax": "247703000", "incomeTaxExpense": "89065000", "interestAndDebtExpense": "None", "netIncomeFromContinuingOperations": "0", "comprehensiveIncomeNetOfTax": "None", "ebit": "234479000", "ebitda": "273034000", "netIncome": "158638000"}, {"fiscalDateEnding": "2008-02-29", "reportedCurrency": "USD", "grossProfit": "667795000", "totalRevenue": "1339244000", "costOfRevenue": "671449000", "costofGoodsAndServicesSold": "671449000", "operatingIncome": "196885000", "sellingGeneralAndAdministrative": "470900000", "researchAndDevelopment": "0", "operatingExpenses": "470910000", "investmentIncomeNet": "None", "netInterestIncome": "None", "interestIncome": "None", "interestExpense": "28588000", "nonInterestIncome": "None", "otherNonOperatingIncome": "None", "depreciation": "None", "depreciationAndAmortization": "39270000", "incomeBeforeTax": "168297000", "incomeTaxExpense": "61593000", "interestAndDebtExpense": "None", "netIncomeFromContinuingOperations": "0", "comprehensiveIncomeNetOfTax": "None", "ebit": "157615000", "ebitda": "196885000", "netIncome": "106704000"}, {"fiscalDateEnding": "2007-11-30", "reportedCurrency": "USD", "grossProfit": "726448000", "totalRevenue": "1455655000", "costOfRevenue": "729207000", "costofGoodsAndServicesSold": "729207000", "operatingIncome": "237375000", "sellingGeneralAndAdministrative": "489100000", "researchAndDevelopment": "0", "operatingExpenses": "489073000", "investmentIncomeNet": "None", "netInterestIncome": "None", "interestIncome": "None", "interestExpense": "28062000", "nonInterestIncome": "None", "otherNonOperatingIncome": "None", "depreciation": "None", "depreciationAndAmortization": "40107000", "incomeBeforeTax": "209313000", "incomeTaxExpense": "76797000", "interestAndDebtExpense": "None", "netIncomeFromContinuingOperations": "0", "comprehensiveIncomeNetOfTax": "None", "ebit": "197268000", "ebitda": "237375000", "netIncome": "132516000"}, {"fiscalDateEnding": "2007-08-31", "reportedCurrency": "USD", "grossProfit": "1004344000", "totalRevenue": "2002707000", "costOfRevenue": "998363000", "costofGoodsAndServicesSold": "998363000", "operatingIncome": "378370000", "sellingGeneralAndAdministrative": "626000000", "researchAndDevelopment": "0", "operatingExpenses": "625974000", "investmentIncomeNet": "None", "netInterestIncome": "None", "interestIncome": "None", "interestExpense": "38091000", "nonInterestIncome": "None", "otherNonOperatingIncome": "None", "depreciation": "None", "depreciationAndAmortization": "51320000", "incomeBeforeTax": "340279000", "incomeTaxExpense": "123104000", "interestAndDebtExpense": "None", "netIncomeFromContinuingOperations": "0", "comprehensiveIncomeNetOfTax": "None", "ebit": "217240000", "ebitda": "268560000", "netIncome": "217175000"}, {"fiscalDateEnding": "2007-05-31", "reportedCurrency": "USD", "grossProfit": "735399000", "totalRevenue": "1473671000", "costOfRevenue": "738272000", "costofGoodsAndServicesSold": "738272000", "operatingIncome": "264977000", "sellingGeneralAndAdministrative": "470400000", "researchAndDevelopment": "0", "operatingExpenses": "470422000", "investmentIncomeNet": "None", "netInterestIncome": "None", "interestIncome": "None", "interestExpense": "27115000", "nonInterestIncome": "None", "otherNonOperatingIncome": "None", "depreciation": "None", "depreciationAndAmortization": "37341000", "incomeBeforeTax": "237862000", "incomeTaxExpense": "86271000", "interestAndDebtExpense": "None", "netIncomeFromContinuingOperations": "0", "comprehensiveIncomeNetOfTax": "None", "ebit": "227636000", "ebitda": "264977000", "netIncome": "151591000"}, {"fiscalDateEnding": "2007-02-28", "reportedCurrency": "USD", "grossProfit": "639212000", "totalRevenue": "1300357000", "costOfRevenue": "661145000", "costofGoodsAndServicesSold": "661145000", "operatingIncome": "188923000", "sellingGeneralAndAdministrative": "450300000", "researchAndDevelopment": "0", "operatingExpenses": "450289000", "investmentIncomeNet": "None", "netInterestIncome": "None", "interestIncome": "None", "interestExpense": "26818000", "nonInterestIncome": "None", "otherNonOperatingIncome": "None", "depreciation": "None", "depreciationAndAmortization": "36506000", "incomeBeforeTax": "162105000", "incomeTaxExpense": "59089000", "interestAndDebtExpense": "None", "netIncomeFromContinuingOperations": "0", "comprehensiveIncomeNetOfTax": "None", "ebit": "152417000", "ebitda": "188923000", "netIncome": "103016000"}, {"fiscalDateEnding": "2006-11-30", "reportedCurrency": "USD", "grossProfit": "685295000", "totalRevenue": "1393069000", "costOfRevenue": "707774000", "costofGoodsAndServicesSold": "707774000", "operatingIncome": "222996000", "sellingGeneralAndAdministrative": "462300000", "researchAndDevelopment": "0", "operatingExpenses": "462299000", "investmentIncomeNet": "None", "netInterestIncome": "None", "interestIncome": "None", "interestExpense": "27093000", "nonInterestIncome": "None", "otherNonOperatingIncome": "None", "depreciation": "None", "depreciationAndAmortization": "35963000", "incomeBeforeTax": "195903000", "incomeTaxExpense": "72014000", "interestAndDebtExpense": "None", "netIncomeFromContinuingOperations": "0", "comprehensiveIncomeNetOfTax": "None", "ebit": "187033000", "ebitda": "222996000", "netIncome": "123889000"}, {"fiscalDateEnding": "2006-08-31", "reportedCurrency": "USD", "grossProfit": "962761000", "totalRevenue": "1939030000", "costOfRevenue": "976269000", "costofGoodsAndServicesSold": "976269000", "operatingIncome": "373118000", "sellingGeneralAndAdministrative": "589600000", "researchAndDevelopment": "0", "operatingExpenses": "589643000", "investmentIncomeNet": "None", "netInterestIncome": "None", "interestIncome": "None", "interestExpense": "34895000", "nonInterestIncome": "None", "otherNonOperatingIncome": "None", "depreciation": "None", "depreciationAndAmortization": "45377000", "incomeBeforeTax": "338223000", "incomeTaxExpense": "124771000", "interestAndDebtExpense": "None", "netIncomeFromContinuingOperations": "0", "comprehensiveIncomeNetOfTax": "None", "ebit": "373118000", "ebitda": "418495000", "netIncome": "213452000"}, {"fiscalDateEnding": "2006-05-31", "reportedCurrency": "USD", "grossProfit": "704041000", "totalRevenue": "1417433000", "costOfRevenue": "713392000", "costofGoodsAndServicesSold": "713392000", "operatingIncome": "253169000", "sellingGeneralAndAdministrative": "450900000", "researchAndDevelopment": "0", "operatingExpenses": "450872000", "investmentIncomeNet": "None", "netInterestIncome": "None", "interestIncome": "None", "interestExpense": "24921000", "nonInterestIncome": "None", "otherNonOperatingIncome": "None", "depreciation": "None", "depreciationAndAmortization": "32607000", "incomeBeforeTax": "228248000", "incomeTaxExpense": "83820000", "interestAndDebtExpense": "None", "netIncomeFromContinuingOperations": "0", "comprehensiveIncomeNetOfTax": "None", "ebit": "220562000", "ebitda": "253169000", "netIncome": "144428000"}, {"fiscalDateEnding": "2006-02-28", "reportedCurrency": "USD", "grossProfit": "616190000", "totalRevenue": "1253815000", "costOfRevenue": "637625000", "costofGoodsAndServicesSold": "637625000", "operatingIncome": "178345000", "sellingGeneralAndAdministrative": "437800000", "researchAndDevelopment": "0", "operatingExpenses": "437845000", "investmentIncomeNet": "None", "netInterestIncome": "None", "interestIncome": "None", "interestExpense": "24333000", "nonInterestIncome": "None", "otherNonOperatingIncome": "None", "depreciation": "None", "depreciationAndAmortization": "31862000", "incomeBeforeTax": "154012000", "incomeTaxExpense": "56990000", "interestAndDebtExpense": "None", "netIncomeFromContinuingOperations": "0", "comprehensiveIncomeNetOfTax": "None", "ebit": "146483000", "ebitda": "178345000", "netIncome": "97022000"}, {"fiscalDateEnding": "2005-11-30", "reportedCurrency": "USD", "grossProfit": "655529000", "totalRevenue": "1338076000", "costOfRevenue": "682547000", "costofGoodsAndServicesSold": "682547000", "operatingIncome": "205293000", "sellingGeneralAndAdministrative": "450200000", "researchAndDevelopment": "0", "operatingExpenses": "450236000", "investmentIncomeNet": "None", "netInterestIncome": "None", "interestIncome": "None", "interestExpense": "23739000", "nonInterestIncome": "None", "otherNonOperatingIncome": "None", "depreciation": "None", "depreciationAndAmortization": "31178000", "incomeBeforeTax": "181554000", "incomeTaxExpense": "67180000", "interestAndDebtExpense": "None", "netIncomeFromContinuingOperations": "0", "comprehensiveIncomeNetOfTax": "None", "ebit": "174115000", "ebitda": "205293000", "netIncome": "114374000"}, {"fiscalDateEnding": "2005-08-31", "reportedCurrency": "USD", "grossProfit": "916273000", "totalRevenue": "1882237000", "costOfRevenue": "965964000", "costofGoodsAndServicesSold": "965964000", "operatingIncome": "351170000", "sellingGeneralAndAdministrative": "565100000", "researchAndDevelopment": "0", "operatingExpenses": "565103000", "investmentIncomeNet": "None", "netInterestIncome": "None", "interestIncome": "None", "interestExpense": "32784000", "nonInterestIncome": "None", "otherNonOperatingIncome": "None", "depreciation": "None", "depreciationAndAmortization": "39442000", "incomeBeforeTax": "318389000", "incomeTaxExpense": "111771000", "interestAndDebtExpense": "None", "netIncomeFromContinuingOperations": "0", "comprehensiveIncomeNetOfTax": "None", "ebit": "351170000", "ebitda": "390612000", "netIncome": "206615000"}, {"fiscalDateEnding": "2005-05-31", "reportedCurrency": "USD", "grossProfit": "673103000", "totalRevenue": "1338387000", "costOfRevenue": "665284000", "costofGoodsAndServicesSold": "665284000", "operatingIncome": "259462000", "sellingGeneralAndAdministrative": "413600000", "researchAndDevelopment": "0", "operatingExpenses": "413641000", "investmentIncomeNet": "None", "netInterestIncome": "None", "interestIncome": "None", "interestExpense": "24223000", "nonInterestIncome": "None", "otherNonOperatingIncome": "None", "depreciation": "None", "depreciationAndAmortization": "25963000", "incomeBeforeTax": "235239000", "incomeTaxExpense": "87450000", "interestAndDebtExpense": "None", "netIncomeFromContinuingOperations": "0", "comprehensiveIncomeNetOfTax": "None", "ebit": "233499000", "ebitda": "259462000", "netIncome": "147789000"}, {"fiscalDateEnding": "2005-02-28", "reportedCurrency": "USD", "grossProfit": "582371000", "totalRevenue": "1204055000", "costOfRevenue": "621684000", "costofGoodsAndServicesSold": "621684000", "operatingIncome": "148719000", "sellingGeneralAndAdministrative": "433700000", "researchAndDevelopment": "0", "operatingExpenses": "433652000", "investmentIncomeNet": "None", "netInterestIncome": "None", "interestIncome": "None", "interestExpense": "23645000", "nonInterestIncome": "None", "otherNonOperatingIncome": "None", "depreciation": "None", "depreciationAndAmortization": "46292000", "incomeBeforeTax": "125074000", "incomeTaxExpense": "30981000", "interestAndDebtExpense": "None", "netIncomeFromContinuingOperations": "0", "comprehensiveIncomeNetOfTax": "None", "ebit": "102427000", "ebitda": "148719000", "netIncome": "94093000"}]}