{"symbol": "HUM", "annualReports": [{"fiscalDateEnding": "2024-12-31", "reportedCurrency": "USD", "grossProfit": "117761000000", "totalRevenue": "117761000000", "costOfRevenue": "None", "costofGoodsAndServicesSold": "None", "operatingIncome": "2562000000", "sellingGeneralAndAdministrative": "None", "researchAndDevelopment": "None", "operatingExpenses": "115199000000", "investmentIncomeNet": "None", "netInterestIncome": "-660000000", "interestIncome": "None", "interestExpense": "660000000", "nonInterestIncome": "None", "otherNonOperatingIncome": "None", "depreciation": "None", "depreciationAndAmortization": "968000000", "incomeBeforeTax": "1627000000", "incomeTaxExpense": "413000000", "interestAndDebtExpense": "None", "netIncomeFromContinuingOperations": "1214000000", "comprehensiveIncomeNetOfTax": "None", "ebit": "2562000000", "ebitda": "3530000000", "netIncome": "1207000000"}, {"fiscalDateEnding": "2023-12-31", "reportedCurrency": "USD", "grossProfit": "106374000000", "totalRevenue": "106374000000", "costOfRevenue": "13188000000", "costofGoodsAndServicesSold": "13188000000", "operatingIncome": "4013000000", "sellingGeneralAndAdministrative": "None", "researchAndDevelopment": "None", "operatingExpenses": "102361000000", "investmentIncomeNet": "None", "netInterestIncome": "-493000000", "interestIncome": "None", "interestExpense": "493000000", "nonInterestIncome": "None", "otherNonOperatingIncome": "None", "depreciation": "None", "depreciationAndAmortization": "917000000", "incomeBeforeTax": "3320000000", "incomeTaxExpense": "836000000", "interestAndDebtExpense": "None", "netIncomeFromContinuingOperations": "2484000000", "comprehensiveIncomeNetOfTax": "None", "ebit": "4013000000", "ebitda": "4930000000", "netIncome": "2489000000"}, {"fiscalDateEnding": "2022-12-31", "reportedCurrency": "USD", "grossProfit": "92870000000", "totalRevenue": "92870000000", "costOfRevenue": "12671000000", "costofGoodsAndServicesSold": "12671000000", "operatingIncome": "3800000000", "sellingGeneralAndAdministrative": "None", "researchAndDevelopment": "None", "operatingExpenses": "89070000000", "investmentIncomeNet": "None", "netInterestIncome": "-401000000", "interestIncome": "401000000", "interestExpense": "401000000", "nonInterestIncome": "None", "otherNonOperatingIncome": "165000000", "depreciation": "None", "depreciationAndAmortization": "845000000", "incomeBeforeTax": "3564000000", "incomeTaxExpense": "762000000", "interestAndDebtExpense": "None", "netIncomeFromContinuingOperations": "2802000000", "comprehensiveIncomeNetOfTax": "None", "ebit": "3800000000", "ebitda": "4645000000", "netIncome": "2806000000"}, {"fiscalDateEnding": "2021-12-31", "reportedCurrency": "USD", "grossProfit": "83064000000", "totalRevenue": "83064000000", "costOfRevenue": "10121000000", "costofGoodsAndServicesSold": "10121000000", "operatingIncome": "3148000000", "sellingGeneralAndAdministrative": "10121000000", "researchAndDevelopment": "None", "operatingExpenses": "79916000000", "investmentIncomeNet": "None", "netInterestIncome": "-326000000", "interestIncome": "326000000", "interestExpense": "326000000", "nonInterestIncome": "None", "otherNonOperatingIncome": "597000000", "depreciation": "None", "depreciationAndAmortization": "713000000", "incomeBeforeTax": "3419000000", "incomeTaxExpense": "485000000", "interestAndDebtExpense": "None", "netIncomeFromContinuingOperations": "2934000000", "comprehensiveIncomeNetOfTax": "None", "ebit": "3148000000", "ebitda": "3861000000", "netIncome": "2933000000"}, {"fiscalDateEnding": "2020-12-31", "reportedCurrency": "USD", "grossProfit": "77155000000", "totalRevenue": "77155000000", "costOfRevenue": "10052000000", "costofGoodsAndServicesSold": "10052000000", "operatingIncome": "4986000000", "sellingGeneralAndAdministrative": "10052000000", "researchAndDevelopment": "None", "operatingExpenses": "72169000000", "investmentIncomeNet": "None", "netInterestIncome": "-283000000", "interestIncome": "283000000", "interestExpense": "283000000", "nonInterestIncome": "None", "otherNonOperatingIncome": "-29000000", "depreciation": "None", "depreciationAndAmortization": "616000000", "incomeBeforeTax": "4674000000", "incomeTaxExpense": "1307000000", "interestAndDebtExpense": "None", "netIncomeFromContinuingOperations": "3293000000", "comprehensiveIncomeNetOfTax": "None", "ebit": "4986000000", "ebitda": "5602000000", "netIncome": "3367000000"}, {"fiscalDateEnding": "2019-12-31", "reportedCurrency": "USD", "grossProfit": "64888000000", "totalRevenue": "64888000000", "costOfRevenue": "7381000000", "costofGoodsAndServicesSold": "7381000000", "operatingIncome": "3192000000", "sellingGeneralAndAdministrative": "7381000000", "researchAndDevelopment": "None", "operatingExpenses": "61696000000", "investmentIncomeNet": "None", "netInterestIncome": "-242000000", "interestIncome": "242000000", "interestExpense": "242000000", "nonInterestIncome": "None", "otherNonOperatingIncome": "520000000", "depreciation": "None", "depreciationAndAmortization": "575000000", "incomeBeforeTax": "3470000000", "incomeTaxExpense": "763000000", "interestAndDebtExpense": "None", "netIncomeFromContinuingOperations": "2693000000", "comprehensiveIncomeNetOfTax": "None", "ebit": "3192000000", "ebitda": "3767000000", "netIncome": "2707000000"}, {"fiscalDateEnding": "2018-12-31", "reportedCurrency": "USD", "grossProfit": "56912000000", "totalRevenue": "56912000000", "costOfRevenue": "7525000000", "costofGoodsAndServicesSold": "7525000000", "operatingIncome": "3100000000", "sellingGeneralAndAdministrative": "7525000000", "researchAndDevelopment": "0", "operatingExpenses": "53812000000", "investmentIncomeNet": "None", "netInterestIncome": "-218000000", "interestIncome": "218000000", "interestExpense": "218000000", "nonInterestIncome": "None", "otherNonOperatingIncome": "-819000000", "depreciation": "None", "depreciationAndAmortization": "534000000", "incomeBeforeTax": "2074000000", "incomeTaxExpense": "391000000", "interestAndDebtExpense": "None", "netIncomeFromContinuingOperations": "2454000000", "comprehensiveIncomeNetOfTax": "None", "ebit": "3100000000", "ebitda": "3634000000", "netIncome": "1683000000"}, {"fiscalDateEnding": "2017-12-31", "reportedCurrency": "USD", "grossProfit": "53767000000", "totalRevenue": "53767000000", "costOfRevenue": "6567000000", "costofGoodsAndServicesSold": "6567000000", "operatingIncome": "4262000000", "sellingGeneralAndAdministrative": "6567000000", "researchAndDevelopment": "0", "operatingExpenses": "49505000000", "investmentIncomeNet": "None", "netInterestIncome": "-242000000", "interestIncome": "242000000", "interestExpense": "242000000", "nonInterestIncome": "None", "otherNonOperatingIncome": "None", "depreciation": "None", "depreciationAndAmortization": "485000000", "incomeBeforeTax": "4020000000", "incomeTaxExpense": "1572000000", "interestAndDebtExpense": "None", "netIncomeFromContinuingOperations": "5592000000", "comprehensiveIncomeNetOfTax": "None", "ebit": "4262000000", "ebitda": "4747000000", "netIncome": "2448000000"}, {"fiscalDateEnding": "2016-12-31", "reportedCurrency": "USD", "grossProfit": "54379000000", "totalRevenue": "54379000000", "costOfRevenue": "7277000000", "costofGoodsAndServicesSold": "7277000000", "operatingIncome": "1741000000", "sellingGeneralAndAdministrative": "7277000000", "researchAndDevelopment": "0", "operatingExpenses": "52638000000", "investmentIncomeNet": "None", "netInterestIncome": "-189000000", "interestIncome": "189000000", "interestExpense": "189000000", "nonInterestIncome": "None", "otherNonOperatingIncome": "None", "depreciation": "None", "depreciationAndAmortization": "465000000", "incomeBeforeTax": "1552000000", "incomeTaxExpense": "938000000", "interestAndDebtExpense": "None", "netIncomeFromContinuingOperations": "614000000", "comprehensiveIncomeNetOfTax": "None", "ebit": "1741000000", "ebitda": "2206000000", "netIncome": "614000000"}, {"fiscalDateEnding": "2015-12-31", "reportedCurrency": "USD", "grossProfit": "54289000000", "totalRevenue": "54289000000", "costOfRevenue": "7318000000", "costofGoodsAndServicesSold": "7318000000", "operatingIncome": "2347000000", "sellingGeneralAndAdministrative": "7318000000", "researchAndDevelopment": "0", "operatingExpenses": "51942000000", "investmentIncomeNet": "None", "netInterestIncome": "None", "interestIncome": "186000000", "interestExpense": "186000000", "nonInterestIncome": "None", "otherNonOperatingIncome": "270000000", "depreciation": "None", "depreciationAndAmortization": "447000000", "incomeBeforeTax": "2431000000", "incomeTaxExpense": "1155000000", "interestAndDebtExpense": "None", "netIncomeFromContinuingOperations": "1276000000", "comprehensiveIncomeNetOfTax": "None", "ebit": "2347000000", "ebitda": "2794000000", "netIncome": "1276000000"}, {"fiscalDateEnding": "2014-12-31", "reportedCurrency": "USD", "grossProfit": "48500000000", "totalRevenue": "48500000000", "costOfRevenue": "7639000000", "costofGoodsAndServicesSold": "7639000000", "operatingIncome": "2362000000", "sellingGeneralAndAdministrative": "7639000000", "researchAndDevelopment": "0", "operatingExpenses": "46138000000", "investmentIncomeNet": "None", "netInterestIncome": "None", "interestIncome": "None", "interestExpense": "192000000", "nonInterestIncome": "None", "otherNonOperatingIncome": "None", "depreciation": "None", "depreciationAndAmortization": "449000000", "incomeBeforeTax": "2170000000", "incomeTaxExpense": "1023000000", "interestAndDebtExpense": "None", "netIncomeFromContinuingOperations": "1147000000", "comprehensiveIncomeNetOfTax": "None", "ebit": "2362000000", "ebitda": "2811000000", "netIncome": "1147000000"}, {"fiscalDateEnding": "2013-12-31", "reportedCurrency": "USD", "grossProfit": "41313000000", "totalRevenue": "41313000000", "costOfRevenue": "6355000000", "costofGoodsAndServicesSold": "6355000000", "operatingIncome": "2061000000", "sellingGeneralAndAdministrative": "6355000000", "researchAndDevelopment": "0", "operatingExpenses": "39252000000", "investmentIncomeNet": "None", "netInterestIncome": "None", "interestIncome": "None", "interestExpense": "140000000", "nonInterestIncome": "None", "otherNonOperatingIncome": "None", "depreciation": "None", "depreciationAndAmortization": "426000000", "incomeBeforeTax": "1921000000", "incomeTaxExpense": "690000000", "interestAndDebtExpense": "None", "netIncomeFromContinuingOperations": "1231000000", "comprehensiveIncomeNetOfTax": "None", "ebit": "2061000000", "ebitda": "2487000000", "netIncome": "1231000000"}, {"fiscalDateEnding": "2012-12-31", "reportedCurrency": "USD", "grossProfit": "39126000000", "totalRevenue": "39126000000", "costOfRevenue": "5830000000", "costofGoodsAndServicesSold": "5830000000", "operatingIncome": "2016000000", "sellingGeneralAndAdministrative": "5830000000", "researchAndDevelopment": "0", "operatingExpenses": "37110000000", "investmentIncomeNet": "None", "netInterestIncome": "None", "interestIncome": "None", "interestExpense": "105000000", "nonInterestIncome": "None", "otherNonOperatingIncome": "None", "depreciation": "None", "depreciationAndAmortization": "338000000", "incomeBeforeTax": "1911000000", "incomeTaxExpense": "689000000", "interestAndDebtExpense": "None", "netIncomeFromContinuingOperations": "1222000000", "comprehensiveIncomeNetOfTax": "None", "ebit": "1911000000", "ebitda": "2249000000", "netIncome": "1222000000"}, {"fiscalDateEnding": "2011-12-31", "reportedCurrency": "USD", "grossProfit": "36832000000", "totalRevenue": "36832000000", "costOfRevenue": "5395000000", "costofGoodsAndServicesSold": "5395000000", "operatingIncome": "2235000000", "sellingGeneralAndAdministrative": "5395000000", "researchAndDevelopment": "0", "operatingExpenses": "34597000000", "investmentIncomeNet": "None", "netInterestIncome": "None", "interestIncome": "None", "interestExpense": "109000000", "nonInterestIncome": "None", "otherNonOperatingIncome": "366000000", "depreciation": "None", "depreciationAndAmortization": "303000000", "incomeBeforeTax": "2235000000", "incomeTaxExpense": "816000000", "interestAndDebtExpense": "None", "netIncomeFromContinuingOperations": "3051000000", "comprehensiveIncomeNetOfTax": "None", "ebit": "2235000000", "ebitda": "2538000000", "netIncome": "1419000000"}, {"fiscalDateEnding": "2010-12-31", "reportedCurrency": "USD", "grossProfit": "33596000000", "totalRevenue": "33596000000", "costOfRevenue": "27087874000", "costofGoodsAndServicesSold": "27087874000", "operatingIncome": "1749000000", "sellingGeneralAndAdministrative": "4662802000", "researchAndDevelopment": "0", "operatingExpenses": "31847000000", "investmentIncomeNet": "None", "netInterestIncome": "None", "interestIncome": "None", "interestExpense": "105000000", "nonInterestIncome": "None", "otherNonOperatingIncome": "None", "depreciation": "None", "depreciationAndAmortization": "263000000", "incomeBeforeTax": "1749000000", "incomeTaxExpense": "650000000", "interestAndDebtExpense": "None", "netIncomeFromContinuingOperations": "1099390000", "comprehensiveIncomeNetOfTax": "None", "ebit": "1749000000", "ebitda": "2012000000", "netIncome": "1099000000"}, {"fiscalDateEnding": "2009-12-31", "reportedCurrency": "USD", "grossProfit": "30960414000", "totalRevenue": "30960414000", "costOfRevenue": "24775002000", "costofGoodsAndServicesSold": "24775002000", "operatingIncome": "1601760000", "sellingGeneralAndAdministrative": "4227535000", "researchAndDevelopment": "0", "operatingExpenses": "29358654000", "investmentIncomeNet": "None", "netInterestIncome": "None", "interestIncome": "None", "interestExpense": "105843000", "nonInterestIncome": "None", "otherNonOperatingIncome": "None", "depreciation": "None", "depreciationAndAmortization": "250274000", "incomeBeforeTax": "1601760000", "incomeTaxExpense": "562085000", "interestAndDebtExpense": "None", "netIncomeFromContinuingOperations": "1039675000", "comprehensiveIncomeNetOfTax": "None", "ebit": "1601760000", "ebitda": "1852034000", "netIncome": "1039675000"}, {"fiscalDateEnding": "2008-12-31", "reportedCurrency": "USD", "grossProfit": "28946372000", "totalRevenue": "28946372000", "costOfRevenue": "23708233000", "costofGoodsAndServicesSold": "23708233000", "operatingIncome": "992848000", "sellingGeneralAndAdministrative": "3944652000", "researchAndDevelopment": "None", "operatingExpenses": "27953524000", "investmentIncomeNet": "None", "netInterestIncome": "None", "interestIncome": "None", "interestExpense": "80289000", "nonInterestIncome": "None", "otherNonOperatingIncome": "None", "depreciation": "None", "depreciationAndAmortization": "220350000", "incomeBeforeTax": "992848000", "incomeTaxExpense": "345694000", "interestAndDebtExpense": "None", "netIncomeFromContinuingOperations": "None", "comprehensiveIncomeNetOfTax": "None", "ebit": "992848000", "ebitda": "1213198000", "netIncome": "647154000"}, {"fiscalDateEnding": "2007-12-31", "reportedCurrency": "USD", "grossProfit": "25289989000", "totalRevenue": "25289989000", "costOfRevenue": "20270531000", "costofGoodsAndServicesSold": "20270531000", "operatingIncome": "1289300000", "sellingGeneralAndAdministrative": "3476468000", "researchAndDevelopment": "None", "operatingExpenses": "24000689000", "investmentIncomeNet": "None", "netInterestIncome": "None", "interestIncome": "None", "interestExpense": "68878000", "nonInterestIncome": "None", "otherNonOperatingIncome": "None", "depreciation": "None", "depreciationAndAmortization": "184812000", "incomeBeforeTax": "1289300000", "incomeTaxExpense": "455616000", "interestAndDebtExpense": "None", "netIncomeFromContinuingOperations": "None", "comprehensiveIncomeNetOfTax": "None", "ebit": "1289300000", "ebitda": "1474112000", "netIncome": "833684000"}, {"fiscalDateEnding": "2006-12-31", "reportedCurrency": "USD", "grossProfit": "21416537000", "totalRevenue": "21416537000", "costOfRevenue": "17421204000", "costofGoodsAndServicesSold": "17421204000", "operatingIncome": "762085000", "sellingGeneralAndAdministrative": "3021509000", "researchAndDevelopment": "None", "operatingExpenses": "20654452000", "investmentIncomeNet": "None", "netInterestIncome": "None", "interestIncome": "None", "interestExpense": "63141000", "nonInterestIncome": "None", "otherNonOperatingIncome": "None", "depreciation": "None", "depreciationAndAmortization": "148598000", "incomeBeforeTax": "762085000", "incomeTaxExpense": "274662000", "interestAndDebtExpense": "None", "netIncomeFromContinuingOperations": "None", "comprehensiveIncomeNetOfTax": "None", "ebit": "762085000", "ebitda": "910683000", "netIncome": "487423000"}, {"fiscalDateEnding": "2005-12-31", "reportedCurrency": "USD", "grossProfit": "14418127000", "totalRevenue": "14418127000", "costOfRevenue": "11646671000", "costofGoodsAndServicesSold": "11646671000", "operatingIncome": "421714000", "sellingGeneralAndAdministrative": "2176770000", "researchAndDevelopment": "None", "operatingExpenses": "13996413000", "investmentIncomeNet": "None", "netInterestIncome": "None", "interestIncome": "None", "interestExpense": "39315000", "nonInterestIncome": "None", "otherNonOperatingIncome": "None", "depreciation": "None", "depreciationAndAmortization": "128858000", "incomeBeforeTax": "421714000", "incomeTaxExpense": "113231000", "interestAndDebtExpense": "None", "netIncomeFromContinuingOperations": "None", "comprehensiveIncomeNetOfTax": "None", "ebit": "421714000", "ebitda": "550572000", "netIncome": "308483000"}], "quarterlyReports": [{"fiscalDateEnding": "2024-12-31", "reportedCurrency": "USD", "grossProfit": "29213000000", "totalRevenue": "29213000000", "costOfRevenue": "None", "costofGoodsAndServicesSold": "None", "operatingIncome": "-543000000", "sellingGeneralAndAdministrative": "None", "researchAndDevelopment": "None", "operatingExpenses": "29756000000", "investmentIncomeNet": "None", "netInterestIncome": "-164000000", "interestIncome": "None", "interestExpense": "164000000", "nonInterestIncome": "None", "otherNonOperatingIncome": "None", "depreciation": "None", "depreciationAndAmortization": "240000000", "incomeBeforeTax": "-899000000", "incomeTaxExpense": "216000000", "interestAndDebtExpense": "None", "netIncomeFromContinuingOperations": "-683000000", "comprehensiveIncomeNetOfTax": "None", "ebit": "-543000000", "ebitda": "-303000000", "netIncome": "-693000000"}, {"fiscalDateEnding": "2024-09-30", "reportedCurrency": "USD", "grossProfit": "29397000000", "totalRevenue": "29397000000", "costOfRevenue": "3339000000", "costofGoodsAndServicesSold": "3339000000", "operatingIncome": "728000000", "sellingGeneralAndAdministrative": "None", "researchAndDevelopment": "None", "operatingExpenses": "28669000000", "investmentIncomeNet": "None", "netInterestIncome": "-169000000", "interestIncome": "None", "interestExpense": "169000000", "nonInterestIncome": "None", "otherNonOperatingIncome": "None", "depreciation": "None", "depreciationAndAmortization": "243000000", "incomeBeforeTax": "635000000", "incomeTaxExpense": "155000000", "interestAndDebtExpense": "None", "netIncomeFromContinuingOperations": "480000000", "comprehensiveIncomeNetOfTax": "None", "ebit": "728000000", "ebitda": "971000000", "netIncome": "480000000"}, {"fiscalDateEnding": "2024-06-30", "reportedCurrency": "USD", "grossProfit": "29540000000", "totalRevenue": "29540000000", "costOfRevenue": "3148000000", "costofGoodsAndServicesSold": "3148000000", "operatingIncome": "1141000000", "sellingGeneralAndAdministrative": "None", "researchAndDevelopment": "None", "operatingExpenses": "28399000000", "investmentIncomeNet": "None", "netInterestIncome": "-168000000", "interestIncome": "None", "interestExpense": "168000000", "nonInterestIncome": "None", "otherNonOperatingIncome": "None", "depreciation": "None", "depreciationAndAmortization": "243000000", "incomeBeforeTax": "901000000", "incomeTaxExpense": "223000000", "interestAndDebtExpense": "None", "netIncomeFromContinuingOperations": "678000000", "comprehensiveIncomeNetOfTax": "None", "ebit": "1141000000", "ebitda": "1384000000", "netIncome": "679000000"}, {"fiscalDateEnding": "2024-03-31", "reportedCurrency": "USD", "grossProfit": "29611000000", "totalRevenue": "29611000000", "costOfRevenue": "3042000000", "costofGoodsAndServicesSold": "3042000000", "operatingIncome": "1236000000", "sellingGeneralAndAdministrative": "None", "researchAndDevelopment": "None", "operatingExpenses": "28375000000", "investmentIncomeNet": "None", "netInterestIncome": "-159000000", "interestIncome": "None", "interestExpense": "159000000", "nonInterestIncome": "None", "otherNonOperatingIncome": "None", "depreciation": "None", "depreciationAndAmortization": "242000000", "incomeBeforeTax": "990000000", "incomeTaxExpense": "251000000", "interestAndDebtExpense": "None", "netIncomeFromContinuingOperations": "739000000", "comprehensiveIncomeNetOfTax": "None", "ebit": "1236000000", "ebitda": "1478000000", "netIncome": "741000000"}, {"fiscalDateEnding": "2023-12-31", "reportedCurrency": "USD", "grossProfit": "26462000000", "totalRevenue": "26462000000", "costOfRevenue": "3827000000", "costofGoodsAndServicesSold": "3827000000", "operatingIncome": "-348000000", "sellingGeneralAndAdministrative": "None", "researchAndDevelopment": "None", "operatingExpenses": "26810000000", "investmentIncomeNet": "None", "netInterestIncome": "-146000000", "interestIncome": "None", "interestExpense": "146000000", "nonInterestIncome": "None", "otherNonOperatingIncome": "None", "depreciation": "None", "depreciationAndAmortization": "238000000", "incomeBeforeTax": "-615000000", "incomeTaxExpense": "75000000", "interestAndDebtExpense": "None", "netIncomeFromContinuingOperations": "-540000000", "comprehensiveIncomeNetOfTax": "None", "ebit": "-348000000", "ebitda": "-110000000", "netIncome": "-541000000"}, {"fiscalDateEnding": "2023-09-30", "reportedCurrency": "USD", "grossProfit": "26423000000", "totalRevenue": "26423000000", "costOfRevenue": "3271000000", "costofGoodsAndServicesSold": "3271000000", "operatingIncome": "1206000000", "sellingGeneralAndAdministrative": "None", "researchAndDevelopment": "None", "operatingExpenses": "25217000000", "investmentIncomeNet": "None", "netInterestIncome": "-114000000", "interestIncome": "114000000", "interestExpense": "114000000", "nonInterestIncome": "None", "otherNonOperatingIncome": "None", "depreciation": "None", "depreciationAndAmortization": "235000000", "incomeBeforeTax": "1086000000", "incomeTaxExpense": "256000000", "interestAndDebtExpense": "None", "netIncomeFromContinuingOperations": "830000000", "comprehensiveIncomeNetOfTax": "None", "ebit": "1206000000", "ebitda": "1441000000", "netIncome": "832000000"}, {"fiscalDateEnding": "2023-06-30", "reportedCurrency": "USD", "grossProfit": "26747000000", "totalRevenue": "26747000000", "costOfRevenue": "3111000000", "costofGoodsAndServicesSold": "3111000000", "operatingIncome": "1436000000", "sellingGeneralAndAdministrative": "None", "researchAndDevelopment": "None", "operatingExpenses": "25311000000", "investmentIncomeNet": "None", "netInterestIncome": "-120000000", "interestIncome": "120000000", "interestExpense": "120000000", "nonInterestIncome": "None", "otherNonOperatingIncome": "-64000000", "depreciation": "None", "depreciationAndAmortization": "226000000", "incomeBeforeTax": "1252000000", "incomeTaxExpense": "296000000", "interestAndDebtExpense": "None", "netIncomeFromContinuingOperations": "966000000", "comprehensiveIncomeNetOfTax": "None", "ebit": "1436000000", "ebitda": "1662000000", "netIncome": "959000000"}, {"fiscalDateEnding": "2023-03-31", "reportedCurrency": "USD", "grossProfit": "26742000000", "totalRevenue": "26742000000", "costOfRevenue": "2979000000", "costofGoodsAndServicesSold": "2979000000", "operatingIncome": "1719000000", "sellingGeneralAndAdministrative": "None", "researchAndDevelopment": "None", "operatingExpenses": "25023000000", "investmentIncomeNet": "None", "netInterestIncome": "-113000000", "interestIncome": "113000000", "interestExpense": "113000000", "nonInterestIncome": "None", "otherNonOperatingIncome": "-9000000", "depreciation": "None", "depreciationAndAmortization": "218000000", "incomeBeforeTax": "1597000000", "incomeTaxExpense": "359000000", "interestAndDebtExpense": "None", "netIncomeFromContinuingOperations": "1255000000", "comprehensiveIncomeNetOfTax": "None", "ebit": "1719000000", "ebitda": "1937000000", "netIncome": "1239000000"}, {"fiscalDateEnding": "2022-12-31", "reportedCurrency": "USD", "grossProfit": "3857000000", "totalRevenue": "22439000000", "costOfRevenue": "18582000000", "costofGoodsAndServicesSold": "18582000000", "operatingIncome": "124000000", "sellingGeneralAndAdministrative": "3551000000", "researchAndDevelopment": "None", "operatingExpenses": "22315000000", "investmentIncomeNet": "None", "netInterestIncome": "-108000000", "interestIncome": "108000000", "interestExpense": "108000000", "nonInterestIncome": "None", "otherNonOperatingIncome": "-92000000", "depreciation": "None", "depreciationAndAmortization": "182000000", "incomeBeforeTax": "-71000000", "incomeTaxExpense": "-58000000", "interestAndDebtExpense": "None", "netIncomeFromContinuingOperations": "-18000000", "comprehensiveIncomeNetOfTax": "None", "ebit": "35000000", "ebitda": "252000000", "netIncome": "-15000000"}, {"fiscalDateEnding": "2022-09-30", "reportedCurrency": "USD", "grossProfit": "4415000000", "totalRevenue": "22799000000", "costOfRevenue": "18384000000", "costofGoodsAndServicesSold": "18384000000", "operatingIncome": "1172000000", "sellingGeneralAndAdministrative": "3061000000", "researchAndDevelopment": "None", "operatingExpenses": "21627000000", "investmentIncomeNet": "None", "netInterestIncome": "-102000000", "interestIncome": "102000000", "interestExpense": "102000000", "nonInterestIncome": "None", "otherNonOperatingIncome": "230000000", "depreciation": "None", "depreciationAndAmortization": "182000000", "incomeBeforeTax": "1297000000", "incomeTaxExpense": "107000000", "interestAndDebtExpense": "None", "netIncomeFromContinuingOperations": "1190000000", "comprehensiveIncomeNetOfTax": "None", "ebit": "1404000000", "ebitda": "1618000000", "netIncome": "1193000000"}, {"fiscalDateEnding": "2022-06-30", "reportedCurrency": "USD", "grossProfit": "4563000000", "totalRevenue": "23662000000", "costOfRevenue": "19099000000", "costofGoodsAndServicesSold": "19099000000", "operatingIncome": "1215000000", "sellingGeneralAndAdministrative": "3173000000", "researchAndDevelopment": "None", "operatingExpenses": "22447000000", "investmentIncomeNet": "None", "netInterestIncome": "-101000000", "interestIncome": "101000000", "interestExpense": "101000000", "nonInterestIncome": "None", "otherNonOperatingIncome": "10000000", "depreciation": "None", "depreciationAndAmortization": "175000000", "incomeBeforeTax": "1122000000", "incomeTaxExpense": "427000000", "interestAndDebtExpense": "None", "netIncomeFromContinuingOperations": "695000000", "comprehensiveIncomeNetOfTax": "None", "ebit": "1224000000", "ebitda": "1433000000", "netIncome": "697000000"}, {"fiscalDateEnding": "2022-03-31", "reportedCurrency": "USD", "grossProfit": "4345000000", "totalRevenue": "23970000000", "costOfRevenue": "19625000000", "costofGoodsAndServicesSold": "19625000000", "operatingIncome": "1289000000", "sellingGeneralAndAdministrative": "2886000000", "researchAndDevelopment": "None", "operatingExpenses": "22681000000", "investmentIncomeNet": "None", "netInterestIncome": "-90000000", "interestIncome": "90000000", "interestExpense": "90000000", "nonInterestIncome": "None", "otherNonOperatingIncome": "17000000", "depreciation": "None", "depreciationAndAmortization": "170000000", "incomeBeforeTax": "1220000000", "incomeTaxExpense": "286000000", "interestAndDebtExpense": "None", "netIncomeFromContinuingOperations": "934000000", "comprehensiveIncomeNetOfTax": "None", "ebit": "1306000000", "ebitda": "1511000000", "netIncome": "930000000"}, {"fiscalDateEnding": "2021-12-31", "reportedCurrency": "USD", "grossProfit": "3616000000", "totalRevenue": "21054000000", "costOfRevenue": "17438000000", "costofGoodsAndServicesSold": "17438000000", "operatingIncome": "61000000", "sellingGeneralAndAdministrative": "3055000000", "researchAndDevelopment": "None", "operatingExpenses": "20993000000", "investmentIncomeNet": "None", "netInterestIncome": "-91000000", "interestIncome": "91000000", "interestExpense": "91000000", "nonInterestIncome": "None", "otherNonOperatingIncome": "-34000000", "depreciation": "None", "depreciationAndAmortization": "134000000", "incomeBeforeTax": "-60000000", "incomeTaxExpense": "-51000000", "interestAndDebtExpense": "None", "netIncomeFromContinuingOperations": "-13000000", "comprehensiveIncomeNetOfTax": "None", "ebit": "26000000", "ebitda": "220000000", "netIncome": "-14000000"}, {"fiscalDateEnding": "2021-09-30", "reportedCurrency": "USD", "grossProfit": "3381000000", "totalRevenue": "20697000000", "costOfRevenue": "17316000000", "costofGoodsAndServicesSold": "17316000000", "operatingIncome": "628000000", "sellingGeneralAndAdministrative": "2603000000", "researchAndDevelopment": "None", "operatingExpenses": "20069000000", "investmentIncomeNet": "None", "netInterestIncome": "-88000000", "interestIncome": "88000000", "interestExpense": "88000000", "nonInterestIncome": "None", "otherNonOperatingIncome": "1111000000", "depreciation": "None", "depreciationAndAmortization": "150000000", "incomeBeforeTax": "1636000000", "incomeTaxExpense": "120000000", "interestAndDebtExpense": "None", "netIncomeFromContinuingOperations": "1516000000", "comprehensiveIncomeNetOfTax": "None", "ebit": "1739000000", "ebitda": "1920000000", "netIncome": "1531000000"}, {"fiscalDateEnding": "2021-06-30", "reportedCurrency": "USD", "grossProfit": "3496000000", "totalRevenue": "20645000000", "costOfRevenue": "17149000000", "costofGoodsAndServicesSold": "17149000000", "operatingIncome": "1236000000", "sellingGeneralAndAdministrative": "2116000000", "researchAndDevelopment": "None", "operatingExpenses": "19409000000", "investmentIncomeNet": "None", "netInterestIncome": "-79000000", "interestIncome": "79000000", "interestExpense": "79000000", "nonInterestIncome": "None", "otherNonOperatingIncome": "-386000000", "depreciation": "None", "depreciationAndAmortization": "170000000", "incomeBeforeTax": "738000000", "incomeTaxExpense": "183000000", "interestAndDebtExpense": "None", "netIncomeFromContinuingOperations": "588000000", "comprehensiveIncomeNetOfTax": "None", "ebit": "850000000", "ebitda": "1020000000", "netIncome": "588000000"}, {"fiscalDateEnding": "2021-03-31", "reportedCurrency": "USD", "grossProfit": "3372000000", "totalRevenue": "20668000000", "costOfRevenue": "17296000000", "costofGoodsAndServicesSold": "17296000000", "operatingIncome": "1223000000", "sellingGeneralAndAdministrative": "2007000000", "researchAndDevelopment": "None", "operatingExpenses": "19445000000", "investmentIncomeNet": "None", "netInterestIncome": "-68000000", "interestIncome": "68000000", "interestExpense": "68000000", "nonInterestIncome": "None", "otherNonOperatingIncome": "-94000000", "depreciation": "None", "depreciationAndAmortization": "142000000", "incomeBeforeTax": "1040000000", "incomeTaxExpense": "233000000", "interestAndDebtExpense": "None", "netIncomeFromContinuingOperations": "828000000", "comprehensiveIncomeNetOfTax": "None", "ebit": "1129000000", "ebitda": "1297000000", "netIncome": "828000000"}, {"fiscalDateEnding": "2020-12-31", "reportedCurrency": "USD", "grossProfit": "19062000000", "totalRevenue": "19062000000", "costOfRevenue": "10052000000", "costofGoodsAndServicesSold": "10052000000", "operatingIncome": "-346000000", "sellingGeneralAndAdministrative": "2117000000", "researchAndDevelopment": "None", "operatingExpenses": "19408000000", "investmentIncomeNet": "None", "netInterestIncome": "-72000000", "interestIncome": "72000000", "interestExpense": "72000000", "nonInterestIncome": "None", "otherNonOperatingIncome": "-34000000", "depreciation": "None", "depreciationAndAmortization": "160000000", "incomeBeforeTax": "-452000000", "incomeTaxExpense": "178000000", "interestAndDebtExpense": "None", "netIncomeFromContinuingOperations": "-280000000", "comprehensiveIncomeNetOfTax": "None", "ebit": "-346000000", "ebitda": "-186000000", "netIncome": "-274000000"}, {"fiscalDateEnding": "2020-09-30", "reportedCurrency": "USD", "grossProfit": "20075000000", "totalRevenue": "20075000000", "costOfRevenue": "2513000000", "costofGoodsAndServicesSold": "2513000000", "operatingIncome": "1823000000", "sellingGeneralAndAdministrative": "2513000000", "researchAndDevelopment": "None", "operatingExpenses": "18252000000", "investmentIncomeNet": "None", "netInterestIncome": "-75000000", "interestIncome": "75000000", "interestExpense": "75000000", "nonInterestIncome": "None", "otherNonOperatingIncome": "42000000", "depreciation": "None", "depreciationAndAmortization": "161000000", "incomeBeforeTax": "1755000000", "incomeTaxExpense": "450000000", "interestAndDebtExpense": "None", "netIncomeFromContinuingOperations": "1305000000", "comprehensiveIncomeNetOfTax": "None", "ebit": "1865000000", "ebitda": "2026000000", "netIncome": "1340000000"}, {"fiscalDateEnding": "2020-06-30", "reportedCurrency": "USD", "grossProfit": "19083000000", "totalRevenue": "19083000000", "costOfRevenue": "2354000000", "costofGoodsAndServicesSold": "2354000000", "operatingIncome": "2435000000", "sellingGeneralAndAdministrative": "2354000000", "researchAndDevelopment": "None", "operatingExpenses": "16648000000", "investmentIncomeNet": "None", "netInterestIncome": "-76000000", "interestIncome": "76000000", "interestExpense": "76000000", "nonInterestIncome": "None", "otherNonOperatingIncome": "252000000", "depreciation": "None", "depreciationAndAmortization": "150000000", "incomeBeforeTax": "2611000000", "incomeTaxExpense": "783000000", "interestAndDebtExpense": "None", "netIncomeFromContinuingOperations": "1803000000", "comprehensiveIncomeNetOfTax": "None", "ebit": "2435000000", "ebitda": "2585000000", "netIncome": "1828000000"}, {"fiscalDateEnding": "2020-03-31", "reportedCurrency": "USD", "grossProfit": "18935000000", "totalRevenue": "18935000000", "costOfRevenue": "2117000000", "costofGoodsAndServicesSold": "2117000000", "operatingIncome": "1074000000", "sellingGeneralAndAdministrative": "2117000000", "researchAndDevelopment": "None", "operatingExpenses": "17861000000", "investmentIncomeNet": "None", "netInterestIncome": "-60000000", "interestIncome": "60000000", "interestExpense": "60000000", "nonInterestIncome": "None", "otherNonOperatingIncome": "-289000000", "depreciation": "None", "depreciationAndAmortization": "145000000", "incomeBeforeTax": "725000000", "incomeTaxExpense": "252000000", "interestAndDebtExpense": "None", "netIncomeFromContinuingOperations": "465000000", "comprehensiveIncomeNetOfTax": "None", "ebit": "1074000000", "ebitda": "1219000000", "netIncome": "473000000"}, {"fiscalDateEnding": "2019-12-31", "reportedCurrency": "USD", "grossProfit": "16295000000", "totalRevenue": "16295000000", "costOfRevenue": "7381000000", "costofGoodsAndServicesSold": "7381000000", "operatingIncome": "362000000", "sellingGeneralAndAdministrative": "2129000000", "researchAndDevelopment": "None", "operatingExpenses": "15933000000", "investmentIncomeNet": "None", "netInterestIncome": "-58000000", "interestIncome": "58000000", "interestExpense": "58000000", "nonInterestIncome": "None", "otherNonOperatingIncome": "287000000", "depreciation": "None", "depreciationAndAmortization": "140000000", "incomeBeforeTax": "591000000", "incomeTaxExpense": "79000000", "interestAndDebtExpense": "None", "netIncomeFromContinuingOperations": "514000000", "comprehensiveIncomeNetOfTax": "None", "ebit": "362000000", "ebitda": "502000000", "netIncome": "512000000"}, {"fiscalDateEnding": "2019-09-30", "reportedCurrency": "USD", "grossProfit": "16241000000", "totalRevenue": "16241000000", "costOfRevenue": "1889000000", "costofGoodsAndServicesSold": "1889000000", "operatingIncome": "868000000", "sellingGeneralAndAdministrative": "1889000000", "researchAndDevelopment": "None", "operatingExpenses": "15373000000", "investmentIncomeNet": "None", "netInterestIncome": "-62000000", "interestIncome": "62000000", "interestExpense": "62000000", "nonInterestIncome": "None", "otherNonOperatingIncome": "83000000", "depreciation": "None", "depreciationAndAmortization": "159000000", "incomeBeforeTax": "889000000", "incomeTaxExpense": "200000000", "interestAndDebtExpense": "None", "netIncomeFromContinuingOperations": "688000000", "comprehensiveIncomeNetOfTax": "None", "ebit": "868000000", "ebitda": "1027000000", "netIncome": "689000000"}, {"fiscalDateEnding": "2019-06-30", "reportedCurrency": "USD", "grossProfit": "16245000000", "totalRevenue": "16245000000", "costOfRevenue": "1703000000", "costofGoodsAndServicesSold": "1703000000", "operatingIncome": "1115000000", "sellingGeneralAndAdministrative": "1703000000", "researchAndDevelopment": "None", "operatingExpenses": "15130000000", "investmentIncomeNet": "None", "netInterestIncome": "-60000000", "interestIncome": "60000000", "interestExpense": "60000000", "nonInterestIncome": "None", "otherNonOperatingIncome": "186000000", "depreciation": "None", "depreciationAndAmortization": "140000000", "incomeBeforeTax": "1241000000", "incomeTaxExpense": "301000000", "interestAndDebtExpense": "None", "netIncomeFromContinuingOperations": "928000000", "comprehensiveIncomeNetOfTax": "None", "ebit": "1115000000", "ebitda": "1255000000", "netIncome": "940000000"}, {"fiscalDateEnding": "2019-03-31", "reportedCurrency": "USD", "grossProfit": "16107000000", "totalRevenue": "16107000000", "costOfRevenue": "1660000000", "costofGoodsAndServicesSold": "1660000000", "operatingIncome": "847000000", "sellingGeneralAndAdministrative": "1660000000", "researchAndDevelopment": "None", "operatingExpenses": "15260000000", "investmentIncomeNet": "None", "netInterestIncome": "-62000000", "interestIncome": "62000000", "interestExpense": "62000000", "nonInterestIncome": "None", "otherNonOperatingIncome": "-36000000", "depreciation": "None", "depreciationAndAmortization": "136000000", "incomeBeforeTax": "749000000", "incomeTaxExpense": "183000000", "interestAndDebtExpense": "None", "netIncomeFromContinuingOperations": "563000000", "comprehensiveIncomeNetOfTax": "None", "ebit": "847000000", "ebitda": "983000000", "netIncome": "566000000"}, {"fiscalDateEnding": "2018-12-31", "reportedCurrency": "USD", "grossProfit": "14168000000", "totalRevenue": "14168000000", "costOfRevenue": "7525000000", "costofGoodsAndServicesSold": "7525000000", "operatingIncome": "517000000", "sellingGeneralAndAdministrative": "2115000000", "researchAndDevelopment": "0", "operatingExpenses": "13651000000", "investmentIncomeNet": "None", "netInterestIncome": "None", "interestIncome": "None", "interestExpense": "59000000", "nonInterestIncome": "None", "otherNonOperatingIncome": "-31000000", "depreciation": "None", "depreciationAndAmortization": "134000000", "incomeBeforeTax": "438000000", "incomeTaxExpense": "83000000", "interestAndDebtExpense": "None", "netIncomeFromContinuingOperations": "1135000000", "comprehensiveIncomeNetOfTax": "None", "ebit": "517000000", "ebitda": "651000000", "netIncome": "355000000"}, {"fiscalDateEnding": "2018-09-30", "reportedCurrency": "USD", "grossProfit": "14206000000", "totalRevenue": "14206000000", "costOfRevenue": "1900000000", "costofGoodsAndServicesSold": "1900000000", "operatingIncome": "961000000", "sellingGeneralAndAdministrative": "1900000000", "researchAndDevelopment": "0", "operatingExpenses": "13245000000", "investmentIncomeNet": "None", "netInterestIncome": "None", "interestIncome": "None", "interestExpense": "53000000", "nonInterestIncome": "None", "otherNonOperatingIncome": "2000000", "depreciation": "None", "depreciationAndAmortization": "131000000", "incomeBeforeTax": "910000000", "incomeTaxExpense": "266000000", "interestAndDebtExpense": "None", "netIncomeFromContinuingOperations": "635000000", "comprehensiveIncomeNetOfTax": "None", "ebit": "961000000", "ebitda": "1092000000", "netIncome": "644000000"}, {"fiscalDateEnding": "2018-06-30", "reportedCurrency": "USD", "grossProfit": "14259000000", "totalRevenue": "14259000000", "costOfRevenue": "1761000000", "costofGoodsAndServicesSold": "1761000000", "operatingIncome": "862000000", "sellingGeneralAndAdministrative": "1761000000", "researchAndDevelopment": "0", "operatingExpenses": "13397000000", "investmentIncomeNet": "None", "netInterestIncome": "None", "interestIncome": "None", "interestExpense": "53000000", "nonInterestIncome": "None", "otherNonOperatingIncome": "-790000000", "depreciation": "None", "depreciationAndAmortization": "130000000", "incomeBeforeTax": "19000000", "incomeTaxExpense": "174000000", "interestAndDebtExpense": "None", "netIncomeFromContinuingOperations": "193000000", "comprehensiveIncomeNetOfTax": "None", "ebit": "862000000", "ebitda": "992000000", "netIncome": "193000000"}, {"fiscalDateEnding": "2018-03-31", "reportedCurrency": "USD", "grossProfit": "14279000000", "totalRevenue": "14279000000", "costOfRevenue": "1749000000", "costofGoodsAndServicesSold": "1749000000", "operatingIncome": "760000000", "sellingGeneralAndAdministrative": "1749000000", "researchAndDevelopment": "0", "operatingExpenses": "13519000000", "investmentIncomeNet": "None", "netInterestIncome": "None", "interestIncome": "None", "interestExpense": "53000000", "nonInterestIncome": "None", "otherNonOperatingIncome": "None", "depreciation": "None", "depreciationAndAmortization": "139000000", "incomeBeforeTax": "707000000", "incomeTaxExpense": "216000000", "interestAndDebtExpense": "None", "netIncomeFromContinuingOperations": "491000000", "comprehensiveIncomeNetOfTax": "None", "ebit": "760000000", "ebitda": "899000000", "netIncome": "491000000"}, {"fiscalDateEnding": "2017-12-31", "reportedCurrency": "USD", "grossProfit": "13189000000", "totalRevenue": "13189000000", "costOfRevenue": "6567000000", "costofGoodsAndServicesSold": "6567000000", "operatingIncome": "566000000", "sellingGeneralAndAdministrative": "1873000000", "researchAndDevelopment": "0", "operatingExpenses": "12623000000", "investmentIncomeNet": "None", "netInterestIncome": "None", "interestIncome": "None", "interestExpense": "76000000", "nonInterestIncome": "None", "otherNonOperatingIncome": "None", "depreciation": "None", "depreciationAndAmortization": "128000000", "incomeBeforeTax": "490000000", "incomeTaxExpense": "306000000", "interestAndDebtExpense": "None", "netIncomeFromContinuingOperations": "3328000000", "comprehensiveIncomeNetOfTax": "None", "ebit": "566000000", "ebitda": "694000000", "netIncome": "184000000"}, {"fiscalDateEnding": "2017-09-30", "reportedCurrency": "USD", "grossProfit": "13282000000", "totalRevenue": "13282000000", "costOfRevenue": "1688000000", "costofGoodsAndServicesSold": "1688000000", "operatingIncome": "858000000", "sellingGeneralAndAdministrative": "1688000000", "researchAndDevelopment": "0", "operatingExpenses": "12424000000", "investmentIncomeNet": "None", "netInterestIncome": "None", "interestIncome": "None", "interestExpense": "59000000", "nonInterestIncome": "None", "otherNonOperatingIncome": "None", "depreciation": "None", "depreciationAndAmortization": "120000000", "incomeBeforeTax": "799000000", "incomeTaxExpense": "300000000", "interestAndDebtExpense": "None", "netIncomeFromContinuingOperations": "499000000", "comprehensiveIncomeNetOfTax": "None", "ebit": "858000000", "ebitda": "978000000", "netIncome": "499000000"}, {"fiscalDateEnding": "2017-06-30", "reportedCurrency": "USD", "grossProfit": "13534000000", "totalRevenue": "13534000000", "costOfRevenue": "1453000000", "costofGoodsAndServicesSold": "1453000000", "operatingIncome": "1100000000", "sellingGeneralAndAdministrative": "1453000000", "researchAndDevelopment": "0", "operatingExpenses": "12434000000", "investmentIncomeNet": "None", "netInterestIncome": "None", "interestIncome": "None", "interestExpense": "58000000", "nonInterestIncome": "None", "otherNonOperatingIncome": "None", "depreciation": "None", "depreciationAndAmortization": "119000000", "incomeBeforeTax": "1042000000", "incomeTaxExpense": "392000000", "interestAndDebtExpense": "None", "netIncomeFromContinuingOperations": "650000000", "comprehensiveIncomeNetOfTax": "None", "ebit": "1100000000", "ebitda": "1219000000", "netIncome": "650000000"}, {"fiscalDateEnding": "2017-03-31", "reportedCurrency": "USD", "grossProfit": "13762000000", "totalRevenue": "13762000000", "costOfRevenue": "1553000000", "costofGoodsAndServicesSold": "1553000000", "operatingIncome": "1738000000", "sellingGeneralAndAdministrative": "1553000000", "researchAndDevelopment": "0", "operatingExpenses": "12024000000", "investmentIncomeNet": "None", "netInterestIncome": "None", "interestIncome": "None", "interestExpense": "49000000", "nonInterestIncome": "None", "otherNonOperatingIncome": "None", "depreciation": "None", "depreciationAndAmortization": "118000000", "incomeBeforeTax": "1689000000", "incomeTaxExpense": "574000000", "interestAndDebtExpense": "None", "netIncomeFromContinuingOperations": "1115000000", "comprehensiveIncomeNetOfTax": "None", "ebit": "1738000000", "ebitda": "1856000000", "netIncome": "1115000000"}, {"fiscalDateEnding": "2016-12-31", "reportedCurrency": "USD", "grossProfit": "12878000000", "totalRevenue": "12878000000", "costOfRevenue": "7277000000", "costofGoodsAndServicesSold": "7277000000", "operatingIncome": "-438000000", "sellingGeneralAndAdministrative": "2024000000", "researchAndDevelopment": "0", "operatingExpenses": "13316000000", "investmentIncomeNet": "None", "netInterestIncome": "None", "interestIncome": "None", "interestExpense": "48000000", "nonInterestIncome": "None", "otherNonOperatingIncome": "None", "depreciation": "None", "depreciationAndAmortization": "117000000", "incomeBeforeTax": "-486000000", "incomeTaxExpense": "85000000", "interestAndDebtExpense": "None", "netIncomeFromContinuingOperations": "-381000000", "comprehensiveIncomeNetOfTax": "None", "ebit": "-438000000", "ebitda": "-321000000", "netIncome": "-401000000"}, {"fiscalDateEnding": "2016-09-30", "reportedCurrency": "USD", "grossProfit": "13694000000", "totalRevenue": "13694000000", "costOfRevenue": "1759000000", "costofGoodsAndServicesSold": "1759000000", "operatingIncome": "949000000", "sellingGeneralAndAdministrative": "1759000000", "researchAndDevelopment": "0", "operatingExpenses": "12745000000", "investmentIncomeNet": "None", "netInterestIncome": "None", "interestIncome": "None", "interestExpense": "47000000", "nonInterestIncome": "None", "otherNonOperatingIncome": "None", "depreciation": "None", "depreciationAndAmortization": "117000000", "incomeBeforeTax": "902000000", "incomeTaxExpense": "452000000", "interestAndDebtExpense": "None", "netIncomeFromContinuingOperations": "450000000", "comprehensiveIncomeNetOfTax": "None", "ebit": "949000000", "ebitda": "1066000000", "netIncome": "450000000"}, {"fiscalDateEnding": "2016-06-30", "reportedCurrency": "USD", "grossProfit": "14007000000", "totalRevenue": "14007000000", "costOfRevenue": "1726000000", "costofGoodsAndServicesSold": "1726000000", "operatingIncome": "683000000", "sellingGeneralAndAdministrative": "1726000000", "researchAndDevelopment": "0", "operatingExpenses": "13324000000", "investmentIncomeNet": "None", "netInterestIncome": "None", "interestIncome": "None", "interestExpense": "47000000", "nonInterestIncome": "None", "otherNonOperatingIncome": "None", "depreciation": "None", "depreciationAndAmortization": "116000000", "incomeBeforeTax": "636000000", "incomeTaxExpense": "325000000", "interestAndDebtExpense": "None", "netIncomeFromContinuingOperations": "311000000", "comprehensiveIncomeNetOfTax": "None", "ebit": "683000000", "ebitda": "799000000", "netIncome": "311000000"}, {"fiscalDateEnding": "2016-03-31", "reportedCurrency": "USD", "grossProfit": "13800000000", "totalRevenue": "13800000000", "costOfRevenue": "1768000000", "costofGoodsAndServicesSold": "1768000000", "operatingIncome": "547000000", "sellingGeneralAndAdministrative": "1768000000", "researchAndDevelopment": "0", "operatingExpenses": "13253000000", "investmentIncomeNet": "None", "netInterestIncome": "None", "interestIncome": "None", "interestExpense": "47000000", "nonInterestIncome": "None", "otherNonOperatingIncome": "None", "depreciation": "None", "depreciationAndAmortization": "115000000", "incomeBeforeTax": "500000000", "incomeTaxExpense": "246000000", "interestAndDebtExpense": "None", "netIncomeFromContinuingOperations": "234000000", "comprehensiveIncomeNetOfTax": "None", "ebit": "547000000", "ebitda": "662000000", "netIncome": "254000000"}, {"fiscalDateEnding": "2015-12-31", "reportedCurrency": "USD", "grossProfit": "13361000000", "totalRevenue": "13361000000", "costOfRevenue": "7318000000", "costofGoodsAndServicesSold": "7318000000", "operatingIncome": "289000000", "sellingGeneralAndAdministrative": "1868000000", "researchAndDevelopment": "0", "operatingExpenses": "13072000000", "investmentIncomeNet": "None", "netInterestIncome": "None", "interestIncome": "None", "interestExpense": "46000000", "nonInterestIncome": "None", "otherNonOperatingIncome": "3000000", "depreciation": "None", "depreciationAndAmortization": "112000000", "incomeBeforeTax": "246000000", "incomeTaxExpense": "145000000", "interestAndDebtExpense": "None", "netIncomeFromContinuingOperations": "101000000", "comprehensiveIncomeNetOfTax": "None", "ebit": "289000000", "ebitda": "401000000", "netIncome": "101000000"}, {"fiscalDateEnding": "2015-09-30", "reportedCurrency": "USD", "grossProfit": "13363000000", "totalRevenue": "13363000000", "costOfRevenue": "1688000000", "costofGoodsAndServicesSold": "1688000000", "operatingIncome": "695000000", "sellingGeneralAndAdministrative": "1688000000", "researchAndDevelopment": "0", "operatingExpenses": "12668000000", "investmentIncomeNet": "None", "netInterestIncome": "None", "interestIncome": "None", "interestExpense": "47000000", "nonInterestIncome": "None", "otherNonOperatingIncome": "None", "depreciation": "None", "depreciationAndAmortization": "107000000", "incomeBeforeTax": "648000000", "incomeTaxExpense": "334000000", "interestAndDebtExpense": "None", "netIncomeFromContinuingOperations": "314000000", "comprehensiveIncomeNetOfTax": "None", "ebit": "695000000", "ebitda": "802000000", "netIncome": "314000000"}, {"fiscalDateEnding": "2015-06-30", "reportedCurrency": "USD", "grossProfit": "13732000000", "totalRevenue": "13732000000", "costOfRevenue": "1817000000", "costofGoodsAndServicesSold": "1817000000", "operatingIncome": "573000000", "sellingGeneralAndAdministrative": "1817000000", "researchAndDevelopment": "0", "operatingExpenses": "13159000000", "investmentIncomeNet": "None", "netInterestIncome": "None", "interestIncome": "None", "interestExpense": "47000000", "nonInterestIncome": "None", "otherNonOperatingIncome": "267000000", "depreciation": "None", "depreciationAndAmortization": "114000000", "incomeBeforeTax": "793000000", "incomeTaxExpense": "362000000", "interestAndDebtExpense": "None", "netIncomeFromContinuingOperations": "431000000", "comprehensiveIncomeNetOfTax": "None", "ebit": "573000000", "ebitda": "687000000", "netIncome": "431000000"}, {"fiscalDateEnding": "2015-03-31", "reportedCurrency": "USD", "grossProfit": "13833000000", "totalRevenue": "13833000000", "costOfRevenue": "1945000000", "costofGoodsAndServicesSold": "1945000000", "operatingIncome": "790000000", "sellingGeneralAndAdministrative": "1945000000", "researchAndDevelopment": "0", "operatingExpenses": "13043000000", "investmentIncomeNet": "None", "netInterestIncome": "None", "interestIncome": "None", "interestExpense": "46000000", "nonInterestIncome": "None", "otherNonOperatingIncome": "None", "depreciation": "None", "depreciationAndAmortization": "114000000", "incomeBeforeTax": "744000000", "incomeTaxExpense": "314000000", "interestAndDebtExpense": "None", "netIncomeFromContinuingOperations": "430000000", "comprehensiveIncomeNetOfTax": "None", "ebit": "790000000", "ebitda": "904000000", "netIncome": "430000000"}, {"fiscalDateEnding": "2014-12-31", "reportedCurrency": "USD", "grossProfit": "12328000000", "totalRevenue": "12328000000", "costOfRevenue": "7639000000", "costofGoodsAndServicesSold": "7639000000", "operatingIncome": "371000000", "sellingGeneralAndAdministrative": "2121000000", "researchAndDevelopment": "0", "operatingExpenses": "11957000000", "investmentIncomeNet": "None", "netInterestIncome": "None", "interestIncome": "None", "interestExpense": "84000000", "nonInterestIncome": "None", "otherNonOperatingIncome": "None", "depreciation": "None", "depreciationAndAmortization": "124000000", "incomeBeforeTax": "287000000", "incomeTaxExpense": "142000000", "interestAndDebtExpense": "None", "netIncomeFromContinuingOperations": "145000000", "comprehensiveIncomeNetOfTax": "None", "ebit": "371000000", "ebitda": "495000000", "netIncome": "145000000"}, {"fiscalDateEnding": "2014-09-30", "reportedCurrency": "USD", "grossProfit": "12238000000", "totalRevenue": "12238000000", "costOfRevenue": "1898000000", "costofGoodsAndServicesSold": "1898000000", "operatingIncome": "589000000", "sellingGeneralAndAdministrative": "1898000000", "researchAndDevelopment": "0", "operatingExpenses": "11649000000", "investmentIncomeNet": "None", "netInterestIncome": "None", "interestIncome": "None", "interestExpense": "38000000", "nonInterestIncome": "None", "otherNonOperatingIncome": "None", "depreciation": "None", "depreciationAndAmortization": "112000000", "incomeBeforeTax": "551000000", "incomeTaxExpense": "261000000", "interestAndDebtExpense": "None", "netIncomeFromContinuingOperations": "290000000", "comprehensiveIncomeNetOfTax": "None", "ebit": "589000000", "ebitda": "701000000", "netIncome": "290000000"}, {"fiscalDateEnding": "2014-06-30", "reportedCurrency": "USD", "grossProfit": "12222000000", "totalRevenue": "12222000000", "costOfRevenue": "1835000000", "costofGoodsAndServicesSold": "1835000000", "operatingIncome": "681000000", "sellingGeneralAndAdministrative": "1835000000", "researchAndDevelopment": "0", "operatingExpenses": "11541000000", "investmentIncomeNet": "None", "netInterestIncome": "None", "interestIncome": "None", "interestExpense": "35000000", "nonInterestIncome": "None", "otherNonOperatingIncome": "None", "depreciation": "None", "depreciationAndAmortization": "106000000", "incomeBeforeTax": "646000000", "incomeTaxExpense": "302000000", "interestAndDebtExpense": "None", "netIncomeFromContinuingOperations": "344000000", "comprehensiveIncomeNetOfTax": "None", "ebit": "681000000", "ebitda": "787000000", "netIncome": "344000000"}, {"fiscalDateEnding": "2014-03-31", "reportedCurrency": "USD", "grossProfit": "11712000000", "totalRevenue": "11712000000", "costOfRevenue": "1785000000", "costofGoodsAndServicesSold": "1785000000", "operatingIncome": "721000000", "sellingGeneralAndAdministrative": "1785000000", "researchAndDevelopment": "0", "operatingExpenses": "10991000000", "investmentIncomeNet": "None", "netInterestIncome": "None", "interestIncome": "None", "interestExpense": "35000000", "nonInterestIncome": "None", "otherNonOperatingIncome": "None", "depreciation": "None", "depreciationAndAmortization": "107000000", "incomeBeforeTax": "686000000", "incomeTaxExpense": "318000000", "interestAndDebtExpense": "None", "netIncomeFromContinuingOperations": "368000000", "comprehensiveIncomeNetOfTax": "None", "ebit": "721000000", "ebitda": "828000000", "netIncome": "368000000"}, {"fiscalDateEnding": "2013-12-31", "reportedCurrency": "USD", "grossProfit": "10187000000", "totalRevenue": "10187000000", "costOfRevenue": "6355000000", "costofGoodsAndServicesSold": "6355000000", "operatingIncome": "-14000000", "sellingGeneralAndAdministrative": "1908000000", "researchAndDevelopment": "0", "operatingExpenses": "10201000000", "investmentIncomeNet": "None", "netInterestIncome": "None", "interestIncome": "None", "interestExpense": "35000000", "nonInterestIncome": "None", "otherNonOperatingIncome": "None", "depreciation": "None", "depreciationAndAmortization": "114000000", "incomeBeforeTax": "-49000000", "incomeTaxExpense": "19000000", "interestAndDebtExpense": "None", "netIncomeFromContinuingOperations": "-30000000", "comprehensiveIncomeNetOfTax": "None", "ebit": "-14000000", "ebitda": "100000000", "netIncome": "-30000000"}, {"fiscalDateEnding": "2013-09-30", "reportedCurrency": "USD", "grossProfit": "10319000000", "totalRevenue": "10319000000", "costOfRevenue": "1540000000", "costofGoodsAndServicesSold": "1540000000", "operatingIncome": "621000000", "sellingGeneralAndAdministrative": "1540000000", "researchAndDevelopment": "0", "operatingExpenses": "9698000000", "investmentIncomeNet": "None", "netInterestIncome": "None", "interestIncome": "None", "interestExpense": "35000000", "nonInterestIncome": "None", "otherNonOperatingIncome": "None", "depreciation": "None", "depreciationAndAmortization": "106000000", "incomeBeforeTax": "586000000", "incomeTaxExpense": "218000000", "interestAndDebtExpense": "None", "netIncomeFromContinuingOperations": "368000000", "comprehensiveIncomeNetOfTax": "None", "ebit": "621000000", "ebitda": "727000000", "netIncome": "368000000"}, {"fiscalDateEnding": "2013-06-30", "reportedCurrency": "USD", "grossProfit": "10321000000", "totalRevenue": "10321000000", "costOfRevenue": "1461000000", "costofGoodsAndServicesSold": "1461000000", "operatingIncome": "689000000", "sellingGeneralAndAdministrative": "1461000000", "researchAndDevelopment": "0", "operatingExpenses": "9632000000", "investmentIncomeNet": "None", "netInterestIncome": "None", "interestIncome": "None", "interestExpense": "35000000", "nonInterestIncome": "None", "otherNonOperatingIncome": "None", "depreciation": "None", "depreciationAndAmortization": "104000000", "incomeBeforeTax": "654000000", "incomeTaxExpense": "234000000", "interestAndDebtExpense": "None", "netIncomeFromContinuingOperations": "420000000", "comprehensiveIncomeNetOfTax": "None", "ebit": "689000000", "ebitda": "793000000", "netIncome": "420000000"}, {"fiscalDateEnding": "2013-03-31", "reportedCurrency": "USD", "grossProfit": "10486000000", "totalRevenue": "10486000000", "costOfRevenue": "1446000000", "costofGoodsAndServicesSold": "1446000000", "operatingIncome": "765000000", "sellingGeneralAndAdministrative": "1446000000", "researchAndDevelopment": "0", "operatingExpenses": "9721000000", "investmentIncomeNet": "None", "netInterestIncome": "None", "interestIncome": "None", "interestExpense": "35000000", "nonInterestIncome": "None", "otherNonOperatingIncome": "None", "depreciation": "None", "depreciationAndAmortization": "102000000", "incomeBeforeTax": "730000000", "incomeTaxExpense": "257000000", "interestAndDebtExpense": "None", "netIncomeFromContinuingOperations": "473000000", "comprehensiveIncomeNetOfTax": "None", "ebit": "765000000", "ebitda": "867000000", "netIncome": "473000000"}, {"fiscalDateEnding": "2012-12-31", "reportedCurrency": "USD", "grossProfit": "9557000000", "totalRevenue": "9557000000", "costOfRevenue": "7493000000", "costofGoodsAndServicesSold": "7493000000", "operatingIncome": "309000000", "sellingGeneralAndAdministrative": "1655000000", "researchAndDevelopment": "0", "operatingExpenses": "9248000000", "investmentIncomeNet": "None", "netInterestIncome": "None", "interestIncome": "None", "interestExpense": "27000000", "nonInterestIncome": "None", "otherNonOperatingIncome": "None", "depreciation": "None", "depreciationAndAmortization": "100000000", "incomeBeforeTax": "282000000", "incomeTaxExpense": "90000000", "interestAndDebtExpense": "None", "netIncomeFromContinuingOperations": "192000000", "comprehensiveIncomeNetOfTax": "None", "ebit": "282000000", "ebitda": "382000000", "netIncome": "192000000"}, {"fiscalDateEnding": "2012-09-30", "reportedCurrency": "USD", "grossProfit": "9651000000", "totalRevenue": "9651000000", "costOfRevenue": "1408000000", "costofGoodsAndServicesSold": "1408000000", "operatingIncome": "675000000", "sellingGeneralAndAdministrative": "1408000000", "researchAndDevelopment": "0", "operatingExpenses": "8976000000", "investmentIncomeNet": "None", "netInterestIncome": "None", "interestIncome": "None", "interestExpense": "26000000", "nonInterestIncome": "None", "otherNonOperatingIncome": "None", "depreciation": "None", "depreciationAndAmortization": "78000000", "incomeBeforeTax": "675000000", "incomeTaxExpense": "249000000", "interestAndDebtExpense": "None", "netIncomeFromContinuingOperations": "426000000", "comprehensiveIncomeNetOfTax": "None", "ebit": "675000000", "ebitda": "753000000", "netIncome": "426000000"}, {"fiscalDateEnding": "2012-06-30", "reportedCurrency": "USD", "grossProfit": "9699000000", "totalRevenue": "9699000000", "costOfRevenue": "1384000000", "costofGoodsAndServicesSold": "1384000000", "operatingIncome": "564000000", "sellingGeneralAndAdministrative": "1384000000", "researchAndDevelopment": "0", "operatingExpenses": "9135000000", "investmentIncomeNet": "None", "netInterestIncome": "None", "interestIncome": "None", "interestExpense": "26000000", "nonInterestIncome": "None", "otherNonOperatingIncome": "None", "depreciation": "None", "depreciationAndAmortization": "82000000", "incomeBeforeTax": "564000000", "incomeTaxExpense": "208000000", "interestAndDebtExpense": "None", "netIncomeFromContinuingOperations": "356000000", "comprehensiveIncomeNetOfTax": "None", "ebit": "564000000", "ebitda": "646000000", "netIncome": "356000000"}, {"fiscalDateEnding": "2012-03-31", "reportedCurrency": "USD", "grossProfit": "10219000000", "totalRevenue": "10219000000", "costOfRevenue": "1383000000", "costofGoodsAndServicesSold": "1383000000", "operatingIncome": "390000000", "sellingGeneralAndAdministrative": "1383000000", "researchAndDevelopment": "0", "operatingExpenses": "9829000000", "investmentIncomeNet": "None", "netInterestIncome": "None", "interestIncome": "None", "interestExpense": "26000000", "nonInterestIncome": "None", "otherNonOperatingIncome": "None", "depreciation": "None", "depreciationAndAmortization": "78000000", "incomeBeforeTax": "390000000", "incomeTaxExpense": "142000000", "interestAndDebtExpense": "None", "netIncomeFromContinuingOperations": "248000000", "comprehensiveIncomeNetOfTax": "None", "ebit": "390000000", "ebitda": "468000000", "netIncome": "248000000"}, {"fiscalDateEnding": "2011-12-31", "reportedCurrency": "USD", "grossProfit": "9056508000", "totalRevenue": "9056508000", "costOfRevenue": "5395000000", "costofGoodsAndServicesSold": "5395000000", "operatingIncome": "312982000", "sellingGeneralAndAdministrative": "1585095000", "researchAndDevelopment": "0", "operatingExpenses": "8743526000", "investmentIncomeNet": "None", "netInterestIncome": "None", "interestIncome": "None", "interestExpense": "27044000", "nonInterestIncome": "None", "otherNonOperatingIncome": "366000000", "depreciation": "None", "depreciationAndAmortization": "77836000", "incomeBeforeTax": "312982000", "incomeTaxExpense": "114205000", "interestAndDebtExpense": "None", "netIncomeFromContinuingOperations": "1830777000", "comprehensiveIncomeNetOfTax": "None", "ebit": "312982000", "ebitda": "390818000", "netIncome": "198777000"}, {"fiscalDateEnding": "2011-09-30", "reportedCurrency": "USD", "grossProfit": "9301000000", "totalRevenue": "9301000000", "costOfRevenue": "1361657000", "costofGoodsAndServicesSold": "1361657000", "operatingIncome": "699000000", "sellingGeneralAndAdministrative": "1361657000", "researchAndDevelopment": "0", "operatingExpenses": "8602000000", "investmentIncomeNet": "None", "netInterestIncome": "None", "interestIncome": "None", "interestExpense": "27000000", "nonInterestIncome": "None", "otherNonOperatingIncome": "None", "depreciation": "None", "depreciationAndAmortization": "74000000", "incomeBeforeTax": "699000000", "incomeTaxExpense": "254000000", "interestAndDebtExpense": "None", "netIncomeFromContinuingOperations": "444760000", "comprehensiveIncomeNetOfTax": "None", "ebit": "699000000", "ebitda": "773000000", "netIncome": "445000000"}, {"fiscalDateEnding": "2011-06-30", "reportedCurrency": "USD", "grossProfit": "9284000000", "totalRevenue": "9284000000", "costOfRevenue": "1192405000", "costofGoodsAndServicesSold": "1192405000", "operatingIncome": "726000000", "sellingGeneralAndAdministrative": "1192405000", "researchAndDevelopment": "0", "operatingExpenses": "8558000000", "investmentIncomeNet": "None", "netInterestIncome": "None", "interestIncome": "None", "interestExpense": "28000000", "nonInterestIncome": "None", "otherNonOperatingIncome": "None", "depreciation": "None", "depreciationAndAmortization": "75000000", "incomeBeforeTax": "726000000", "incomeTaxExpense": "266000000", "interestAndDebtExpense": "None", "netIncomeFromContinuingOperations": "460287000", "comprehensiveIncomeNetOfTax": "None", "ebit": "726000000", "ebitda": "801000000", "netIncome": "460000000"}, {"fiscalDateEnding": "2011-03-31", "reportedCurrency": "USD", "grossProfit": "9191000000", "totalRevenue": "9191000000", "costOfRevenue": "1255843000", "costofGoodsAndServicesSold": "1255843000", "operatingIncome": "497000000", "sellingGeneralAndAdministrative": "1255843000", "researchAndDevelopment": "0", "operatingExpenses": "8694000000", "investmentIncomeNet": "None", "netInterestIncome": "None", "interestIncome": "None", "interestExpense": "27000000", "nonInterestIncome": "None", "otherNonOperatingIncome": "None", "depreciation": "None", "depreciationAndAmortization": "76000000", "incomeBeforeTax": "497000000", "incomeTaxExpense": "182000000", "interestAndDebtExpense": "None", "netIncomeFromContinuingOperations": "315176000", "comprehensiveIncomeNetOfTax": "None", "ebit": "497000000", "ebitda": "573000000", "netIncome": "315000000"}, {"fiscalDateEnding": "2010-12-31", "reportedCurrency": "USD", "grossProfit": "8350245000", "totalRevenue": "8350245000", "costOfRevenue": "6785904000", "costofGoodsAndServicesSold": "6785904000", "operatingIncome": "174492000", "sellingGeneralAndAdministrative": "1299781000", "researchAndDevelopment": "0", "operatingExpenses": "8175753000", "investmentIncomeNet": "None", "netInterestIncome": "None", "interestIncome": "None", "interestExpense": "26381000", "nonInterestIncome": "None", "otherNonOperatingIncome": "None", "depreciation": "None", "depreciationAndAmortization": "66307000", "incomeBeforeTax": "174492000", "incomeTaxExpense": "67167000", "interestAndDebtExpense": "None", "netIncomeFromContinuingOperations": "107325000", "comprehensiveIncomeNetOfTax": "None", "ebit": "174492000", "ebitda": "240799000", "netIncome": "107325000"}, {"fiscalDateEnding": "2010-09-30", "reportedCurrency": "USD", "grossProfit": "8350812000", "totalRevenue": "8350812000", "costOfRevenue": "6635424000", "costofGoodsAndServicesSold": "6635424000", "operatingIncome": "622290000", "sellingGeneralAndAdministrative": "1074188000", "researchAndDevelopment": "0", "operatingExpenses": "7728522000", "investmentIncomeNet": "None", "netInterestIncome": "None", "interestIncome": "None", "interestExpense": "26143000", "nonInterestIncome": "None", "otherNonOperatingIncome": "None", "depreciation": "None", "depreciationAndAmortization": "64557000", "incomeBeforeTax": "622290000", "incomeTaxExpense": "229069000", "interestAndDebtExpense": "None", "netIncomeFromContinuingOperations": "393221000", "comprehensiveIncomeNetOfTax": "None", "ebit": "622290000", "ebitda": "686847000", "netIncome": "393221000"}, {"fiscalDateEnding": "2010-06-30", "reportedCurrency": "USD", "grossProfit": "8589243000", "totalRevenue": "8589243000", "costOfRevenue": "6864187000", "costofGoodsAndServicesSold": "6864187000", "operatingIncome": "535854000", "sellingGeneralAndAdministrative": "1161790000", "researchAndDevelopment": "0", "operatingExpenses": "8053389000", "investmentIncomeNet": "None", "netInterestIncome": "None", "interestIncome": "None", "interestExpense": "26222000", "nonInterestIncome": "None", "otherNonOperatingIncome": "None", "depreciation": "None", "depreciationAndAmortization": "69290000", "incomeBeforeTax": "535854000", "incomeTaxExpense": "195778000", "interestAndDebtExpense": "None", "netIncomeFromContinuingOperations": "340076000", "comprehensiveIncomeNetOfTax": "None", "ebit": "535854000", "ebitda": "605144000", "netIncome": "340076000"}, {"fiscalDateEnding": "2010-03-31", "reportedCurrency": "USD", "grossProfit": "8380338000", "totalRevenue": "8380338000", "costOfRevenue": "6813485000", "costofGoodsAndServicesSold": "6813485000", "operatingIncome": "416926000", "sellingGeneralAndAdministrative": "1127043000", "researchAndDevelopment": "0", "operatingExpenses": "7963412000", "investmentIncomeNet": "None", "netInterestIncome": "None", "interestIncome": "None", "interestExpense": "26314000", "nonInterestIncome": "None", "otherNonOperatingIncome": "None", "depreciation": "None", "depreciationAndAmortization": "62756000", "incomeBeforeTax": "416926000", "incomeTaxExpense": "158158000", "interestAndDebtExpense": "None", "netIncomeFromContinuingOperations": "258768000", "comprehensiveIncomeNetOfTax": "None", "ebit": "416926000", "ebitda": "479682000", "netIncome": "258768000"}, {"fiscalDateEnding": "2009-12-31", "reportedCurrency": "USD", "grossProfit": "7633045000", "totalRevenue": "7633045000", "costOfRevenue": "6026796000", "costofGoodsAndServicesSold": "6026796000", "operatingIncome": "398700000", "sellingGeneralAndAdministrative": "1111617000", "researchAndDevelopment": "0", "operatingExpenses": "7234345000", "investmentIncomeNet": "None", "netInterestIncome": "None", "interestIncome": "None", "interestExpense": "26238000", "nonInterestIncome": "None", "otherNonOperatingIncome": "None", "depreciation": "None", "depreciationAndAmortization": "69694000", "incomeBeforeTax": "398700000", "incomeTaxExpense": "148041000", "interestAndDebtExpense": "None", "netIncomeFromContinuingOperations": "0", "comprehensiveIncomeNetOfTax": "None", "ebit": "398700000", "ebitda": "468394000", "netIncome": "250659000"}, {"fiscalDateEnding": "2009-09-30", "reportedCurrency": "USD", "grossProfit": "7716819000", "totalRevenue": "7716819000", "costOfRevenue": "6111351000", "costofGoodsAndServicesSold": "6111351000", "operatingIncome": "469348000", "sellingGeneralAndAdministrative": "1047773000", "researchAndDevelopment": "0", "operatingExpenses": "7247471000", "investmentIncomeNet": "None", "netInterestIncome": "None", "interestIncome": "None", "interestExpense": "26259000", "nonInterestIncome": "None", "otherNonOperatingIncome": "None", "depreciation": "None", "depreciationAndAmortization": "62088000", "incomeBeforeTax": "469348000", "incomeTaxExpense": "167829000", "interestAndDebtExpense": "None", "netIncomeFromContinuingOperations": "301519000", "comprehensiveIncomeNetOfTax": "None", "ebit": "469348000", "ebitda": "531436000", "netIncome": "301519000"}, {"fiscalDateEnding": "2009-06-30", "reportedCurrency": "USD", "grossProfit": "7898889000", "totalRevenue": "7898889000", "costOfRevenue": "6367545000", "costofGoodsAndServicesSold": "6367545000", "operatingIncome": "439950000", "sellingGeneralAndAdministrative": "1004342000", "researchAndDevelopment": "0", "operatingExpenses": "7458939000", "investmentIncomeNet": "None", "netInterestIncome": "None", "interestIncome": "None", "interestExpense": "26574000", "nonInterestIncome": "None", "otherNonOperatingIncome": "None", "depreciation": "None", "depreciationAndAmortization": "60478000", "incomeBeforeTax": "439950000", "incomeTaxExpense": "158170000", "interestAndDebtExpense": "None", "netIncomeFromContinuingOperations": "281780000", "comprehensiveIncomeNetOfTax": "None", "ebit": "439950000", "ebitda": "500428000", "netIncome": "281780000"}, {"fiscalDateEnding": "2009-03-31", "reportedCurrency": "USD", "grossProfit": "7711661000", "totalRevenue": "7711661000", "costOfRevenue": "6269310000", "costofGoodsAndServicesSold": "6269310000", "operatingIncome": "293762000", "sellingGeneralAndAdministrative": "1063803000", "researchAndDevelopment": "0", "operatingExpenses": "7417899000", "investmentIncomeNet": "None", "netInterestIncome": "None", "interestIncome": "None", "interestExpense": "26772000", "nonInterestIncome": "None", "otherNonOperatingIncome": "None", "depreciation": "None", "depreciationAndAmortization": "58014000", "incomeBeforeTax": "293762000", "incomeTaxExpense": "88045000", "interestAndDebtExpense": "None", "netIncomeFromContinuingOperations": "0", "comprehensiveIncomeNetOfTax": "None", "ebit": "293762000", "ebitda": "351776000", "netIncome": "205717000"}, {"fiscalDateEnding": "2008-12-31", "reportedCurrency": "USD", "grossProfit": "7487636000", "totalRevenue": "7487636000", "costOfRevenue": "6041104000", "costofGoodsAndServicesSold": "6041104000", "operatingIncome": "261046000", "sellingGeneralAndAdministrative": "1098943000", "researchAndDevelopment": "0", "operatingExpenses": "7226590000", "investmentIncomeNet": "None", "netInterestIncome": "None", "interestIncome": "None", "interestExpense": "26735000", "nonInterestIncome": "None", "otherNonOperatingIncome": "None", "depreciation": "None", "depreciationAndAmortization": "59808000", "incomeBeforeTax": "261046000", "incomeTaxExpense": "86966000", "interestAndDebtExpense": "None", "netIncomeFromContinuingOperations": "0", "comprehensiveIncomeNetOfTax": "None", "ebit": "261046000", "ebitda": "320854000", "netIncome": "174080000"}, {"fiscalDateEnding": "2008-09-30", "reportedCurrency": "USD", "grossProfit": "7148170000", "totalRevenue": "7148170000", "costOfRevenue": "5810613000", "costofGoodsAndServicesSold": "5810613000", "operatingIncome": "282860000", "sellingGeneralAndAdministrative": "979223000", "researchAndDevelopment": "0", "operatingExpenses": "6865310000", "investmentIncomeNet": "None", "netInterestIncome": "None", "interestIncome": "None", "interestExpense": "19348000", "nonInterestIncome": "None", "otherNonOperatingIncome": "None", "depreciation": "None", "depreciationAndAmortization": "56126000", "incomeBeforeTax": "282860000", "incomeTaxExpense": "99852000", "interestAndDebtExpense": "None", "netIncomeFromContinuingOperations": "0", "comprehensiveIncomeNetOfTax": "None", "ebit": "282860000", "ebitda": "338986000", "netIncome": "183008000"}, {"fiscalDateEnding": "2008-06-30", "reportedCurrency": "USD", "grossProfit": "7350862000", "totalRevenue": "7350862000", "costOfRevenue": "6038482000", "costofGoodsAndServicesSold": "6038482000", "operatingIncome": "325014000", "sellingGeneralAndAdministrative": "916041000", "researchAndDevelopment": "0", "operatingExpenses": "7025848000", "investmentIncomeNet": "None", "netInterestIncome": "None", "interestIncome": "None", "interestExpense": "17867000", "nonInterestIncome": "None", "otherNonOperatingIncome": "None", "depreciation": "None", "depreciationAndAmortization": "53458000", "incomeBeforeTax": "325014000", "incomeTaxExpense": "115118000", "interestAndDebtExpense": "None", "netIncomeFromContinuingOperations": "0", "comprehensiveIncomeNetOfTax": "None", "ebit": "325014000", "ebitda": "378472000", "netIncome": "209896000"}, {"fiscalDateEnding": "2008-03-31", "reportedCurrency": "USD", "grossProfit": "6959704000", "totalRevenue": "6959704000", "costOfRevenue": "5818034000", "costofGoodsAndServicesSold": "5818034000", "operatingIncome": "123928000", "sellingGeneralAndAdministrative": "950445000", "researchAndDevelopment": "0", "operatingExpenses": "6835776000", "investmentIncomeNet": "None", "netInterestIncome": "None", "interestIncome": "None", "interestExpense": "16339000", "nonInterestIncome": "None", "otherNonOperatingIncome": "None", "depreciation": "None", "depreciationAndAmortization": "50958000", "incomeBeforeTax": "123928000", "incomeTaxExpense": "43758000", "interestAndDebtExpense": "None", "netIncomeFromContinuingOperations": "0", "comprehensiveIncomeNetOfTax": "None", "ebit": "123928000", "ebitda": "174886000", "netIncome": "80170000"}, {"fiscalDateEnding": "2007-12-31", "reportedCurrency": "USD", "grossProfit": "6338795000", "totalRevenue": "6338795000", "costOfRevenue": "4912251000", "costofGoodsAndServicesSold": "4912251000", "operatingIncome": "358987000", "sellingGeneralAndAdministrative": "1000376000", "researchAndDevelopment": "0", "operatingExpenses": "5979808000", "investmentIncomeNet": "None", "netInterestIncome": "None", "interestIncome": "None", "interestExpense": "18947000", "nonInterestIncome": "None", "otherNonOperatingIncome": "None", "depreciation": "None", "depreciationAndAmortization": "48234000", "incomeBeforeTax": "358987000", "incomeTaxExpense": "115768000", "interestAndDebtExpense": "None", "netIncomeFromContinuingOperations": "0", "comprehensiveIncomeNetOfTax": "None", "ebit": "358987000", "ebitda": "407221000", "netIncome": "243219000"}, {"fiscalDateEnding": "2007-09-30", "reportedCurrency": "USD", "grossProfit": "6319584000", "totalRevenue": "6319584000", "costOfRevenue": "4953862000", "costofGoodsAndServicesSold": "4953862000", "operatingIncome": "478502000", "sellingGeneralAndAdministrative": "829023000", "researchAndDevelopment": "0", "operatingExpenses": "5841082000", "investmentIncomeNet": "None", "netInterestIncome": "None", "interestIncome": "None", "interestExpense": "15947000", "nonInterestIncome": "None", "otherNonOperatingIncome": "None", "depreciation": "None", "depreciationAndAmortization": "42250000", "incomeBeforeTax": "478502000", "incomeTaxExpense": "176124000", "interestAndDebtExpense": "None", "netIncomeFromContinuingOperations": "0", "comprehensiveIncomeNetOfTax": "None", "ebit": "478502000", "ebitda": "520752000", "netIncome": "302378000"}, {"fiscalDateEnding": "2007-06-30", "reportedCurrency": "USD", "grossProfit": "6426797000", "totalRevenue": "6426797000", "costOfRevenue": "5190418000", "costofGoodsAndServicesSold": "5190418000", "operatingIncome": "339590000", "sellingGeneralAndAdministrative": "826459000", "researchAndDevelopment": "0", "operatingExpenses": "6087207000", "investmentIncomeNet": "None", "netInterestIncome": "None", "interestIncome": "None", "interestExpense": "16066000", "nonInterestIncome": "None", "otherNonOperatingIncome": "None", "depreciation": "None", "depreciationAndAmortization": "54264000", "incomeBeforeTax": "339590000", "incomeTaxExpense": "122744000", "interestAndDebtExpense": "None", "netIncomeFromContinuingOperations": "0", "comprehensiveIncomeNetOfTax": "None", "ebit": "339590000", "ebitda": "393854000", "netIncome": "216846000"}, {"fiscalDateEnding": "2007-03-31", "reportedCurrency": "USD", "grossProfit": "6204813000", "totalRevenue": "6204813000", "costOfRevenue": "5214000000", "costofGoodsAndServicesSold": "5214000000", "operatingIncome": "112221000", "sellingGeneralAndAdministrative": "820610000", "researchAndDevelopment": "0", "operatingExpenses": "6092592000", "investmentIncomeNet": "None", "netInterestIncome": "None", "interestIncome": "None", "interestExpense": "17918000", "nonInterestIncome": "None", "otherNonOperatingIncome": "None", "depreciation": "None", "depreciationAndAmortization": "40064000", "incomeBeforeTax": "112221000", "incomeTaxExpense": "40980000", "interestAndDebtExpense": "None", "netIncomeFromContinuingOperations": "0", "comprehensiveIncomeNetOfTax": "None", "ebit": "112221000", "ebitda": "152285000", "netIncome": "71241000"}, {"fiscalDateEnding": "2006-12-31", "reportedCurrency": "USD", "grossProfit": "5655219000", "totalRevenue": "5655219000", "costOfRevenue": "4541775000", "costofGoodsAndServicesSold": "4541775000", "operatingIncome": "241181000", "sellingGeneralAndAdministrative": "817038000", "researchAndDevelopment": "0", "operatingExpenses": "5414038000", "investmentIncomeNet": "None", "netInterestIncome": "None", "interestIncome": "None", "interestExpense": "15806000", "nonInterestIncome": "None", "otherNonOperatingIncome": "None", "depreciation": "None", "depreciationAndAmortization": "39419000", "incomeBeforeTax": "241181000", "incomeTaxExpense": "86160000", "interestAndDebtExpense": "None", "netIncomeFromContinuingOperations": "0", "comprehensiveIncomeNetOfTax": "None", "ebit": "241181000", "ebitda": "280600000", "netIncome": "155021000"}, {"fiscalDateEnding": "2006-09-30", "reportedCurrency": "USD", "grossProfit": "5649784000", "totalRevenue": "5649784000", "costOfRevenue": "4616002000", "costofGoodsAndServicesSold": "4616002000", "operatingIncome": "249374000", "sellingGeneralAndAdministrative": "729722000", "researchAndDevelopment": "0", "operatingExpenses": "5400410000", "investmentIncomeNet": "None", "netInterestIncome": "None", "interestIncome": "None", "interestExpense": "17009000", "nonInterestIncome": "None", "otherNonOperatingIncome": "None", "depreciation": "None", "depreciationAndAmortization": "37677000", "incomeBeforeTax": "249374000", "incomeTaxExpense": "90176000", "interestAndDebtExpense": "None", "netIncomeFromContinuingOperations": "0", "comprehensiveIncomeNetOfTax": "None", "ebit": "249374000", "ebitda": "287051000", "netIncome": "159198000"}, {"fiscalDateEnding": "2006-06-30", "reportedCurrency": "USD", "grossProfit": "5407169000", "totalRevenue": "5407169000", "costOfRevenue": "4479501000", "costofGoodsAndServicesSold": "4479501000", "operatingIncome": "140322000", "sellingGeneralAndAdministrative": "733863000", "researchAndDevelopment": "0", "operatingExpenses": "5266847000", "investmentIncomeNet": "None", "netInterestIncome": "None", "interestIncome": "None", "interestExpense": "16887000", "nonInterestIncome": "None", "otherNonOperatingIncome": "None", "depreciation": "None", "depreciationAndAmortization": "36596000", "incomeBeforeTax": "140322000", "incomeTaxExpense": "50833000", "interestAndDebtExpense": "None", "netIncomeFromContinuingOperations": "0", "comprehensiveIncomeNetOfTax": "None", "ebit": "140322000", "ebitda": "176918000", "netIncome": "89489000"}, {"fiscalDateEnding": "2006-03-31", "reportedCurrency": "USD", "grossProfit": "4704365000", "totalRevenue": "4704365000", "costOfRevenue": "3783926000", "costofGoodsAndServicesSold": "3783926000", "operatingIncome": "131208000", "sellingGeneralAndAdministrative": "740886000", "researchAndDevelopment": "0", "operatingExpenses": "4573157000", "investmentIncomeNet": "None", "netInterestIncome": "None", "interestIncome": "None", "interestExpense": "13439000", "nonInterestIncome": "None", "otherNonOperatingIncome": "None", "depreciation": "None", "depreciationAndAmortization": "34906000", "incomeBeforeTax": "131208000", "incomeTaxExpense": "47493000", "interestAndDebtExpense": "None", "netIncomeFromContinuingOperations": "0", "comprehensiveIncomeNetOfTax": "None", "ebit": "131208000", "ebitda": "166114000", "netIncome": "83715000"}, {"fiscalDateEnding": "2005-12-31", "reportedCurrency": "USD", "grossProfit": "3663080000", "totalRevenue": "3663080000", "costOfRevenue": "2914831000", "costofGoodsAndServicesSold": "2914831000", "operatingIncome": "99216000", "sellingGeneralAndAdministrative": "604977000", "researchAndDevelopment": "0", "operatingExpenses": "3563864000", "investmentIncomeNet": "None", "netInterestIncome": "None", "interestIncome": "None", "interestExpense": "10329000", "nonInterestIncome": "None", "otherNonOperatingIncome": "None", "depreciation": "None", "depreciationAndAmortization": "33727000", "incomeBeforeTax": "99216000", "incomeTaxExpense": "34609000", "interestAndDebtExpense": "None", "netIncomeFromContinuingOperations": "0", "comprehensiveIncomeNetOfTax": "None", "ebit": "99216000", "ebitda": "132943000", "netIncome": "64607000"}, {"fiscalDateEnding": "2005-09-30", "reportedCurrency": "USD", "grossProfit": "3821461000", "totalRevenue": "3821461000", "costOfRevenue": "3089598000", "costofGoodsAndServicesSold": "3089598000", "operatingIncome": "66678000", "sellingGeneralAndAdministrative": "611300000", "researchAndDevelopment": "0", "operatingExpenses": "3754783000", "investmentIncomeNet": "None", "netInterestIncome": "None", "interestIncome": "None", "interestExpense": "10141000", "nonInterestIncome": "None", "otherNonOperatingIncome": "None", "depreciation": "None", "depreciationAndAmortization": "34119000", "incomeBeforeTax": "66678000", "incomeTaxExpense": "19871000", "interestAndDebtExpense": "None", "netIncomeFromContinuingOperations": "0", "comprehensiveIncomeNetOfTax": "None", "ebit": "66678000", "ebitda": "100797000", "netIncome": "46807000"}, {"fiscalDateEnding": "2005-06-30", "reportedCurrency": "USD", "grossProfit": "3546361000", "totalRevenue": "3546361000", "costOfRevenue": "2888509000", "costofGoodsAndServicesSold": "2888509000", "operatingIncome": "124848000", "sellingGeneralAndAdministrative": "486460000", "researchAndDevelopment": "0", "operatingExpenses": "3421513000", "investmentIncomeNet": "None", "netInterestIncome": "None", "interestIncome": "None", "interestExpense": "10322000", "nonInterestIncome": "None", "otherNonOperatingIncome": "None", "depreciation": "None", "depreciationAndAmortization": "31763000", "incomeBeforeTax": "124848000", "incomeTaxExpense": "43436000", "interestAndDebtExpense": "None", "netIncomeFromContinuingOperations": "0", "comprehensiveIncomeNetOfTax": "None", "ebit": "124848000", "ebitda": "156611000", "netIncome": "81412000"}, {"fiscalDateEnding": "2005-03-31", "reportedCurrency": "USD", "grossProfit": "3387225000", "totalRevenue": "3387225000", "costOfRevenue": "2753733000", "costofGoodsAndServicesSold": "2753733000", "operatingIncome": "116680000", "sellingGeneralAndAdministrative": "479040000", "researchAndDevelopment": "0", "operatingExpenses": "3270545000", "investmentIncomeNet": "None", "netInterestIncome": "None", "interestIncome": "None", "interestExpense": "8523000", "nonInterestIncome": "None", "otherNonOperatingIncome": "None", "depreciation": "None", "depreciationAndAmortization": "29249000", "incomeBeforeTax": "116680000", "incomeTaxExpense": "9945000", "interestAndDebtExpense": "None", "netIncomeFromContinuingOperations": "0", "comprehensiveIncomeNetOfTax": "None", "ebit": "116680000", "ebitda": "145929000", "netIncome": "106735000"}, {"fiscalDateEnding": "2004-12-31", "reportedCurrency": "USD", "grossProfit": "3209625000", "totalRevenue": "3209625000", "costOfRevenue": "2645480000", "costofGoodsAndServicesSold": "2645480000", "operatingIncome": "63251000", "sellingGeneralAndAdministrative": "461169000", "researchAndDevelopment": "0", "operatingExpenses": "3146374000", "investmentIncomeNet": "None", "netInterestIncome": "None", "interestIncome": "None", "interestExpense": "6648000", "nonInterestIncome": "None", "otherNonOperatingIncome": "None", "depreciation": "None", "depreciationAndAmortization": "33077000", "incomeBeforeTax": "63251000", "incomeTaxExpense": "16125000", "interestAndDebtExpense": "None", "netIncomeFromContinuingOperations": "0", "comprehensiveIncomeNetOfTax": "None", "ebit": "63251000", "ebitda": "96328000", "netIncome": "47126000"}]}